2081 3038
295 256 358 305 30
768 260 1407 334 ursi-onmium
1612 248 1887 327 (amma.

295 361 499 431 positus
521 360 898 432 probatusque,
921 360 1104 415 servili
1124 360 1371 432 deinceps
1400 359 1593 433 probro
1611 377 1894 433 respersus

293 446 390 499 est,
432 446 705 508 tamquam
741 436 1009 509 scyphum
1050 454 1273 491 aureum
1311 438 1369 490 in
1406 435 1652 491 convivio
1677 434 1893 492 Claudii

295 510 526 565 furatus:
569 520 620 566 et
647 512 903 567 Claudius
931 518 1135 583 postera
1161 512 1249 566 die
1266 510 1364 565 soli
1383 512 1625 566 omnium
1646 512 1809 568 Vinio
1828 512 1899 567 fi-

291 586 508 641 ctilibus
547 588 838 641 ministrari
878 588 1054 642 iussit.
1134 586 1238 641 Sed
1275 586 1467 641 Vinius
1512 586 1903 659 proconsulatu

295 660 522 716 Galliam
561 662 958 717 Narbonensem
987 678 1171 717 severe
1196 664 1507 735 integreque
1532 663 1685 717 rexit.
1765 663 1895 718 Mox

295 736 493 791 Galbae
521 738 752 792 amicitia
777 738 834 792 in
864 737 1152 824 abruptum
1178 745 1394 801 tractae,
1424 736 1617 801 audax,
1640 736 1891 801 callidus,

294 820 592 883 promptus»,
632 820 700 876 et,
743 821 899 882 prout
927 813 1169 866 animum
1200 812 1529 876 intendisset,
1571 829 1772 884 pravus
1800 822 1895 868 aut

294 887 611 952 industrius,
635 886 817 941 eadem
839 887 911 942 vi.
987 887 1381 943 Testamentum
1404 888 1466 942 T.
1489 888 1655 952 Vinii,
1680 889 1894 962 magni-

295 961 478 1017 tudine
496 978 680 1033 opum,
703 962 946 1017 inritum.
1005 963 1215 1017 Pisonis
1235 979 1541 1035 supremam
1563 963 1891 1018 voluntatem

293 1046 572 1108 paupertas
595 1037 842 1092 firmavit.

405 1115 487 1166 49.
533 1111 730 1167 Galbae
759 1128 951 1183 corpus
979 1111 1072 1168 diu
1102 1111 1400 1187 neglectum
1428 1121 1477 1167 et
1506 1112 1715 1167 licentia
1744 1121 1892 1167 tene-

293 1185 510 1241 brarum
540 1186 791 1257 plurimis
813 1186 1063 1242 ludibriis
1082 1196 1355 1252 vexatum,
1381 1187 1711 1258 dispensator
1731 1188 1892 1261 Argi-

292 1279 379 1325 us,
402 1277 432 1316 e
455 1261 722 1350 prioribus
742 1263 932 1328 serviS,
945 1262 1141 1317 humili
1162 1263 1469 1335 sepultura
1456 1281 1509 1318 m
1533 1263 1755 1334 privatis
1772 1264 1891 1317 eius

295 1337 458 1392 hortis
480 1339 725 1393 contexit.
808 1337 996 1409 Caput,
1019 1355 1115 1411 per
1134 1337 1271 1394 lixas
1291 1337 1607 1410 calonesque
1627 1336 1891 1393 suffixum

293 1412 706 1485 laceratumque,
721 1421 840 1467 ante
859 1414 1087 1471 Patrobii
1109 1414 1381 1469 tumulum
1398 1413 1639 1487 (libertus
1663 1414 1709 1467 is
1726 1414 1895 1467 Nero-

295 1489 398 1553 nis,
430 1490 653 1561 punitus
673 1506 702 1544 a
725 1489 890 1545 Galba
918 1488 1104 1563 fuerat)
1133 1497 1338 1561 postera
1364 1489 1582 1544 demum
1603 1488 1690 1543 die
1711 1505 1895 1561 reper-

294 1574 408 1619 tum
427 1575 478 1619 et
497 1574 725 1620 cremato
750 1567 856 1620 iam
879 1567 1083 1637 corpori
1104 1565 1401 1620 admixtum
1424 1573 1520 1619 est.
1602 1565 1757 1619 Hunc
1777 1565 1893 1618 exi-

293 1648 408 1693 tum
449 1639 637 1694 habuit
670 1639 784 1694 Ser.
829 1641 1015 1706 Galba,
1065 1640 1235 1694 tribus
1273 1648 1325 1696 et
1362 1641 1694 1713 septuaginta
1734 1641 1893 1695 annis

293 1715 536 1802 quinque
555 1715 825 1787 principes
845 1732 1096 1787 prospera
1128 1713 1333 1770 fortuna
1355 1733 1626 1778 emensuS,
1651 1722 1701 1769 et
1718 1713 1894 1771 alieno

294 1789 518 1860 imperio
539 1788 756 1855 felicior,
779 1807 943 1861 quam
963 1808 1081 1845 suo,
1137 1790 1336 1845 Vetus
1321 1809 1378 1844 in
1399 1788 1598 1844 familia
1613 1757 1891 1857 nobilitas,

295 1882 516 1954 magnae
533 1881 688 1936 opes:
731 1867 835 1936 ipsi
864 1865 1141 1920 medium
1124 1867 1424 1939 ingenium,
1448 1865 1620 1938 magis
1642 1873 1787 1920 extra
1809 1866 1893 1921 vi-

294 1941 383 2004 tia,
407 1957 572 2012 quam
593 1958 717 1995 cum
739 1940 1043 1996 virtutibus.
1118 1942 1311 1996 Famae
1332 1958 1428 1995 nec
1446 1957 1769 2004 incuriosus
1796 1959 1894 1996 nec

297 2015 606 2071 venditator.
685 2017 944 2071 Pecuniae
971 2015 1173 2071 alienae
1199 2034 1303 2071 non
1325 2016 1594 2087 adpetenS,
1618 2033 1749 2074 suae
1768 2033 1895 2087 par-

292 2109 408 2155 cus,
439 2091 684 2162 publicae
703 2109 914 2147 avarus,
994 2092 1305 2148 Amicorum
1331 2091 1771 2163 libertorumque,
1796 2091 1895 2147 uhi

294 2167 348 2220 in
391 2166 556 2222 bonos
598 2167 897 2234 incidisset,
944 2168 1063 2223 sine
1099 2167 1507 2239 reprehensione
1547 2167 1782 2237 patiens;
1846 2167 1897 2221 si

295 2240 423 2295 mali
465 2240 650 2306 forent,
692 2259 867 2314 usque
894 2242 961 2298 ad
990 2242 1247 2314 culpam
1230 2259 1471 2316 ignarus
1551 2240 1655 2295 Sed
1682 2241 1899 2297 claritas

297 2315 549 2371 natalium
571 2326 623 2374 et
643 2325 817 2372 metus
836 2325 1136 2390 temporum
1155 2317 1413 2387 obtentui,
1444 2326 1521 2381 ut,
1546 2315 1692 2389 quod
1710 2319 1898 2390 segni-

294 2392 362 2445 tia
383 2400 510 2455 erat,
539 2393 793 2463 sapientia
817 2402 1108 2448 vocaretur.
1186 2394 1327 2448 Dum
1358 2392 1570 2466 vigebat
1596 2399 1757 2456 aetas,
1788 2395 1899 2448 mi·-

295 2466 430 2522 litari
457 2466 610 2522 laude
629 2468 772 2540 apud
793 2467 1106 2524 Germanias
1126 2465 1319 2524 floruit.
1387 2468 1486 2523 Pro
1506 2467 1725 2524 consule
1744 2433 1899 2523 ’Afri-

294 2557 409 2594 cam
431 2541 721 2599 moderate}
763 2545 871 2598 iam
901 2545 1096 2609 senior,
1125 2543 1419 2599 citeriorem
1441 2543 1752 2631 Hispaniam
1775 2545 1894 2614 pari

294 2617 495 2670 iustitia
515 2619 802 2674 continuit.
861 2620 1029 2674 maior
1059 2618 1263 2689 privato
1283 2619 1454 2684 visua,
1496 2617 1628 2674 dum
1648 2618 1899 2691 privatus

296 2687 415 2753 fuit,
457 2699 508 2744 et
543 2694 788 2749 omnium
827 2711 1091 2750 consensu
1118 2711 1287 2767 capax
1312 2693 1546 2766 imperii,
1581 2694 1687 2748 nisi
1716 2694 1899 2766 impe-

297 2771 479 2819 rasset
