2081 3038
280 187 379 246 384
836 180 1306 244 Anxanum
1601 187 1880 262 (nmis.

282 299 393 352 lum
415 315 520 353 non
542 313 808 371 egressus.
860 298 1143 353 Tradidere
1163 296 1404 370 quidam,
1428 313 1694 352 venenum
1713 298 1761 352 ei
1783 315 1884 369 per

278 373 529 429 libertum
558 374 766 445 ipsius„
784 374 872 428 cui
898 386 1094 430 nomen
1121 371 1422 438 Cleonicus,
1453 379 1698 444 paratum
1718 373 1882 427 iussu

276 448 529 504 Neronis:
571 450 907 522 vitatumque
932 466 965 503 a
990 447 1208 514 Seneca,
1240 447 1534 521 proditione
1562 448 1756 513 liberti,
1781 465 1882 504 seu

277 525 488 596 propria
527 522 829 591 formidine,
867 524 999 580 dum
1035 522 1270 595 simplici
1307 523 1455 578 victu
1490 530 1543 579 et
1577 522 1884 597 agrestibus

278 601 471 670 pomis,
514 616 594 667 ac,
636 601 685 658 si
712 600 831 655 sitis
860 599 1182 664 admoneret,
1221 596 1514 671 profluente
1541 615 1681 671 aqua
1711 599 1881 654 vitam

277 674 478 730 tolerat.

385 753 469 807 46.
513 751 612 805 Per
648 750 791 806 idem
832 758 1046 822 tempus
1082 747 1397 824 gladiatores
1437 746 1582 820 apud
1615 746 1880 820 oppidum

278 826 573 891 Praeneste,
606 832 797 881 tentata
820 827 1118 898 eruptione,
1145 823 1410 898 praesidio
1432 822 1641 889 militis,
1664 822 1762 896 qui
1781 839 1884 878 cu-

276 911 384 956 stos
424 900 619 967 aderat,
660 901 872 956 coerciti
910 910 1067 957 sunt:
1119 902 1226 955 iam
1265 898 1579 971 Spartacum
1617 906 1668 954 et
1700 907 1882 955 vetera

278 975 414 1030 mala
442 976 749 1031 rumoribus
776 974 974 1031 ferente
992 975 1210 1049 populo,
1240 983 1299 1030 ut
1316 982 1396 1030 est
1414 991 1673 1030 novarum
1693 990 1882 1030 rerum

276 1052 497 1122 cupiens
518 1049 875 1124 pavidusque.
954 1052 1066 1106 Nec
1094 1049 1264 1106 multo
1281 1057 1402 1122 post
1419 1047 1594 1106 clades
1614 1050 1692 1105 rei
1711 1066 1884 1106 nava-

276 1126 343 1180 lis
362 1124 648 1198 accipitur:
688 1143 795 1180 non
816 1125 984 1183 bello:
1009 1127 1214 1199 quippe
1231 1125 1377 1180 haud
1396 1122 1528 1180 alias
1546 1132 1655 1180 tam
1674 1126 1880 1180 inmota

274 1217 407 1272 pax:
450 1199 546 1255 sed
573 1207 776 1256 certum
805 1201 871 1255 ad
898 1201 1044 1256 diem
1074 1202 1131 1256 in
1162 1199 1508 1273 Campaniam
1537 1200 1712 1255 redire
1739 1198 1883 1255 clas-

275 1291 389 1330 sem
416 1275 556 1331 Nero
582 1277 826 1342 iusserat,
856 1293 962 1331 non
984 1276 1218 1348 exceptis
1239 1277 1404 1332 maris
1421 1275 1656 1332 casibus,
1734 1275 1884 1349 Ergo

274 1351 651 1424 gubernatores
668 1392 682 1417 ,
721 1353 973 1424 quamvis
1012 1352 1281 1408 saeviente
1316 1349 1532 1424 pelago,
1575 1368 1606 1406 a
1645 1351 1882 1406 Formiis

248 1443 515 1497 ,moverez
558 1435 609 1481 et
629 1427 782 1500 gravi
811 1425 1008 1493 Africo,
1050 1426 1184 1481 dum
1221 1427 1643 1499 promontorium
1682 1426 1882 1482 Miseni

275 1519 526 1575 superare
544 1500 886 1569 contendunt,
912 1501 1170 1560 Cumanis
1192 1501 1457 1572 littoribus
1477 1503 1696 1575 inpacti,
1721 1503 1882 1559 trire-

274 1580 445 1634 mium
468 1577 752 1651 plerasque
771 1588 821 1634 et
840 1582 1044 1636 minora
1065 1579 1277 1653 navigia
1295 1578 1496 1650 passim
1517 1579 1836 1633 amiserunt.

384 1654 469 1709 4¹⁷.
511 1652 646 1708 Fine
680 1656 808 1709 anni
847 1654 1136 1727 vulgantur
1173 1653 1444 1727 prodigia,
1490 1652 1878 1709 inminentium

275 1727 539 1783 malorum
566 1730 773 1784 nuntia.
852 1728 947 1786 Vis
968 1727 1247 1801 fulgurum
1275 1746 1380 1783 non
1401 1728 1530 1783 alias
1550 1728 1804 1795 crebrior,
1826 1738 1882 1784 et

274 1802 425 1858 sidus
449 1811 697 1869 cometes,
728 1804 981 1879 sanguini
1001 1804 1218 1859 inlustri
1242 1820 1453 1875 semper
1475 1804 1670 1859 Neroni
1691 1805 1882 1877 expia-

276 1889 410 1935 tum.
488 1878 739 1951 Bicipites
766 1878 1049 1934 hominum
1077 1877 1371 1934 aliorumve
1399 1878 1715 1934 animalium
1750 1896 1883 1951 par-

276 1963 363 2009 tus
391 1952 579 2009 abiecti
608 1954 665 2009 in
694 1952 993 2025 publicum,
1024 1961 1118 2009 aut
1136 1954 1192 2008 in
1213 1953 1509 2020 sacrificiiS,
1530 1954 1734 2027 quibus
1752 1972 1882 2029 gra-

272 2029 426 2086 vidas
464 2028 665 2085 hostias
698 2028 957 2084 inmolare
997 2046 1114 2085 mos
1139 2037 1238 2094 est,
1281 2029 1492 2100 reperti.
1571 2028 1639 2083 Et
1666 2030 1724 2085 in
1747 2047 1882 2103 agro

274 2105 596 2170 Placentino,
629 2104 773 2160 viam
804 2113 1035 2177 propter,
1071 2114 1227 2158 natus
1257 2102 1482 2169 vitulus,
1513 2105 1602 2159 cui
1629 2114 1792 2177 caput
1818 2106 1878 2159 in

273 2180 429 2235 cr'ure
447 2187 605 2234 esset.
669 2177 967 2253 Secutaque
984 2178 1334 2254 haruspicum
1353 2180 1737 2251 interpretatio':
1771 2198 1882 2249 pa-

271 2260 393 2312 rari
418 2272 596 2311 rerum
618 2256 966 2310 humanarum
982 2258 1132 2310 aliud
1153 2262 1336 2323 caput.-
1375 2258 1466 2309 ced
1486 2271 1591 2310 non
1607 2260 1720 2325 sore
1736 2258 1883 2311 vali-

273 2335 412 2395 dum,
434 2348 597 2400 neque
614 2332 899 2400 occultum;
939 2335 1065 2401 quia
1084 2333 1141 2385 in
1158 2338 1306 2384 utero
1325 2345 1631 2399 repressum,
1657 2340 1752 2385 aut
1777 2334 1884 2385 iter

274 2411 429 2460 iuxta
449 2410 640 2461 editum
658 2410 743 2460 sit.
1890 2469 1900 2478 ,
1936 2453 1954 2475 ,

383 2482 467 2535 48.
511 2480 701 2537 Ineunt
718 2480 910 2536 deinde
929 2478 1266 2535 consulatum
1291 2477 1458 2535 Silius
1477 2478 1650 2536 Nerva
1671 2488 1722 2534 et
1739 2479 1884 2535 Atti-

274 2570 371 2608 cus
408 2555 682 2621 Vestinus,
723 2563 901 2629 coepta
941 2554 1106 2611 simul
1147 2563 1197 2609 et
1234 2563 1386 2610 aucta
1411 2555 1794 2620 coniuratione,
1820 2558 1882 2611 in

274 2644 439 2698 quam
468 2632 705 2685 certatim
736 2632 953 2686 nomina
978 2630 1230 2699 dederant
1248 2639 1534 2695 senatores,
1558 2646 1746 2702 eques,
1773 2632 1884 2686 mi-

276 2699 372 2764 les,
396 2701 625 2758 feminae
643 2706 823 2773 etiam,
844 2722 967 2761 cum
990 2705 1113 2760 odio
1130 2706 1377 2772 Neronis,
1403 2713 1517 2761 tum
1541 2704 1718 2762 favore
1732 2707 1794 2761 in
1815 2705 1880 2763 C.
