2081 3038
188 263 435 336 Α.ο.14.)
472 279 481 288 ·
612 273 773 317 ιιΒ.
812 271 1082 322 1..cAP.
1122 273 1366 320 47-49,
1733 269 1786 320 34

193 389 303 446 que
320 371 595 444 publicam
613 373 673 426 in
690 387 878 428 casum
896 372 1042 429 dare.
1107 373 1274 430 Multa
1294 375 1498 447 quippe
1515 379 1570 430 et
1585 371 1797 432 diversa

191 447 481 522 angebant:
525 451 756 502 validior
770 465 866 515 per
888 448 1224 511 Germaniam
1251 458 1544 504 exercilus:
1577 454 1798 518 propior

187 526 333 592 apud
361 524 712 580 Pannoniam:
750 526 842 578 ille
878 523 1178 580 Galliarum
1205 528 1386 592 opibus
1401 528 1685 589 subnixus,
1714 527 1798 580 hie

192 600 381 656 Italiae
398 598 696 652 iniminens:
720 613 849 667 quos
859 603 1031 668 ἐρίων
1049 597 1370 668 anteferret?
1405 617 1487 662 ae,
1507 617 1572 654 ne
1584 609 1798 670 postpo-

187 679 279 728 siti
324 675 637 730 contumelia
677 676 1098 734 immorentur.
1173 679 1244 730 At
1285 691 1382 742 per
1426 677 1561 742 filios
1594 680 1800 742 pariter

186 752 349 812 adiri,
362 753 631 804 maiestate
648 752 827 816 salva;
846 752 933 804 cui
950 753 1122 804 maior
1140 767 1169 803 e
1189 751 1469 818 longinquo
1486 756 1795 806 reverentia.

188 823 362 878 Simul
388 827 799 878 adulescentibus
822 833 1157 888 excusatum,
1199 827 1457 894 quaedam
1493 827 1566 878 ad
1593 834 1800 892 patrem

188 903 434 954 reiicere:
470 903 856 968 resistentisque
878 898 1188 954 Germanico
1212 909 1306 956 aut
1323 901 1500 954 Druso
1524 916 1676 966 posse
1693 919 1730 954 a
1745 917 1800 957 se

186 979 451 1044 mitigari,
478 977 561 1030 vel
589 978 832 1043 infriuqi.
888 973 1035 1038 Quod
1053 977 1204 1028 aliud
1221 977 1531 1038 subsidium,
1559 982 1612 1029 si
1634 979 1800 1043 impe-

190 1058 419 1104 ratorem
446 1047 795 1116 sprevissent?
834 1047 1080 1104 Ceterum
1097 1091 1110 1114 ‚
1141 1057 1203 1106 ut
1228 1050 1333 1104 iam
1360 1050 1580 1121 iamque
1598 1051 1794 1116 itui-ue,

189 1122 318 1198 legit
332 1125 585 1188 comites,
618 1123 948 1195 conquisivit
966 1124 1346 1195 impedimenta
1363 1166 1376 1189 ,
1406 1125 1683 1182 adornavit
1701 1143 1796 1180 na-

190 1215 315 1254 ves:
358 1215 485 1254 mox
502 1199 737 1254 hiemem
758 1207 851 1254 aut
869 1201 1077 1272 negotia
1106 1201 1252 1254 varie
1282 1207 1588 1266 caussatm,
1619 1201 1798 1272 prImo

177 1273 499 1346 'pn-ndentes,
522 1274 647 1330 dein
671 1274 917 1348 vulgum,
941 1274 1248 1330 diutissime
1265 1272 1567 1346 provincias
1589 1275 1792 1332 fefellit.

305 1391 388 1445 48.
431 1385 499 1446 At
518 1389 891 1454 Germanicae,
906 1405 1240 1462 quamquam
1260 1397 1521 1445 contracto
1538 1391 1792 1456 exercitu,

190 1473 241 1519 et
260 1472 439 1541 parata
462 1465 517 1519 in
539 1464 824 1521 defectores
843 1463 1047 1519 ultione
1063 1507 1077 1531 ,
1109 1462 1347 1521 dandum
1367 1465 1542 1521 adhuc
1561 1467 1794 1539 spatium

190 1550 368 1605 ratus,
400 1539 673 1597 simoenti
703 1540 946 1613 exemplo
974 1540 1082 1597 sibi
1110 1541 1216 1613 ipsi
1245 1541 1610 1606 consulerent,
1641 1558 1797 1613 prae-

191 1615 355 1671 mittit
375 1614 573 1671 litteras
593 1614 661 1671 ad
680 1614 961 1671 Caecinam
976 1659 989 1682 ‚
1021 1614 1198 1670 venire
1216 1632 1272 1670 se
1287 1618 1470 1670 valida
1490 1633 1674 1681 mana,
1707 1610 1790 1681 ac',

188 1696 249 1746 ni
266 1694 577 1759 supplicium
594 1694 651 1746 in
668 1694 833 1745 malos
847 1698 1224 1761 praesumant,
1255 1707 1472 1745 usurum
1495 1695 1795 1759 promiscua

193 1770 364 1822 caede.
438 1764 544 1821 Eas
564 1764 786 1821 Caecina
806 1762 1105 1839 aquiliferis
1134 1764 1514 1840 signiferisque
1529 1808 1541 1832 ,
1574 1773 1626 1821 et
1652 1766 1796 1839 quod

192 1840 429 1897 maxime
444 1850 737 1898 castrorum
756 1842 1026 1897 sincerum
1049 1848 1176 1909 erat,
1198 1840 1402 1897 occulte
1419 1843 1618 1909 recitat,
1642 1851 1797 1911 utque

193 1926 403 1971 cunctos
420 1920 685 1988 infamiae,
706 1932 761 1972 se
785 1922 923 1987 ipsos
940 1922 1098 1973 morti
1116 1922 1365 1982 eximant,
1387 1916 1651 1973 hortatur:
1675 1936 1796 1971 nam

190 1997 249 2046 in
270 2008 401 2061 pace
430 2010 643 2049 caussas
669 2002 716 2047 et
745 1997 931 2048 merita
949 1998 1206 2063 spectari:
1249 1996 1340 2047 ubi
1359 1996 1544 2046 bellum
1563 1997 1795 2061 inq-ruat,

189 2074 485 2123 innocentes
517 2083 581 2123 ae
600 2073 789 2123 noxios
812 2072 967 2122 iuxta
990 2073 1188 2123 cadere.
1269 2066 1372 2132 Illi,
1396 2067 1634 2132 tentatie,
1659 2082 1796 2139 quos

191 2143 409 2199 idoneos
431 2143 999 2217 rebantur,postquam
1020 2144 1276 2197 m‘aiorem
1299 2140 1570 2216 legionum
1589 2149 1794 2213 partem

190 2221 250 2274 in
278 2216 451 2274 officio
478 2216 690 2284 vident,
720 2214 785 2272 de
813 2218 1070 2273 sententia
1101 2217 1117 2273 l
1189 2218 1259 2273 ati
1293 2224 1533 2273 statuunt
1562 2224 1792 2287 tempus„

188 2310 302 2367 quo
321 2290 691 2349 foedissimum
712 2308 984 2366 quemque
1004 2303 1128 2348 etse
1167 2294 1316 2349 itioni
1333 2296 1640 2367 promptum
1662 2290 1798 2345 ferro

191 2368 467 2425 invadant.
546 2365 700 2423 Tunc
713 2410 727 2434 ,
750 2368 905 2443 signo
923 2370 1061 2425 inter
1081 2384 1140 2423 se
1159 2368 1278 2423 dato
1293 2411 1306 2436 ,
1331 2370 1651 2439 inrumpunt
1671 2384 1796 2421 con-

188 2444 465 2510 tubernia,
500 2444 762 2501 trucidant
792 2444 1033 2519 ignaros:
1075 2442 1252 2509 nullo,
1288 2444 1393 2499 nisi
1414 2444 1669 2508 consciiS,
1702 2458 1796 2496 no—

188 2528 391 2585 scente,
418 2518 564 2593 quod
583 2518 761 2575 caedis
786 2518 1025 2587 initium,
1049 2520 1176 2593 quis
1197 2518 1342 2573 finiS.

304 2631 390 2688 49.
433 2630 651 2687 Diversa
668 2630 933 2695 omnium,
957 2646 1095 2701 quae
1115 2646 1355 2699 unquam
1377 2626 1610 2683 accidere
1628 2668 1640 2692 ,
1663 2627 1798 2683 civi·-

190 2704 331 2761 lium
360 2722 633 2761 armorum
664 2703 845 2761 facies.
924 2706 1040 2761 Non
1073 2702 1275 2775 proelio
1289 2744 1304 2767 ,
1347 2720 1452 2757 non
1490 2702 1730 2757 adversis
1769 2718 1798 2753 e

189 2780 409 2846 castris,
443 2780 541 2836 sed
571 2778 759 2837 iisdem
792 2797 821 2837 e
840 2777 1143 2843 cubilibus»,
1173 2794 1312 2849 quos
1339 2776 1502 2833 simul
1533 2775 1796 2832 vescentis
