2081 3038
334 257 431 316 tw
888 265 1133 312 ANNA
1157 267 1364 312 mum
1661 257 1731 332 (A.
1757 280 1809 315 u.
1837 272 1949 317 77⁹.

330 371 519 424 liberos
556 369 668 421 eius
703 370 933 434 recipere
975 371 1336 437 «liquarentur.
1413 365 1516 422 Sed
1556 367 1748 424 Caesar
1763 410 1776 432 ,
1834 386 1949 424 non

327 443 572 517 ignarus,
602 449 868 515 quantum
896 457 965 498 ex
991 440 1204 513 republ.
1223 449 1516 514 peteretur;
1558 460 1628 498 ne
1654 450 1831 498 tamen
1861 441 1952 498 of·-

329 515 589 574 fensionis
628 523 721 571 aut
756 522 932 572 metus
971 515 1288 573 manifestus
1325 515 1475 584 foret,
1507 518 1629 572 sine,
1654 534 1944 590 responso,

327 589 662 666 quamquam
679 591 988 657 instantem,
1014 591 1254 664 reliquit.
1313 591 1374 646 Id
1393 609 1510 666 ego,
1533 609 1564 646 a
1583 593 1948 664 scriptoribus

329 666 605 740 annalium
627 682 735 722 non
753 665 1027 734 traditum,
1049 668 1222 740 reperi
1241 666 1299 724 in
1325 667 1720 723 commentariis
1737 667 1951 741 Agrip-

329 743 507 815 pinae,
531 741 701 798 filiae:
744 757 883 814 quae
901 739 1128 797 Neronis
1155 741 1419 814 principis
1443 749 1631 809 mater,
1653 741 1822 797 vitam
1845 761 1950 798 su-

330 837 418 874 am
438 826 489 874 et
506 833 666 873 casus
686 833 910 872 suorum
926 818 1154 890 posteris
1176 817 1510 874 memoravit.

439 893 525 952 54.
568 891 815 950 Ceterum
852 889 1079 946 Seianus
1117 899 1442 947 maerentem
1480 899 1532 947 et
1575 891 1948 964 improvidam

330 967 492 1023 altius
529 966 774 1038 perculit,
815 967 1082 1034 inmissis,
1121 965 1239 1040 qui,
1267 983 1364 1040 per
1392 965 1628 1040 speciem
1646 969 1944 1034 amicitiae,

331 1050 623 1107 monerent,
650 1050 901 1112 paratum
930 1047 979 1098 ei
1000 1060 1266 1107 venenum,
1289 1047 1532 1100 vitandas
1549 1047 1722 1098 soceri
1738 1046 1946 1113 epulas.

332 1119 507 1190 Atque
526 1115 638 1182 illa,
660 1115 1069 1172 simulationum
1090 1120 1289 1182 nescia,
1311 1132 1437 1173 cum
1457 1135 1556 1190 pro
1595 1126 1674 1173 ter
1694 1115 1950 1174 discum-

328 1193 496 1256 beret,
538 1207 644 1246 non
674 1190 831 1246 vultu
860 1199 953 1246 aut
978 1207 1223 1248 sermone
1250 1189 1386 1248 flecti
1401 1235 1415 1257 ,
1457 1191 1552 1249 nul
1575 1209 1636 1250 os
1665 1192 1950 1268 adtingere

330 1267 505 1322 cibos:
549 1265 719 1322 donec
743 1266 969 1322 advertit
986 1265 1254 1334 Tiberius,
1287 1265 1437 1334 forte,
1467 1285 1534 1324 an
1559 1269 1689 1342 quia
1714 1268 1949 1325 audive—

334 1349 440 1397 rat:
478 1341 647 1414 idque
675 1357 785 1414 quo
812 1342 987 1396 acrius
1016 1343 1367 1415 experiretur,
1465 1361 1572 1416 ma,
1596 1351 1657 1398 ut
1675 1351 1827 1402 erant
1844 1345 1947 1400 ad-

329 1418 521 1490 posita,
545 1416 789 1482 laudans,
814 1417 978 1472 nurui
1000 1433 1099 1472 sua
1119 1433 1284 1473 manu
1305 1425 1384 1472 tra
1425 1418 1538 1474 ‘dit.
1599 1418 1769 1474 Aucta
1789 1435 1856 1474 ex
1877 1437 1946 1476 eo

328 1492 569 1566 suspicio
606 1490 953 1567 Agrippinae,
995 1500 1046 1548 et
1083 1493 1274 1549 intacta
1310 1509 1429 1562 ore,
1475 1495 1648 1551 servis
1684 1495 1939 1564 tramisit.

331 1569 443 1624 Nec
469 1576 648 1624 tamen
677 1568 879 1624 Tiberii
910 1585 1013 1624 vox
1040 1586 1218 1625 coram
1245 1577 1444 1635 secuta,
1475 1569 1572 1625 sed
1588 1570 1850 1626 obversus
1871 1568 1944 1625 ad

332 1652 577 1710 matrem,
599 1660 703 1698 non
720 1646 927 1707 mirum,
951 1646 1043 1710 ait,
1055 1649 1106 1700 st·
1124 1648 1251 1714 quid
1266 1648 1496 1700 severius
1514 1649 1571 1700 in
1589 1662 1702 1700 eam
1718 1650 1942 1701 statuis-

275 1727 284 1735 “
330 1728 424 1782 aet,
453 1736 487 1773 α
516 1736 622 1788 qua
639 1722 872 1789 veneficii
887 1721 1298 1775 insimularetur.
1375 1718 1505 1775 Inde
1523 1737 1726 1786 rumor,
1743 1727 1944 1790 parari

331 1798 552 1848 exitium
564 1812 582 1847 :
620 1808 784 1863 nequo
800 1798 858 1848 id
875 1798 1238 1863 imperatorem
1250 1796 1434 1865 palam
1453 1798 1662 1867 cudere,
1686 1804 1938 1851 secretum

331 1872 402 1922 ad
416 1867 823 1937 perpetrandum
847 1873 1048 1938 quaeri.

441 1944 528 1998 55.
570 1940 676 1997 Sed
699 1941 910 2008 Caesar,
949 1960 1061 2017 quo
1087 1943 1286 2000 famam
1310 1952 1586 2011 averteret,
1629 1945 1815 2000 adesse
1833 1942 1936 2001 fre-

335 2034 509 2091 quens
533 2019 764 2084 senatui,
793 2017 1098 2092 legatosque
1115 2018 1292 2087 Asiae,
1317 2020 1668 2095 ambigentes,
1701 2036 1932 2093 quanam

332 2095 391 2150 in
410 2094 622 2149 civitate
641 2091 902 2166 templum
923 2099 1260 2161 statueretur,
1271 2092 1447 2167 pluris
1461 2110 1556 2169 per
1573 2094 1689 2150 dies
1709 2094 1932 2151 audivit.

335 2168 593 2225 Undecim
620 2168 784 2224 urbes
812 2167 1101 2234 certabant,
1129 2170 1247 2241 pari
1278 2168 1588 2235 ambitione,
1617 2168 1827 2225 viribus
1853 2170 1935 2225 di-

334 2260 548 2300 versae:
589 2259 767 2318 neque
786 2241 1019 2299 multum
1039 2242 1288 2299 distantia
1307 2244 1447 2301 inter
1470 2260 1528 2299 se
1552 2245 1932 2310 memorabant,

334 2320 401 2376 de
420 2327 680 2375 vetustate
697 2319 929 2393 generis,
953 2318 1130 2375 studio
1151 2319 1208 2373 in
1228 2318 1491 2393 populum
1501 2318 1821 2385 Romanuin,
1841 2338 1937 2392 per

334 2394 473 2451 bella
502 2394 653 2449 Persi
678 2402 731 2448 et
766 2393 1050 2448 Aristonici
1080 2390 1420 2469 aliorumque
1581 2413 1657 2451 m.
1735 2395 1931 2451 Verum

332 2468 665 2543 Hypaepeni,
688 2466 1072 2541 Trallianique,
1095 2467 1405 2525 Laodicenis
1424 2487 1488 2525 ac
1563 2470 1842 2545 agnetibus
1860 2472 1938 2525 si-

335 2544 471 2608 mul,
503 2544 760 2612 tramissi,
791 2550 850 2598 ut
876 2559 1071 2616 parum
1091 2542 1278 2601 validi.
1299 2545 1306 2557 “
1355 2544 1436 2600 Ne
1452 2544 1675 2601 Ilienses
1695 2545 1932 2620 quidem,

334 2634 461 2671 cum
485 2627 758 2690 parentem
789 2617 942 2674 urbis
965 2617 1165 2675 Romae
1185 2618 1396 2675 Troiam
1423 2618 1696 2687 referrent,
1718 2621 1824 2676 nisi
1842 2639 1936 2677 an-

336 2692 599 2763 tiquitatis
635 2694 831 2769 gloria,
889 2692 1176 2768 pollebant.
1256 2694 1506 2750 Paullum
1546 2695 1929 2761 addubitatum,

336 2767 485 2839 quod
511 2768 920 2835 Halicarnassii,
950 2771 1094 2824 mille
1125 2778 1174 2824 ct
1203 2772 1450 2826 ducentos
1471 2788 1572 2839 per
1605 2788 1773 2827 annos
1797 2776 1934 2827 nullo
