2081 3038
1259 110 1273 145 ἱ

330 259 426 313 41⁶2
586 280 593 285 -
886 262 1359 310 ANNALIUM
1653 249 1930 326 (amno.

216 421 221 426 .
326 367 603 440 obligataS,
628 363 833 436 aperire
852 346 1091 428 rursum,
1125 371 1176 418 et
1203 360 1419 434 adloqui
1449 361 1669 428 amicos,
1702 377 1812 418 non

296 444 483 505 -seria‚
508 449 599 496 aut
616 440 822 512 quibus
840 439 1165 496 constantiae
1192 437 1418 512 gloriam
1438 443 1652 509 peteret.
1730 434 1817 492 Au
1861 438 1934 492 ’e-

329 519 525 589 batque
551 515 853 580 referentes,
886 514 1023 570 nihil
1053 514 1122 570 de
1149 512 1520 570 inmortalitate
1544 512 1756 567 animae
1775 519 1829 566 et
1845 530 1934 568 sa-

328 595 589 664 pientium
616 591 845 664 placitis,
886 590 983 646 sed
1011 588 1148 645 levia
1179 587 1414 644 carmina
1440 593 1492 642 et
1515 585 1696 642 faciles
1715 604 1930 646 versus.

328 669 612 724 Servorum
634 667 767 722 alios
788 665 1084 739 largitione,
1105 662 1368 737 quosdam
1383 662 1699 720 verberibus
1717 660 1930 719 adfecit.

328 745 451 799 lniit
488 742 695 814 epulas,
738 759 927 798 somno
962 739 1209 806 indulsit,
1259 747 1338 804 ut,
1379 755 1714 812 quamquam
1755 746 1932 794 coacta

328 836 491 884 mors,
535 817 777 874 fortuitae
814 816 1011 872 similis
1051 823 1208 870 esset.
1287 815 1370 869 Ne
1409 811 1674 870 codicillis
1693 812 1933 885 quidem

326 895 489 968 (quod
517 892 763 965 plerique
789 890 1152 964 pereuntium)
1175 891 1438 946 Neronem
1464 897 1556 944 aut
1578 887 1930 964 Tigellinum,

327 979 419 1025 aut
455 985 619 1040 quem
657 967 827 1022 alium
864 968 1162 1039 potentium
1193 965 1440 1022 adulatus
1467 972 1574 1020 est:
1617 963 1712 1020 sed
1733 961 1932 1038 flagitia

326 1045 606 1117 principis,
630 1041 735 1098 sub
754 1043 1064 1098 nominibus
1085 1041 1409 1097 exoletorum
1428 1039 1870 1112 feminarumque
1885 1048 1934 1095 et

328 1120 559 1175 novitate
586 1118 851 1190 cuiusque
879 1118 1072 1189 stupri,
1109 1117 1438 1189 perscripsit,
1470 1123 1630 1188 atque
1652 1114 1932 1190 obsignata

328 1195 478 1249 misit
494 1193 709 1248 Neroni.
788 1192 1076 1266 Fregitque
1096 1191 1380 1258 annulum,
1409 1209 1478 1246 ne
1497 1207 1625 1246 mox.
1642 1190 1772 1246 usui
1791 1198 1934 1248 esset

326 1270 393 1325 ad
410 1267 647 1324 facienda
665 1267 920 1341 pericula.

436 1348 521 1401 20..
564 1343 872 1417 Ambigenti
898 1339 1118 1408 Neroni,
1146 1359 1380 1416 quonam
1403 1339 1558 1396 modo
1576 1341 1817 1397 noctium
1837 1359 1946 1404 sus

327 1437 481 1474 arum
522 1419 736 1494 ingenia
776 1425 1120 1482 notescerent,
1161 1417 1376 1474 offertur
1401 1414 1551 1482 Silia,
1591 1417 1934 1474 mati-intonit)

328 1497 585 1551 senatoris
615 1494 761 1550 haud
786 1495 983 1569 ignota,
1014 1500 1067 1549 et
1085 1493 1192 1565 ipsi
1212 1493 1279 1548 ad
1299 1508 1513 1548 omnem
1535 1490 1817 1548 libidinem
1839 1493 1934 1549 ad-

328 1573 477 1636 scita,
503 1588 565 1625 ac
582 1572 823 1626 Petronio
843 1584 1104 1643 perquam
1126 1567 1425 1624 familiaris.
1499 1566 1691 1643 Agitur
1707 1568 1768 1624 in
1787 1570 1934 1625 exsi-

326 1648 485 1711 lium,
520 1654 793 1717 tamquam
822 1663 927 1700 non
956 1644 1216 1708 siluisset,
1239 1660 1378 1716 quae
1397 1642 1599 1700 viderat
1615 1642 1932 1716 pertulerat-

327 1738 454 1793 que,
478 1722 694 1792 proprio
712 1718 857 1775 odio..
929 1719 1000 1775 At
1018 1719 1320 1774 Minucium
1339 1718 1652 1784 Thermum,
1681 1726 1930 1791 praetura

328 1797 592 1861 functum,
625 1794 876 1869 Tigellini
899 1792 1267 1849 simultatibus
1287 1792 1516 1849 dedidit:
1556 1794 1686 1867 quia
1704 1792 1931 1851 libertus

329 1871 545 1927 Thermi
593 1869 857 1943 quaedam
906 1869 972 1925 de
1010 1868 1273 1943 Tigellino
1319 1869 1608 1926 criminose
1647 1868 1928 1937 detulerat,

328 1959 468 2020 quae
486 1945 811 2003 cruciatibus
830 1952 1211 2002 tormentorum
1230 1945 1368 2017 ipse,
1389 1952 1644 2017 patronus
1663 1946 1783 2001 eius
1803 1964 1934 2003 nece

327 2023 574 2079 inmerita
593 2021 779 2077 lueret.

437 2102 521 2155 2⁴.
565 2096 863 2152 Trucidatis
889 2103 963 2157 tot
986 2096 1294 2184 insignibus
1320 2094 1474 2161 viris,
1506 2094 1574 2151 ad
1597 2102 1929 2169 postremum

328 2174 467 2230 Nero
495 2174 747 2228 virtutem
772 2172 948 2243 ipsam
978 2171 1287 2227 exscindere
1311 2171 1638 2244 concupivit,
1659 2172 1932 2231 interfecto

328 2250 560 2305 Thrasea
580 2249 735 2304 Paeto
752 2255 805 2302 et
821 2248 981 2302 Barea
1001 2246 1218 2311 Sorano,
1247 2246 1378 2301 olim
1395 2247 1642 2320 utrisque
1659 2246 1928 2315 infensus,

328 2334 381 2381 et
425 2323 796 2381 accedentibus
840 2323 1050 2390 caussis
1095 2323 1152 2377 in
1191 2322 1510 2386 Thraseam,
1557 2321 1705 2395 quod
1739 2333 1932 2379 senatu

328 2418 577 2474 egressus
606 2406 703 2464 est,
746 2416 869 2453 cum
900 2398 965 2453 de
985 2397 1280 2472 Agrippina
1302 2395 1604 2464 referretur,
1645 2405 1707 2453 ut
1723 2416 1932 2456 memo-

328 2476 465 2540 ravi,
496 2473 749 2547 quothue
776 2473 1108 2529 iuvenalium
1140 2473 1345 2529 ludicro
1371 2488 1564 2545 parum
1585 2474 1930 2546 expetibilem

328 2568 544 2621 operam
578 2548 918 2621 praebuerat:
962 2566 1131 2621 eaque
1164 2547 1384 2604 offensio
1410 2546 1572 2604 altius
1600 2550 1928 2621 penetrabat,

330 2626 457 2694 quia
480 2624 621 2679 idem
641 2624 871 2679 Thrasea
892 2624 1116 2689 Patavii,
1135 2622 1278 2678 unde
1293 2631 1442 2679 ortus
1459 2631 1586 2688 erat,
1611 2623 1758 2679 ludis
1773 2626 1932 2680 cesti-

330 2699 428 2762 cis‚
460 2716 491 2751 a
519 2700 745 2754 Troiano
773 2698 1033 2755 Antenore
1060 2699 1338 2765 institutis,
1367 2697 1554 2755 habitu
1574 2701 1776 2775 tragico
1793 2702 1931 2755 ceci-

332 2778 495 2829 aerat.
575 2774 669 2829 Die
698 2791 932 2849 quoque,
964 2790 1074 2848 quo
1099 2781 1306 2848 praetor
1333 2772 1614 2842 Antistius,
1643 2773 1716 2831 ob
1733 2774 1928 2850 probra
