2081 3038
446 471 505 537 C.
596 470 1132 538 CORNELII
1219 472 1608 540 TAclTl

227 627 571 704 HIS
680 630 728 702 T
840 629 885 702 Ο
997 630 1046 701 Β
1157 630 1183 704 1
1291 630 1342 702 A
1453 630 1501 701 R
1608 629 1658 702 U
1763 627 1824 702 M

707 793 957 848 L1BER
1004 793 1339 851 PR1MUS.

324 1089 673 1128 Breviarium.
726 1085 831 1136 Cap.
861 1087 899 1127 1.
927 1087 1194 1128 Praefamen.
1247 1087 1447 1129 Auctoris
1465 1087 1665 1135 dignitas,
1692 1089 1824 1136 aetas,

222 1158 481 1197 institutum.
535 1158 574 1196 2.
593 1157 633 1196 3.
658 1155 903 1196 Praesentis
928 1155 1131 1195 historIae
1157 1167 1324 1195 summa
1345 1158 1499 1206 capita.
1551 1157 1592 1195 4.
1611 1157 1650 1195 5.
1679 1154 1825 1195 Status

220 1225 361 1270 urbis,
399 1234 518 1263 mens
554 1225 838 1268 exercituum,
876 1223 1048 1262 habitus
1081 1224 1416 1273 prov1ncIarum,
1464 1225 1605 1264 occiso
1639 1208 1842 1263 Nerones

218 1293 519 1341 Nymphidius,
540 1293 764 1340 imperium
790 1291 1023 1336 adfectans,
1045 1301 1289 1340 oppressus.
1342 1293 1380 1332 6.
1401 1293 1440 1331 7.
1470 1289 1647 1330 Galbam
1671 1291 1824 1330 crude-

218 1363 320 1402 litas
338 1371 429 1406 sua,
449 1363 579 1406 aetas,
599 1360 787 1408 corporis
806 1359 941 1397 forma
959 1361 1003 1397 et
1020 1359 1254 1398 amicorum
1281 1360 1384 1398 vitia
1409 1359 1594 1401 reddunt
1619 1360 1822 1398 invisum.

220 1433 259 1469 8.
280 1431 319 1467 9.
352 1427 495 1466 status
515 1427 761 1474 Hispaniae,
784 1425 957 1472 Galliae,
979 1425 1328 1465 Germanicorum
1354 1427 1634 1472 exercituum,
1658 1427 1824 1466 Britan-

220 1497 331 1543 niae,
351 1495 525 1544 Illyrici.
571 1495 633 1533 10.
654 1493 703 1533 In
722 1493 843 1541 Syria
859 1492 1044 1532 Muciani
1063 1494 1242 1533 virtutes
1261 1497 1302 1533 et
1319 1494 1438 1533 vitia.
1475 1491 1539 1532 Fl.
1558 1491 1823 1543 Vespasiani,

220 1564 442 1602 Iudaicum
468 1561 627 1599 bellum
652 1562 1002 1605 administrantis,
1023 1561 1190 1599 animus
1216 1561 1261 1599 in
1282 1560 1476 1600 Galbam.
1529 1562 1594 1600 11.
1621 1560 1821 1611 Aegypti,

221 1630 408 1675 Africae,
428 1628 730 1677 Mauretaniae,
746 1628 961 1677 Rhaetiae,
976 1628 1134 1676 Norici,
1149 1627 1366 1677 Thraciae,
1387 1627 1536 1668 Italiae
1553 1632 1691 1669 status
1711 1626 1822 1669 coss.

223 1698 360 1738 Galba
379 1700 422 1736 et
438 1697 579 1736 Vinio.
1525 1730 1528 1733 ,
1657 1696 1664 1701 “

326 1766 389 1803 12.
416 1764 651 1803 Deficiente
668 1765 903 1813 superioris
923 1764 1174 1805 Germaniae
1193 1766 1342 1811 milite,
1359 1764 1494 1805 Galba
1511 1766 1564 1805 de
1582 1766 1823 1816 adoptando

224 1832 405 1871 Caesare
424 1831 597 1877 cogitat.
651 1832 715 1871 13.
743 1831 893 1871 Vinius
920 1832 1080 1873 Othoni
1105 1834 1234 1879 favet,
1263 1843 1348 1871 non
1373 1834 1431 1872 ita
1457 1835 1570 1873 Laco
1597 1837 1640 1873 et
1667 1835 1822 1874 Icelus.

228 1899 288 1935 14.
320 1896 468 1941 Galba,
486 1899 715 1937 transactis
740 1899 906 1947 imperii
933 1902 1128 1947 comitiis,
1149 1902 1345 1941 Pisonem
1365 1902 1494 1949 eligit,
1517 1903 1730 1941 hominem
1751 1912 1825 1940 an-

224 1966 333 2013 tiqui
359 1965 487 2002 moris
514 1968 558 2003 et
575 1975 791 2011 severum,
820 1967 888 2004 cui
940 1968 1002 2007 15.
1029 1970 1093 2009 16.
1122 1969 1362 2019 adoptionis
1389 1980 1562 2009 caussas
1588 1972 1632 2007 et
1657 1970 1824 2017 imperii

225 2032 553 2071 administrandi
580 2034 804 2072 consilium
830 2036 981 2082 aperit.
1033 2038 1098 2075 17.
1125 2036 1292 2076 Pisonis
1317 2038 1427 2076 inter
1445 2038 1549 2075 haec
1574 2036 1822 2075 moderatio.

225 2102 287 2139 18.
316 2099 502 2149 Adoptio
529 2102 573 2139 in
599 2103 749 2141 castris
774 2106 1037 2152 nuncupata.
1093 2106 1155 2145 19.
1182 2108 1273 2144 tum
1299 2106 1343 2144 in
1369 2108 1535 2143 senatu.
1592 2104 1744 2165 Legati
1769 2102 1824 2143 ad

226 2168 464 2208 defectores
484 2170 616 2209 missi.
670 2172 734 2209 20.
761 2170 941 2209 Neronis
960 2172 1162 2220 prodigae
1182 2173 1432 2212 donationes
1451 2172 1671 2211 rescissae.

326 2238 390 2275 21.
420 2235 579 2276 Othoni
599 2248 673 2285 spe
692 2238 813 2287 lapso
832 2240 1056 2278 consilium
1075 2241 1119 2278 in
1137 2240 1321 2287 turbido,
1361 2241 1425 2280 22.
1451 2239 1752 2288 instigantibus
1771 2239 1824 2277 li-

222 2306 374 2351 bertis,
413 2306 568 2351 servis,
606 2307 940 2352 mathematicisz
998 2308 1064 2347 23.
1091 2309 1156 2347 24.
1193 2309 1352 2357 paratis
1387 2308 1472 2347 iam
1507 2309 1606 2345 ante
1640 2306 1825 2345 miiitum

219 2373 375 2413 studiis
410 2384 487 2421 per
520 2374 750 2413 blanditias
785 2378 829 2413 et
862 2375 1132 2423 largitiones,
1179 2376 1390 2414 oscitante
1424 2374 1478 2414 ad
1513 2374 1557 2413 id
1591 2373 1822 2423 praefecto.

220 2444 285 2482 25.
306 2443 368 2481 26.
398 2442 511 2491 Ergo
538 2444 621 2481 iam
652 2443 841 2491 legiones
868 2447 913 2483 et
937 2444 1098 2481 auxilia
1121 2453 1198 2492 pro
1217 2442 1403 2483 Othone.
1453 2444 1517 2483 27.
1544 2442 1648 2481 Mox
1673 2452 1824 2481 consa-

218 2511 381 2549 lutatus
400 2511 642 2559 imperator,
680 2512 743 2551 28.
771 2512 922 2551 castris
941 2512 1218 2561 praetorianis
1237 2512 1430 2551 infertur.

322 2578 387 2616 29.
406 2578 470 2617 30.
498 2578 597 2617 Piso
616 2580 847 2628 cohortem,
866 2590 975 2629 quae
992 2581 1037 2619 in
1063 2580 1222 2629 palatio
1249 2580 1475 2618 stationem
1501 2580 1601 2627 agit.
1629 2580 1824 2617 hortatur

220 2646 275 2685 ad
306 2646 447 2685 iidem.
507 2648 572 2687 81.
600 2648 677 2687 Ilia
708 2652 829 2697 parat
853 2650 996 2697 signa,
1032 2648 1208 2697 reliquis
1233 2649 1369 2697 copiis
1395 2643 1704 2685 deficientibus.
1758 2644 1821 2683 32.

221 2715 287 2753 33.
315 2714 458 2753 Plebis
477 2716 665 2755 adulatio
692 2722 736 2755 et
753 2718 921 2758 levitas.
972 2718 1172 2757 Fluctuat
1191 2714 1324 2757 Galba
1349 2726 1448 2755 cum
1472 2716 1641 2761 amicis,
1668 2725 1722 2754 an
1749 2724 1822 2754 oc-

224 2780 505 2820 currendum?
569 2785 631 2822 34.
663 2784 950 2827 Praemittitur
984 2788 1027 2827 in
1065 2790 1204 2827 castra
1240 2786 1353 2825 Piso.
1407 2784 1558 2825 Falsus
1593 2784 1645 2823 de
1681 2792 1726 2822 ο·-

303 2834 512 2889 ΤΑοιτυε
547 2836 613 2889 11.
1365 2836 1411 2891 A
