2081 3038
180 208 421 282 Δ.σ.19.)
576 218 739 262 me.
780 216 852 261 11.
894 217 1070 260 CAP.
1113 216 1358 261 65—68.
1712 211 1776 262 89

181 319 336 376 novis
355 318 596 390 peditum
618 324 669 372 et
684 317 930 389 equitum
954 316 1124 387 copiis
1142 331 1259 370 sese
1275 315 1536 372 firmabat.
1604 315 1781 372 Molli-
1821 355 1837 370 .

182 403 259 450 ter
278 394 597 465 rescriptum
615 433 629 458 ,
658 398 706 447 si
723 397 877 461 fraus
894 395 1115 452 abesset,
1139 408 1290 459 posse
1315 409 1432 446 eum
1458 395 1780 446 innocentiae

181 474 365 539 fidere:
408 477 631 523 ceterum
658 482 821 536 neque
846 484 923 531 se,
964 482 1128 534 neque
1151 475 1410 530 senatum,
1439 471 1544 522 nisi
1575 470 1780 536 cognita

128 564 137 570 ·
183 561 397 607 caussa,
428 547 512 598 ius
540 551 588 598 et
614 545 869 598 iniuriam
892 545 1230 599 discreturos.
1306 541 1550 609 Proinde,
1586 544 1782 596 tradito

190 619 361 687 Cotye,
384 623 580 672 veniret
600 622 1004 686 transferretque
1023 619 1276 670 invidiam
1297 618 1546 670 criminis.

294 695 379 748 66.
421 692 527 746 Eas
556 690 753 747 litteras
772 690 1015 746 Latinius
1035 689 1250 745 Pandus
1265 730 1280 756 ,
1318 696 1620 761 propraetor
1639 691 1782 746 Moe-

185 770 317 833 siae,
340 784 465 822 cum
487 765 768 832 militibus,
791 766 919 839 quis
928 764 1089 840 Cotys
1109 764 1420 831 traderetur,
1434 764 1782 823 inThraeiam

186 843 356 898 misit.
432 841 787 913 Rhescuporis
801 882 815 908 ,
857 841 995 896 inter
1022 847 1227 896 metum
1255 847 1308 895 et
1325 839 1462 894 iram
1483 846 1779 905 cunctatus,

187 916 378 972 maluit
395 917 601 988 patrati,
626 933 791 988 quam
811 915 1006 988 incepti
1026 913 1274 972 facinoris
1296 931 1420 970 reus
1441 930 1586 970 esse:
1613 913 1783 972 occidi

186 993 357 1066 Cotyn
385 991 557 1058 iubet,
598 999 930 1063 mortemque
954 998 1142 1062 sponte
1165 997 1438 1062 sumptam
1475 990 1780 1046 ementitur.

185 1069 297 1122 Nec
317 1074 492 1122 tamen
511 1065 705 1123 Caesar
720 1066 939 1137 placitas
960 1065 1125 1120 semel
1145 1072 1282 1120 artes
1302 1066 1548 1131 mutavit,
1561 1065 1676 1131 sed,
1689 1065 1784 1121 de-

186 1143 367 1198 functo
387 1142 582 1208 Pande,
605 1159 771 1214 quem
789 1141 897 1196 sihi
920 1139 1194 1197 infensum
1211 1141 1570 1212 Rhescuporis
1593 1157 1784 1214 argue-

184 1218 305 1283 bat,
336 1217 689 1290 Pomponium
716 1216 966 1273 Flaccum
982 1257 997 1282 ,
1038 1224 1272 1271 veterem
1301 1215 1584 1288 stipendiis
1601 1222 1654 1270 et
1671 1222 1782 1270 arta

184 1310 313 1348 cum
333 1309 388 1346 re
426 1309 455 1346 e
473 1292 704 1347 amicitia
720 1334 732 1357 ,
764 1308 933 1364 eoque
960 1291 1482 1350 accommodatiorem
1509 1291 1577 1346 ad
1597 1289 1784 1346 fallen-

187 1367 341 1432 dum,
365 1309 433 1422 οἵ)
451 1367 509 1423 id
528 1367 763 1422 maxime
780 1367 1008 1422 Moesiae
1024 1364 1295 1438 praefecit.

299 1442 385 1497 67.
424 1440 649 1497 Flaccus
666 1443 726 1496 in
746 1441 1027 1496 Thraciam
1045 1449 1414 1514 transgressus
1435 1457 1530 1512 per
1549 1440 1784 1514 ingentia

185 1517 451 1591 promissa
467 1558 481 1583 ,
514 1515 766 1589 quamvis
786 1515 1105 1590 ambiguum
1124 1524 1176 1571 et
1193 1513 1389 1571 scelera
1407 1532 1508 1571 sua
1533 1523 1786 1587 reputan-

187 1602 316 1659 tem,
338 1590 593 1665 perpulit,
617 1598 678 1646 ut
692 1589 959 1663 praesidia
975 1591 1213 1647 Romana
1231 1592 1466 1646 intraret.
1543 1589 1786 1647 Circum-

188 1668 308 1723 data
326 1667 457 1722 hinc
474 1666 607 1741 regi,
630 1665 807 1739 speeie
826 1665 1044 1721 honoris
1062 1707 1075 1731 ,
1096 1665 1274 1723 valida
1293 1682 1516 1721 manus:
1557 1665 1788 1721 tribuni-

188 1760 299 1815 que
316 1750 368 1797 et
385 1740 748 1808 centuriones,
788 1742 1054 1799 monendo
1067 1782 1081 1807 ,
1123 1740 1396 1797 suadendo
1410 1782 1425 1808 ,
1466 1748 1546 1809 et,
1587 1748 1786 1814 quanto

191 1816 409 1891 longius
454 1814 831 1873 abscedebatur
844 1859 858 1884 ,
907 1818 1166 1889 apertiore
1202 1816 1440 1873 custodia
1453 1858 1468 1883 ,
1520 1824 1786 1889 postremo

188 1908 421 1967 gnarum
449 1892 775 1947 necessitatis
800 1894 859 1949 in
886 1893 1078 1959 urbem
1105 1899 1330 1949 traxere.
1407 1889 1702 1949 Accusatus
1727 1894 1786 1949 in

190 1972 381 2022 senatu
402 1965 469 2021 ab
494 1983 658 2023 uxore
676 1966 858 2041 Cotyis
881 1968 1165 2023 damnatur
1180 2010 1194 2035 ‚
1237 1974 1298 2023 ut
1324 1966 1508 2039 procul
1529 1985 1693 2043 regno
1711 1976 1789 2023 te-

131 2111 133 2113 ,
192 2048 425 2099 neretur.
503 2040 724 2097 Thracia
749 2042 807 2097 in
835 2041 1238 2099 Rhoemetalcen
1267 2042 1442 2099 filium
1456 2083 1470 2108 ,
1499 2060 1664 2115 quem
1692 2060 1789 2115 pa-

191 2117 358 2173 ternis
397 2114 636 2172 consiliis
674 2115 1009 2173 adversatum
1047 2116 1342 2183 constabat,
1390 2116 1558 2189 inque
1594 2117 1790 2173 liberos

191 2192 376 2323 Cogis
394 2186 681 2247 dividitur:
724 2191 904 2264 iisque
920 2192 1160 2249 nondum
1179 2192 1400 2258 adultis,
1423 2191 1790 2248 Trebellienus

190 2268 276 2323 Ru
339 2284 395 2333 s,
436 2273 682 2339 praetura
701 2265 917 2323 functus
933 2308 948 2333 ,
988 2266 1168 2334 datur,
1210 2269 1308 2340 qui
1328 2284 1555 2341 regnum
1574 2267 1788 2323 interim

191 2348 459 2407 tractaret,
502 2338 772 2414 exemplo,
815 2359 925 2415 quo
962 2342 1190 2399 maiores
1227 2344 1466 2399 Marcum
1503 2342 1788 2415 Lepidum,

119 2423 128 2432 '
194 2415 477 2472 Ptolemaei
525 2415 708 2472 liberis
754 2424 981 2473 tutorem
998 2459 1012 2484 ,
1067 2419 1127 2473 in
1163 2416 1464 2493 Aegyptum
1516 2418 1788 2473 miserant.
1869 2424 1890 2439 '

192 2490 551 2564 Rhescuporis
568 2490 947 2547 Alexandriam
966 2492 1221 2550 devectus
1233 2534 1247 2560 ,
1268 2500 1430 2565 atque
1446 2492 1560 2549 illic
1571 2536 1585 2559 ,
1607 2492 1792 2569 sugam

195 2575 425 2635 tentans,
449 2584 516 2621 an
534 2566 657 2623 ficto
673 2567 917 2634 crimine,
938 2568 1271 2624 interficitur.
1431 2570 1442 2579 ‘

306 2644 393 2697 68.
432 2640 532 2697 Per
556 2641 701 2699 idem
734 2650 944 2717 tempus
964 2643 1240 2709 Vonones,
1279 2658 1444 2715 quem
1471 2650 1706 2700 amotum
1735 2643 1794 2699 in

196 2714 441 2775 Ciliciam
460 2719 751 2778 memoravi
764 2760 779 2789 ,
819 2719 1084 2793 corruptis
1101 2716 1412 2777 custodibus
1425 2759 1440 2789 ,
1478 2718 1711 2799 effugere
1729 2716 1797 2773 ad
