2081 3038
300 225 367 276 90
672 249 681 258 ·
860 225 1338 274 ANNALIUM
1626 217 1897 292 (mmm.

214 358 235 376 ο
298 328 580 386 Armenios
594 369 608 393 ‚
649 325 775 383 inde
810 327 869 382 in
899 324 1135 382 Albanos
1166 325 1571 400 Heniochosque
1598 334 1650 382 et
1675 344 1906 384 consan-

296 404 559 480 guineum
581 402 689 458 sibi
708 418 889 476 regem
906 400 1227 476 Scytharum
1243 443 1258 467 ‚
1289 409 1508 458 conatus
1537 410 1636 458 est.
1714 401 1906 476 Specie

299 477 530 536 venandi
542 518 560 543 ‚
587 478 806 533 omissis
826 477 1113 532 maritimis
1132 475 1262 533 locis
1276 519 1290 542 ‚
1320 477 1442 534 avia
1459 475 1696 533 saltuum
1714 479 1900 552 petiit:

298 570 426 611 mox
451 553 761 627 pernicitate
787 553 915 626 equi
944 551 1012 606 ad
1038 568 1252 608 amnem
1279 552 1321 606 P
1476 569 1571 609 um
1612 553 1901 619 contendit,

298 630 456 686 ouius
474 635 662 701 pontes
680 626 891 684 adcolae
908 635 1163 699 ruperant
1177 669 1190 692 ‚
1232 642 1302 683 au
1343 627 1412 682 ’ta
1436 628 1580 702 regis
1608 626 1766 702 fuga3
1807 643 1907 683 ne·-

297 721 408 778 que
434 702 571 759 vado
593 702 858 776 penetrari
882 709 1104 774 poterat.
1182 701 1350 776 Igitur
1376 702 1436 758 in
1464 703 1584 775 ripa
1608 700 1853 758 fluminis
1873 720 1905 757 a

296 780 455 836 Vibio
491 779 784 844 Frontone,
823 774 1086 850 praefecto
1124 775 1370 850 equitum
1384 816 1399 845 ‚
1445 777 1699 834 vincitur.
1775 777 1907 834 Mox

297 854 577 911 Remmius
604 859 853 909 evocatus
867 892 880 916 ,
923 852 1090 923 priori
1118 851 1387 907 custodiae
1424 853 1568 926 regis
1603 851 1903 925 adpositus,

297 930 457 1004 quasi
476 945 572 1000 per
590 929 727 984 iram
741 968 757 994 ,
783 925 962 1001 gladio
988 943 1116 980 eum
1135 927 1302 980 transi
1343 926 1400 981 ·t.
1477 927 1631 982 Unde
1649 927 1820 983 maior
1839 927 1908 982 fi-

298 1005 413 1069 des,
434 1002 753 1059 conscientia
777 1000 993 1058 sceleris
1012 1009 1065 1056 et
1081 1008 1232 1056 metu.
1244 1001 1304 1057 in
1341 1001 1432 1057 icii
1451 1010 1675 1058 mortem
1693 1002 1907 1060 Vononi

297 1077 537 1135 inlatam.
1355 1083 1364 1090 '

409 1156 495 1208 69.
535 1149 605 1209 At
640 1151 994 1209 Germanicus
1008 1191 1023 1216 ,
1084 1151 1326 1226 Aegypto
1361 1162 1605 1208 remeans
1621 1193 1634 1217 ,
1689 1160 1901 1217 cuncta,

297 1227 600 1303 quaeapud
619 1227 854 1301 legiones
873 1232 967 1281 aut
982 1225 1147 1281 urbes
1167 1227 1424 1293 iusserat,
1465 1225 1685 1293 abolita,
1725 1225 1811 1282 vel
1843 1228 1906 1282 in

298 1303 621 1360 contrarium
649 1319 805 1360 versa
833 1301 1122 1375 cognoscit.
1203 1302 1342 1357 Hinc
1367 1318 1558 1375 graves
1575 1302 1634 1358 in
1653 1302 1904 1358 Pisonem

298 1377 676 1446 contumeliae;
718 1392 817 1432 nec
834 1377 1019 1431 minus
1040 1375 1230 1434 acerba
1244 1417 1258 1442 ,
1280 1392 1420 1449 quae
1437 1376 1506 1432 ab
1523 1376 1616 1433 illo
1633 1377 1692 1433 in
1711 1376 1908 1433 Caesa-

299 1471 413 1510 rem
432 1453 786 1509 tentabantur.
864 1451 999 1507 Dein
1017 1450 1143 1508 Piso
1161 1451 1309 1508 abire
1326 1449 1480 1527 Syria
1499 1452 1697 1507 statuit.
1773 1453 1900 1508 Mox

300 1530 522 1587 adversa
540 1528 845 1587 Germanici
866 1526 1176 1585 valetudine
1193 1528 1440 1584 detentus
1455 1570 1468 1593 ‚
1491 1528 1590 1585 ubi
1610 1535 1904 1583 recreatum

300 1606 518 1678 accepit,
540 1613 769 1678 votaque
784 1621 882 1677 pro
902 1602 1264 1659 incolumitate
1283 1602 1644 1669 solvebantur,
1662 1602 1902 1659 admotas

298 1682 521 1746 hostias,
542 1678 887 1735 sacrificalem
906 1678 1240 1751 adparatum,
1263 1678 1452 1734 festam
1461 1677 1900 1734 Antiochensium

297 1754 510 1828 plebem
526 1795 541 1819 ,
578 1771 675 1826 per
703 1753 911 1811 lictores
935 1753 1232 1826 proturbat.
1311 1755 1451 1809 Tum
1485 1753 1780 1810 Seleuciam
1817 1754 1904 1809 di-

297 1828 537 1904 greditur
551 1869 566 1894 ,
605 1829 887 1900 opperiens
914 1828 1304 1902 aegritudinem
1319 1870 1334 1895 ,
1372 1846 1512 1902 quae
1528 1845 1750 1885 rursum
1769 1829 1905 1885 Ger-

299 1903 509 1965 manico
546 1902 823 1959 acciderat.
900 1900 1125 1959 Saevam
1164 1904 1278 1959 vim
1315 1904 1490 1960 morbi
1526 1904 1756 1981 augebat
1780 1921 1905 1978 per-

300 1978 481 2036 suasio
502 1978 693 2035 veneni
713 1995 744 2033 a
762 1978 953 2033 Pisone
972 1976 1200 2050 accepti:
1224 1985 1276 2034 et
1294 1978 1692 2052 reperiebantur
1709 1979 1822 2037 solo
1841 1996 1904 2035 ac

298 2054 593 2131 parietibus
612 2060 791 2111 erutae
807 2052 1170 2109 humanorum
1187 2070 1470 2127 corporum
1489 2054 1766 2127 reliquiae,
1785 2071 1902 2109 oar-

300 2130 447 2186 mina
465 2136 519 2185 et
534 2130 839 2187 devotiones
856 2169 869 2194 .
909 2135 962 2184 et
989 2144 1185 2185 nomen
1206 2128 1511 2185 Germanici
1534 2127 1806 2202 plumbeis
1823 2137 1905 2185 ta-

300 2204 446 2261 bulis
464 2204 796 2276 insculptum
813 2244 827 2269 ,
868 2205 1093 2259 semusti
1113 2205 1316 2260 cineres
1334 2220 1397 2260 ac
1413 2204 1534 2259 tabe
1551 2204 1732 2271 obliti,
1772 2203 1903 2259 alia-

300 2297 410 2352 que
429 2279 685 2335 maleflcia
700 2321 715 2344 ,
756 2280 884 2352 quis
913 2278 1146 2335 creditur
1170 2279 1378 2335 animas
1400 2279 1720 2335 numinibus
1737 2279 1904 2335 infer-

303 2357 389 2411 nis
418 2356 633 2417 sacrari.
711 2353 886 2410 Simul
919 2354 1078 2409 missi
1107 2372 1137 2409 a
1172 2354 1363 2411 Pisone
1389 2354 1802 2421 incusabantur,
1841 2360 1904 2409 ut

304 2428 623 2486 valetudinis
641 2430 863 2487 adversa
880 2429 1155 2485 rimantes.

412 2504 500 2559 70.
540 2504 618 2561 Ea
637 2504 955 2563 Germanico
974 2503 1123 2561 haud
1142 2503 1328 2560 minus
1345 2505 1425 2559 ira
1439 2544 1455 2570 ‚
1486 2521 1652 2578 quam
1671 2520 1767 2577 per
1786 2520 1904 2559 me-

301 2587 420 2633 tum
438 2587 676 2653 accepta3
717 2586 767 2637 si
784 2583 941 2636 limen
960 2582 1295 2644 obsideretur,
1316 2583 1368 2635 ει·
1383 2584 1722 2651 effundendus
1739 2583 1904 2649 spiri-

306 2663 388 2707 ms
406 2656 501 2707 sub
520 2658 688 2711 oculis
704 2658 1034 2712 inimicorum
1052 2660 1213 2727 [oret.
1235 2658 1363 2726 quid
1379 2658 1564 2711 deinde
1580 2660 1905 2712 miserrimae

306 2730 538 2797 coniuqi,
580 2734 707 2799 quid
733 2733 1020 2804 infantibus
1047 2732 1223 2787 liberis
1248 2728 1588 2787 svamm-um?
1641 2730 1806 2788 Lenta
1823 2733 1906 2789 vt·-
