2081 3038
293 225 360 310 εὸ
655 291 658 296 -
777 262 1439 310 HISTORIARUM
1626 251 1891 327 (mmm.

294 364 392 428 vit,
414 360 510 418 sed
529 378 704 417 mares
723 361 1051 437 deliguntur.
1122 361 1431 418 Certissima
1454 360 1585 416 fides
1604 360 1893 417 haedorum

295 437 466 493 fibris.
543 436 874 511 Sanguinem
900 455 1020 493 arae
1037 436 1331 493 obfundere
1348 437 1605 491 vetitum:
1646 438 1893 508 precibus

293 520 345 567 et
380 514 508 586 igne
545 529 683 584 puro
720 513 902 568 altaria
945 511 1249 576 adolentur,
1296 527 1396 566 nec
1438 511 1567 566 ullis
1604 511 1891 577 imbrihuS,

291 605 625 660 quamquam
654 589 711 643 in
733 597 929 660 aperto,
953 587 1285 643 madescunt.
1364 585 1724 640 Simulacrum
1748 587 1890 652 deae,

293 679 399 718 non
421 661 596 738 effigie
616 663 874 728 humana,
896 663 1183 718 continuus
1204 661 1349 716 orbis
1371 661 1551 716 latiore
1570 662 1723 716 initio
1746 671 1894 716 tenu-

293 755 378 792 em
411 739 469 793 in
497 738 779 803 ambitum,
809 745 980 792 metae
1003 737 1181 802 modo,
1210 751 1525 810 exsurgens,
1604 736 1671 790 Et
1690 737 1825 792 ratio
1838 738 1894 792 in

293 813 537 869 obscuro.

405 891 455 942 4.
499 888 652 942 Titus
671 894 898 958 spectata
917 884 1189 958 opulentia
1206 885 1471 958 donisque
1491 901 1699 959 regum,
1733 903 1896 957 quae-
2062 931 2064 940 .

292 979 401 1035 que
421 961 522 1017 alia
546 962 738 1017 laetum
762 960 1173 1033 antiquitatibus
1188 960 1512 1016 Graecorum
1533 976 1706 1033 genus
1726 961 1897 1015 incer·
2062 950 2067 998 l

294 1045 375 1092 tae
386 1036 632 1091 vetustati
654 1034 895 1109 adtingit,
910 1035 978 1090 de
998 1035 1333 1108 navigatione
1350 1036 1589 1106 primum
1606 1035 1894 1090 consuluit.
2066 1018 2068 1066 ¹

293 1113 580 1182 Postquam
603 1109 762 1181 pandi
786 1110 930 1164 viam
952 1117 1004 1164 et
1022 1127 1169 1164 mare
1188 1126 1504 1181 prosperum
1526 1110 1743 1180 accepit,
1756 1109 1825 1164 de
1842 1128 1900 1165 se

293 1203 388 1256 per
427 1184 678 1257 ambages
716 1185 1020 1257 interrogat,
1064 1185 1233 1239 caesis
1276 1183 1646 1256 compluribus
1684 1184 1895 1250 hostiis.

293 1260 558 1314 Sostratus
578 1258 881 1332 (sacerdotis
903 1259 959 1313 id
981 1276 1173 1314 nomen
1195 1258 1425 1332 erat)ubi
1450 1259 1577 1314 laeta
1602 1267 1651 1314 et
1666 1276 1900 1333 congru-

293 1335 432 1389 entia
463 1343 601 1399 exta,
635 1334 958 1408 magnisque
987 1333 1245 1389 consultis
1276 1351 1514 1389 annuere
1532 1334 1707 1399 deam,
1732 1335 1895 1400 videt,

296 1427 462 1481 pauca
492 1409 547 1466 in
578 1426 828 1480 praesens
857 1417 909 1465 et
935 1408 1088 1465 solita
1110 1409 1458 1479 respondens,
1492 1410 1653 1481 petito
1676 1417 1897 1475 secreto,

297 1483 472 1540 futura
497 1486 683 1557 aperit.
764 1486 937 1552 Titus,
969 1492 1124 1540 aucto
1149 1485 1348 1551 animo,
1382 1484 1449 1539 ad
1476 1491 1679 1556 patrem
1708 1501 1900 1557 perve-

293 1570 430 1625 ctus,
454 1562 732 1633 suspensis
752 1561 1153 1632 provinciarum
1178 1569 1229 1614 et
1248 1561 1579 1616 exercituum
1602 1560 1895 1626 mentibus,

294 1637 485 1707 ingens
525 1654 704 1691 rerum
743 1635 938 1690 fiducia
976 1636 1216 1690 accessit.
1296 1634 1668 1709 Profligaverat
1692 1632 1897 1690 bellum

295 1709 570 1763 Iudaicum
581 1710 942 1782 Vespasianus
957 1727 971 1779 ς
999 1711 1396 1783 oppugnatione
1409 1709 1897 1783 Hierosolymorum

295 1783 520 1853 reliqua,
541 1782 679 1839 duro
704 1785 877 1857 magis
901 1791 952 1837 et
971 1784 1138 1839 arduo
1156 1802 1333 1855 opere,
1354 1786 1424 1840 ob
1442 1785 1721 1857 ingenium
1744 1802 1901 1840 mon-

295 1860 362 1911 tis
391 1866 443 1911 et
469 1859 818 1929 pervicaciam
849 1860 1263 1929 superstitionis,
1296 1877 1461 1931 quam
1488 1876 1598 1931 quo
1616 1860 1745 1912 satis
1766 1860 1897 1913 viri-

295 1950 388 1987 um
433 1931 670 1988 obsessis
729 1932 796 1988 ad
844 1932 1139 1989 tolerandas
1189 1936 1524 1989 necessitates
1572 1940 1896 2003 superesset.

294 2009 443 2068 Tres,
466 2017 708 2078 utsupra
729 2009 1169 2073 memoravimus,
1192 2010 1297 2079 ipsi
1316 2009 1643 2079 Vespasiano
1662 2007 1901 2080 legiones

293 2090 459 2147 erant,
493 2084 752 2137 exercitae
779 2081 946 2139 bello:
988 2092 1217 2156 quatuor
1245 2084 1526 2139 Mucianus
1550 2082 1821 2137 obtinebat
1840 2083 1899 2137 in

296 2174 448 2227 pace;
490 2155 586 2213 sed
615 2156 899 2213 aemulatio
926 2165 977 2212 et
1001 2158 1232 2229 proximi
1258 2159 1521 2213 exercitus
1539 2156 1707 2230 gloria
1726 2156 1903 2228 depu-

294 2232 424 2285 lerat
450 2232 762 2305 segnitiam:
806 2240 1180 2303 quantumque
1206 2231 1313 2287 illis
1354 2232 1557 2287 roboris
1586 2232 1901 2286 discrimina

293 2313 344 2360 et
372 2305 538 2371 labor,
571 2314 777 2361 tantum
809 2306 895 2361 his
926 2308 1126 2380 vigoris
1154 2306 1427 2361 addiderat
1446 2308 1649 2380 integra
1666 2307 1829 2392 quies
1850 2312 1905 2360 et

291 2380 554 2450 inexperti
583 2380 709 2436 belli
733 2380 907 2436 labor.
985 2380 1203 2436 Auxilia
1236 2382 1451 2453 utrique
1471 2380 1768 2437 cohortium
1790 2380 1905 2435 ala-

292 2470 546 2582 τυιωξιιθ,
588 2463 639 2510 et
664 2455 862 2510 classes
890 2472 1170 2529 regesque,
1214 2472 1277 2510 ac
1301 2474 1492 2511 nomen
1524 2456 1726 2527 dispari
1759 2454 1902 2511 fama

293 2544 352 2581 ce
373 2544 402 2581 e
440 2545 516 2584 re.

402 2604 456 2656 5.
496 2602 879 2674 VespasianuS,
919 2620 1038 2658 acer
1066 2602 1305 2671 militiae,
1349 2605 1547 2659 anteire
1566 2621 1779 2677 agmen,
1824 2603 1906 2659 lo-

286 2684 420 2729 ·cum
451 2677 640 2730 castris
665 2694 869 2748 capere,
911 2685 1070 2733 noctu
1098 2678 1303 2750 diuque
1332 2678 1575 2744 consilio,
1616 2696 1696 2744 ac,
1738 2679 1786 2733 si
1813 2696 1903 2735 res

293 2757 549 2815 posceret,
593 2767 759 2806 manu
791 2750 1037 2808 hostibus
1060 2752 1261 2819 obniti3
1320 2752 1441 2809 cibo
1476 2751 1710 2820 fortuito,
1750 2762 1904 2810 veste

1854 2968 2081 2990 ..Π-..ι-
