2081 3038
360 220 458 279 472
830 220 1482 277 HISTORIARU'M
1684 216 1950 293 (mmm.

356 333 427 386 tio
466 330 568 385 mit
605 342 798 385 servus
834 330 1076 405 Verginii
1103 330 1393 401 Capitonis,
1435 338 1602 403 quem
1642 328 1954 401 proditorem

354 405 819 462 Tarracinensium
848 406 1108 471 diximus,
1140 404 1379 477 patibulo
1409 404 1641 471 adfixus,
1680 406 1734 459 in
1763 405 1953 460 iisdem

352 480 587 545 annuliS‚
621 498 757 553 quos
785 492 1021 552 acceptos
1053 499 1084 535 a
1103 480 1314 536 Vitellio
1340 480 1598 555 gestabat.
1677 478 1745 535 At
1763 480 1955 535 Romae
1995 492 2014 515 ¹

352 566 569 611 senatus
598 566 785 611 cuncta
809 555 1146 628 principibus
1174 556 1326 611 solita
1353 556 1681 628 Vespasiano
1703 555 1950 617 decernit,

353 631 521 687 laetus
543 640 593 686 et
611 634 725 703 spei
748 640 951 685 certus:
995 632 1198 703 quippe
1218 638 1429 702 sumpta
1448 638 1543 702 per·
1555 630 1755 686 Gallias
1768 632 1956 702 Hispa-

352 710 581 780 niasque
609 707 788 761 civilia
818 724 983 771 arma,
1014 707 1171 761 motis
1193 707 1259 760 ad
1280 705 1493 761 bellum.
1506 706 1810 770 GermaniS,
1833 724 1956 762 mox

352 782 582 857 Illyrico,
612 790 898 855 postquam
926 782 1252 855 Aegyptum,
1285 780 1532 836 Iudaeam
1559 780 1881 855 Syriamque
1909 790 1958 835 et

351 860 528 915 omnis
558 860 861 929 provincias
891 858 1264 929 exercitusque
1293 856 1664 923 lustraverant,
1700 856 1846 912 velut
1866 874 1957 911 ex·-

350 936 497 1005 piato,
512 942 773 989 terrarum
793 932 937 998 orbe,
962 933 1168 1003 cepisse
1192 931 1352 986 tinem
1375 931 1708 987 videbantur.
1791 932 1958 987 Addi-

351 1009 475 1065 dere
495 1009 818 1063 alacritatem
838 1008 1153 1078 Vespasiani
1175 1007 1395 1073 litterae,
1415 1014 1690 1080 tamquam
1711 1016 1958 1063 manente

350 1082 490 1140 bello
528 1084 772 1153 scriptae.
850 1077 928 1136 Ea
968 1084 1143 1154 prima
1183 1084 1362 1154 specie
1400 1080 1593 1137 forma:
1635 1090 1873 1138 ceterum
1900 1092 1960 1139 ut

347 1160 599 1230 princeps
622 1156 954 1229 loquebatur,
968 1155 1148 1213 civilia
1163 1158 1228 1213 de
1244 1176 1302 1213 se
1317 1166 1367 1213 et
1381 1156 1704 1229 reipublicae
1719 1161 1954 1232 egregia.

348 1234 459 1287 Neo
487 1242 703 1287 senatus
730 1232 1052 1304 obsequium
1082 1232 1274 1289 deerat.
1356 1234 1463 1305 Ipsi
1494 1232 1802 1289 consulatus
1829 1252 1958 1290 cum

349 1308 467 1363 Tito
503 1307 632 1373 filio,
676 1316 921 1380 praetura
959 1309 1257 1365 Domitiano
1285 1318 1335 1364 et
1364 1308 1642 1365 consulare
1661 1310 1957 1381 imperium

346 1383 723 1439 decernuntur.

460 1463 510 1515 4.
552 1458 768 1515 Miserat
787 1466 837 1513 et
856 1460 1138 1514 Mucianus
1159 1458 1406 1532 epistolas
1432 1459 1499 1514 ad
1518 1467 1785 1526 senatum,
1817 1478 1958 1534 quae

349 1536 623 1592 materiam
646 1536 985 1591 sermonibus
1004 1535 1322 1607 praebuere:
1363 1540 1413 1590 si
1425 1541 1669 1604 privatus
1689 1547 1836 1600 esset,
1863 1556 1960 1592 cur

342 1615 547 1681 publice
568 1609 903 1680 loqueretur?
964 1616 1152 1665 eluisse
1171 1615 1364 1676 eadem,
1380 1629 1582 1679 paucos
1598 1621 1714 1680 post
1734 1617 1864 1676 dica,
1881 1616 1958 1668 lo-

348 1692 706 1754 cosententiae
724 1691 846 1740 dici.
921 1630 1039 1757 lpse
1061 1703 1278 1758 quoque
1297 1681 1570 1741 insectatio
1593 1687 1649 1741 in
1673 1685 1954 1760 Vitellium

346 1777 461 1816 sera
491 1769 543 1815 et
569 1762 687 1816 sine
715 1760 969 1816 libertate.
1051 1761 1111 1815 Id
1144 1779 1266 1816 vero
1296 1779 1418 1836 erga
1449 1761 1842 1832 rempublicam
1863 1781 1958 1818 su-

347 1836 593 1908 perbum,
611 1853 733 1910 erga
751 1836 1049 1907 principem
1071 1836 1536 1900 contumeliosum,
1550 1837 1696 1908 quod
1716 1842 1774 1891 in
1795 1857 1957 1893 manu

343 1931 442 1967 sua
471 1917 631 1982 [uisse
662 1917 953 1980 imperium,
984 1911 1330 1982 donatumque
1366 1913 1678 1981 Vespasiano
1706 1909 1954 1968 iactabat.

347 1987 592 2043 Ceterum
623 1981 825 2041 invidia
857 1985 912 2040 in
942 1985 1174 2054 occult03
1225 1985 1456 2042 adulatio
1485 1988 1543 2042 in
1573 1995 1752 2058 aperto
1783 1996 1955 2044 erant.

344 2063 510 2117 Multo
548 2080 672 2116 cum
703 2063 900 2116 honore
930 2061 1216 2117 verborum
1244 2062 1490 2117 Muciano
1520 2059 1872 2133 triumphalia
1894 2063 1960 2120 de

346 2137 484 2193 bello
504 2137 649 2191 civili
670 2135 816 2191 data:
860 2135 955 2191 sed
980 2137 1037 2191 in
1059 2135 1324 2193 Sarmatas
1345 2137 1610 2209 expeditio
1629 2137 1952 2194 finoebatur.

344 2213 628 2267 Adduntur
649 2213 828 2266 Primo
848 2212 1075 2268 Antonio
1097 2212 1414 2277 consularia,
1445 2212 1687 2269 Cornelio
1752 2232 1890 2270 usco
1909 2222 1958 2269 et

345 2287 499 2342 Arrio
530 2288 664 2341 Varo
692 2290 950 2358 praetoria
982 2289 1236 2362 insignia.
1317 2289 1442 2343 Mox
1469 2289 1594 2344 deos
1634 2306 1719 2343 res
1763 2307 1952 2345 exere:

344 2363 551 2417 restitui
590 2359 790 2432 placuit
827 2361 1170 2434 Capitolium.
1249 2361 1434 2435 anue
1478 2364 1659 2419 omnia
1702 2307 1956 2420 &alerius

342 2435 829 2501 AsiaticuS,consul
850 2437 1181 2512 designatuS‚
1206 2439 1442 2493 censuit:
1486 2441 1641 2493 ceteri
1663 2439 1818 2494 vultu
1842 2458 1958 2495 ma-

344 2528 555 2582 nuque:
598 2514 775 2583 pauci,
806 2512 1011 2584 quibus
1040 2514 1326 2584 conspicua
1354 2513 1589 2586 dignitas
1618 2522 1710 2568 aut
1738 2516 1957 2588 ingeni-

345 2602 436 2638 um
468 2585 767 2642 adulatione
805 2589 1118 2653 exercitum,
1159 2589 1466 2660 compositis
1493 2581 1956 2646 orationibus-ad-

340 2659 722 2715 sentiebantur.
802 2661 904 2716 Ubi
936 2661 1000 2716 ad
1029 2661 1336 2717 Helvidium
1358 2663 1621 2730 Priscum,
1650 2673 1954 2735 praetorem

346 2728 699 2802 designatum,
729 2745 971 2802 ventum,
1000 2739 1267 2809 prompsit
1291 2740 1626 2806 sententiam,
1649 2747 1711 2794 ut
1731 2739 1956 2797 honori·-
