2081 3038
319 184 418 237 336
867 190 1343 235 ANNALUJM
1641 180 1913 253 (amau.

319 290 639 365 tigabantur,
673 290 855 345 eadem
886 291 1063 362 plura,
1094 308 1259 362 quam
1286 291 1531 363 gregario
1561 289 1750 356 milite,
1788 290 1916 349 tole·

317 374 480 421 rante.
561 364 788 420 Ventum
829 366 1023 421 dehinc
1049 366 1107 421 in
1138 365 1289 421 locos-
1304 365 1493 430 cultos,
1534 365 1916 439 demessaeque

315 448 540 514 segetes,
586 447 640 495 et
670 458 738 497 ex
776 441 988 497 duobus
1026 440 1276 506 castellis,
1319 441 1379 495 in
1404 458 1546 513 quae
1572 440 1919 515 confugerant

313 514 576 580 Armenii,
599 514 822 571 alterum
843 518 1030 587 inpetu
1049 523 1291 587 captum3
1316 516 1415 587 qui
1436 516 1668 587 primam
1692 518 1803 573 vim
1824 518 1918 573 de-

313 590 578 665 pulerant,
601 590 876 647 obsidione
895 599 1178 665 coguntur.
1236 590 1387 647 Unde
1404 590 1465 645 in
1482 591 1755 664 regionem
1776 592 1918 648 Tau-

315 668 549 722 rantium
579 673 971 739 transgressus,
1008 665 1345 738 inprovisum
1376 664 1677 737 periculum
1704 668 1915 723 vitavit.

315 742 452 797 Nam
472 741 616 797 haud
634 739 818 812 procul
840 742 1063 797 tentorio
1082 742 1220 805 eius,
1254 758 1361 796 non
1383 740 1637 815 ignobilis
1654 742 1917 798 barbarus

313 834 438 873 cum
481 816 582 873 telo
621 824 882 889 repertus,
913 816 1155 873 ordinem
1182 816 1522 882 insidiarum,
1553 833 1720 889 seque
1735 828 1918 875 aucto-

312 910 426 947 rem
449 900 500 948 et
518 892 689 947 socios
709 908 804 964 per
822 899 1083 947 tormenta
1100 890 1286 956 edidit,
1314 890 1652 965 convictique
1666 901 1721 947 et
1736 895 1916 965 puniti

312 974 460 1030 sunt,
483 966 580 1039 qui
601 966 780 1037 specie
797 967 1063 1022 amicitiae
1079 964 1263 1021 dolum
1282 966 1559 1037 parabant.
1618 967 1731 1023 Nec
1745 968 1917 1023 multo

311 1050 432 1114 post
458 1040 616 1113 legati
636 1040 1002 1113 Tigranocerta
1023 1042 1200 1106 missi,
1225 1050 1406 1108 patero
1424 1046 1627 1097 moenia
1644 1041 1913 1109 adferunt,

311 1123 535 1171 intentos
564 1119 841 1185 popularis
873 1120 945 1170 ad
971 1121 1133 1173 iussa.
1209 1114 1383 1171 Simul
1408 1116 1670 1189 hospitale
1686 1117 1913 1183 donum,

313 1208 562 1247 coronam
581 1207 817 1256 auream,
841 1190 1132 1247 tradebant.
1202 1191 1524 1263 Accepitque
1540 1209 1667 1247 cum
1684 1192 1912 1261 honore,

315 1284 412 1322 nec
429 1265 731 1339 quidquam
753 1266 874 1322 urbi
889 1265 1203 1333 detractum,
1216 1283 1325 1338 quo
1342 1267 1643 1338 promptius
1660 1267 1917 1341 obsequi-

312 1359 408 1397 um
428 1342 624 1415 integri
648 1342 948 1397 retinerent.

421 1418 506 1473 25,
549 1416 618 1473 At
652 1416 978 1487 praesidium
1018 1416 1249 1489 regium,
1291 1415 1437 1488 quod
1476 1414 1621 1472 ferox
1658 1416 1915 1474 iuventus

213 1508 216 1513 ·
311 1490 590 1557 clauserat,
621 1508 729 1548 non
755 1491 874 1546 sine
899 1492 1187 1546 certamine
1211 1499 1577 1566 expugnatum
1596 1501 1693 1548 est.
1774 1493 1913 1550 Nam

311 1575 363 1622 et
389 1562 653 1639 proelium
681 1584 779 1638 pro
809 1567 981 1622 muris
1008 1567 1129 1623 ausi
1149 1576 1314 1631 erant,
1336 1576 1388 1624 et
1406 1567 1553 1638 pulsi
1572 1568 1710 1622 intra
1730 1571 1917 1626 muni-

312 1650 490 1698 menta
508 1658 576 1716 ag
612 1643 718 1696 eris
737 1641 976 1705 demum,
990 1648 1042 1695 et
1062 1643 1485 1713 inrumpentium
1498 1644 1663 1698 armis
1672 1661 1909 1700 cessere:

311 1734 451 1790 quae
478 1658 689 1774 facilius
715 1715 1114 1788 proveniebant,
1147 1718 1276 1788 quia
1303 1717 1484 1773 Parthi
1510 1718 1754 1791 Hyrcano
1770 1719 1914 1775 bello

310 1791 718 1848 distinebantur.
797 1791 1161 1863 Miserantque
1214 1793 1445 1866 Hyrcani
1499 1793 1566 1849 ad
1612 1794 1913 1867 principem

310 1868 632 1932 Romanum.
663 1867 964 1924 societatem
990 1874 1219 1932 oratum,
1250 1872 1479 1924 adtineri
1506 1886 1542 1923 a
1560 1886 1614 1922 se
1642 1869 1914 1940 Vologesen

303 1961 412 2014 pro
441 1947 659 2014 pianore
697 1947 962 1998 anticitiae
997 1949 1337 1998 ostentantes.
1415 1941 1523 1997 Eos
1554 1943 1914 2017 regredientes

311 2017 564 2086 Corbulo,
605 2035 672 2072 ne
699 2017 1008 2090 Euphraten
1034 2017 1354 2091 transgressi
1391 2016 1625 2073 hostium
1654 2020 1915 2076 custodiis

311 2095 844 2158 circumvenirentur,
865 2092 987 2148 dato
1005 2093 1288 2166 praesidi0‚
1313 2091 1380 2146 ad
1401 2091 1551 2148 litora
1575 2095 1741 2149 maris
1759 2093 1913 2150 rubri

309 2169 560 2226 deduxit:
602 2167 766 2234 unde,
813 2167 992 2222 vitatis
1019 2167 1333 2224 Parthorum
1363 2167 1585 2233 finibuS,
1625 2168 1825 2240 patrias
1856 2174 1913 2228 in

311 2243 464 2300 sedes
480 2259 800 2300 remeavere.

419 2313 505 2376 26.
547 2317 692 2384 Quin
721 2327 773 2375 et
800 2317 1089 2384 Tiridaten,
1129 2334 1223 2390 per
1251 2317 1431 2375 Medos
1468 2326 1703 2374 extrema
1722 2320 1917 2376 Arme-

314 2395 432 2448 niae
450 2395 753 2458 intrantem,
787 2393 1081 2465 praemiss'o
1100 2410 1224 2448 cum
1242 2392 1465 2449 auxiliis
1482 2393 1749 2450 Verulano
1768 2394 1918 2469 lega-

313 2479 383 2533 to,
425 2478 583 2542 atque
621 2470 740 2542 ipse
768 2468 1068 2543 legionibus
1108 2469 1249 2533 citis»,
1278 2469 1425 2524 abire
1449 2467 1634 2542 procul
1668 2486 1733 2524 ac
1758 2488 1915 2542 spem

313 2541 441 2596 belli
468 2543 704 2598 amittere
731 2543 973 2618 subegit:
1015 2560 1264 2617 quosque
1286 2543 1443 2600 nobis
1469 2562 1685 2601 aversos
1713 2547 1917 2602 animis

313 2624 644 2688 cognoverat,
667 2617 919 2674 caedibus
940 2626 990 2674 et
1007 2619 1269 2674 incendiis
1282 2619 1685 2690 perpopulatus,
1697 2637 1919 2692 posses-

313 2689 518 2745 sionem
545 2689 827 2749 Armeniae
852 2694 1171 2766 usurpabat:
1222 2710 1348 2749 cum
1386 2694 1601 2750 advenit
1631 2695 1915 2770 TigraneS,
