2081 3038
787 235 1059 286 LIBER
1112 242 1207 289 1v.
1707 228 1801 289 ⁴69

201 338 334 379 Civile
359 338 548 389 superati
565 338 776 379 Voculam
801 340 944 381 denuo
967 343 1225 390 sequuntur,
1254 350 1438 390 quocum
1464 340 1685 385 ebaldione
1709 337 1805 383 Ma-

197 409 439 457 gentiacum
458 408 655 447 liberant.
691 408 880 455 Treveri,
901 418 1015 448 nunc
1033 407 1123 456 fidi,
1143 419 1246 449 mox
1267 409 1462 449 rebelles.

294 476 357 515 38.
389 474 680 525 Vespasianus
712 486 810 515 cum
835 476 932 517 Tito
957 478 1230 517 consulatum
1260 478 1354 517 init.
1402 477 1518 518 Falsi
1550 489 1733 528 pavores
1758 481 1805 519 in

197 543 297 582 urbe
317 546 358 583 et
377 552 402 583 a
418 543 471 583 L.
485 544 657 583 Pisone.
694 544 759 583 ³9.
778 542 1053 583 Domitianus
1073 547 1259 593 praetor.
1294 542 1373 583 Vis
1390 555 1523 594 penes
1540 545 1801 588 Mucianum.

196 611 235 649 Is
252 612 384 650 Primi
403 610 579 651 Antonii
603 612 842 660 potentiam
860 612 1071 660 infringit.
1113 613 1178 651 40.
1198 612 1403 651 Restituti
1422 611 1583 653 Galbae
1601 615 1803 655 honores.

196 678 354 718 Bareas
381 678 528 719 Sorani
555 681 772 728 Manibus,
799 680 850 721 P.
871 679 1022 721 Celere
1039 680 1265 725 damnato,
1292 680 1578 721 satisfactum.
1625 682 1691 721 41.
1716 682 1806 721 Alii

197 756 362 796 quoque
390 748 604 799 delatores
631 748 846 797 castigati.
889 750 956 789 42.
975 748 1026 788 In
1050 749 1119 787 his
1143 746 1365 798 Aquilium
1389 746 1621 797 Regulum,
1648 760 1675 788 a
1690 748 1805 789 Mes-

196 816 300 854 salla
317 815 447 855 fratre
467 814 714 865 defensum,
740 816 972 857 Montanus
999 816 1206 866 percellit.
1250 817 1317 856 43.
1336 816 1403 856 44.
1422 816 1543 857 Idem
1561 818 1606 856 in
1624 816 1804 856 Marcel-

195 883 281 922 lum
314 886 454 923 tentat
479 884 727 933 Helvidius,
763 884 1057 925 intercedente
1083 882 1287 933 Caesare,
1325 885 1581 924 abolendam
1616 886 1805 935 priorum

195 954 431 1001 temporum
447 954 709 1001 memoriam,
724 958 834 993 rato.
852 953 1002 1003 Itaque
1016 953 1063 991 in
1077 960 1238 1002 paucos
1252 952 1379 991 modo
1396 954 1621 993 saevitum.
1652 954 1715 992 45.
1730 952 1807 992 Se·

194 1030 346 1060 nenses
363 1022 418 1061 ob
436 1022 656 1071 pulsatum
675 1026 916 1063 senatorem
934 1021 1087 1071 puniti.
1127 1018 1343 1061 Antonius
1361 1020 1553 1061 Flamma
1570 1022 1664 1070 lege
1683 1031 1807 1071 repe·-

193 1088 422 1129 tundarurn
459 1090 703 1132 damnatus.
771 1092 837 1131 46.
873 1088 1073 1130 Militaris
1110 1088 1263 1129 sedulo
1300 1100 1326 1129 a
1358 1088 1558 1129 Muciano
1592 1100 1805 1139 repressa.

191 1156 254 1195 47.
274 1154 482 1207 Abrogati
502 1158 771 1205 consulatus,
799 1166 906 1207 quos
923 1156 1127 1197 Vitellius
1153 1158 1345 1199 dederat.
1388 1157 1535 1197 Funus
1562 1160 1806 1198 censorium

191 1222 338 1264 Flavio
365 1225 523 1265 Sabino
549 1227 740 1267 ductum.
793 1226 986 1265 48-50.
1012 1224 1065 1265 L.
1094 1226 1282 1275 Pisonis,
1317 1224 1489 1267 Africae
1520 1227 1803 1276 proconsulis,

191 1293 356 1333 caedes.
393 1292 515 1333 Servi
532 1296 624 1334 eius
642 1296 864 1343 egregium
881 1292 1168 1333 mendacium.
1206 1290 1439 1333 Oeensium
1456 1294 1805 1343 Leptitanorum·
1852 1286 1862 1297 ⁶

190 1371 274 1410 que
293 1362 531 1401 discordiae
550 1363 830 1411 compositae.
868 1361 970 1399 Fusi
990 1358 1287 1399 Garamantes.
1325 1361 1389 1400 51.
1408 1362 1663 1400 Parthorum
1682 1362 1805 1401 auxi-

192 1429 250 1467 lia
267 1438 354 1469 non
371 1430 524 1477 recipit
540 1428 852 1477 Vespasianus.
893 1428 959 1467 52.
978 1427 1106 1467 Hune
1132 1428 1289 1466 iratum
1314 1426 1563 1467 Domitiano
1580 1430 1701 1468 Titus
1728 1431 1807 1468 ml-

190 1496 314 1545 tlgat.
351 1496 415 1536 53.
437 1494 550 1536 Cura
567 1496 824 1552 restituendi
843 1492 1045 1544 Capitolii
1063 1496 1109 1534 in
1126 1494 1177 1534 L.
1197 1493 1425 1534 Vestinum
1444 1494 1627 1538 conlata.

294 1563 358 1603 54.
378 1563 540 1604 Audita
557 1573 672 1603 mors
690 1562 850 1603 Vitellii
870 1562 1165 1612 duplicaverat
1182 1562 1343 1603 bellum
1362 1572 1439 1611 per
1456 1562 1617 1604 Gallias
1632 1563 1807 1604 Germa-

190 1631 384 1680 niasque.
448 1631 557 1671 Cum
591 1631 790 1670 incendio
827 1629 1030 1679 Capitolii
1066 1630 1162 1670 finis
1197 1631 1377 1679 imperio
1412 1631 1564 1672 adesse
1600 1633 1808 1675 creditus.

190 1699 384 1739 55-58.
413 1697 642 1738 Interfecto
677 1695 948 1746 Hordeonio,
986 1699 1235 1747 conspirant
1260 1709 1357 1738 cum
1386 1697 1524 1754 Civile
1550 1704 1597 1740 et
1616 1699 1807 1740 Classico

189 1767 328 1806 Iulius
346 1767 480 1806 Tutor
497 1769 542 1805 et
566 1765 704 1805 Iulius
726 1765 924 1806 Sabinus.
967 1765 1133 1806 Natant
1158 1765 1349 1814 reliquae
1370 1765 1547 1817 Galliae.
1591 1766 1807 1808 Romanae

189 1843 362 1886 quoque
379 1834 570 1882 legiones
587 1835 820 1880 tentantur,
837 1835 998 1874 frustra
1014 1835 1228 1874 renitente
1241 1833 1419 1881 Vocula,
1440 1844 1525 1883 quo
1552 1836 1616 1876 59.
1633 1838 1697 1876 60.
1714 1847 1810 1876 cae-

189 1913 255 1949 so,
285 1902 526 1951 vinctisque
543 1901 760 1942 Herennio
787 1905 832 1941 et
855 1901 1052 1942 Numisio
1076 1903 1255 1952 legatis,
1282 1903 1387 1942 istas
1412 1912 1489 1952 pro
1509 1903 1688 1952 imperio
1709 1902 1809 1943 Gal-

188 1972 348 2010 liarum
372 1973 638 2010 sacramento
665 1970 802 2018 adigit
827 1969 998 2019 Civilis,
1034 1969 1171 2012 Tutor
1192 1970 1553 2020 Agrippinenses,
1592 1967 1809 2026 Qlassicus

188 2040 396 2082 obsessos
413 2039 470 2078 ad
486 2037 659 2079 Vetera.
699 2039 763 2079 61.
785 2037 948 2087 Civilis,
966 2039 1060 2078 voti
1078 2029 1269 2088 compos,
1290 2039 1453 2078 crimen
1473 2037 1661 2086 deponit.
1698 2037 1809 2076 Tum

189 2111 236 2149 et
263 2107 400 2148 maior
423 2108 660 2148 auctoritas
675 2106 876 2147 Veledae.
921 2107 985 2147 62.
1007 2104 1241 2156 Captarnm
1267 2107 1487 2156 legionum
1513 2107 1727 2145 moestum
1750 2107 1809 2145 si-

187 2177 371 2226 lensque
385 2185 554 2226 agmen.
586 2173 670 2214 Ala
682 2175 906 2214 Picentina
918 2183 1070 2214 necem
1082 2173 1274 2214 Voculae
1286 2174 1497 2215 vindicat.
1528 2174 1709 2214 eas-65.
1726 2171 1809 2213 Go-

187 2244 308 2283 lonia
331 2243 682 2292 Agrippinensis,
709 2242 1049 2284 Transrhenanis
1076 2241 1279 2289 gentibus
1312 2241 1473 2289 invisa,
1510 2243 1556 2281 in
1594 2252 1809 2282 summum

188 2311 422 2366 discrImen
441 2311 646 2358 adducta,
675 2322 771 2351 cum
791 2310 928 2351 Civile
947 2311 1201 2351 societatem
1220 2310 1320 2358 init,
1345 2309 1535 2351 Veledae
1553 2319 1712 2348 numen
1731 2309 1807 2348 do-

186 2380 258 2418 nis
278 2380 435 2429 placat.
481 2379 547 2419 66.
568 2377 718 2418 Civilis
737 2379 956 2425 Betasios,
986 2379 1198 2426 Tungros,
1225 2378 1406 2418 Nervios
1424 2379 1469 2417 in
1487 2378 1616 2417 fidem
1638 2379 1808 2426 accipit.

185 2447 256 2488 67.
277 2447 382 2486 Fusi
397 2447 616 2496 Lingones
635 2456 662 2486 a
679 2445 900 2495 Sequanis,
920 2445 955 2485 1.
978 2444 1163 2485 Sabinus
1178 2447 1321 2486 victus
1338 2446 1457 2486 latet.
1502 2447 1565 2485 68.
1584 2443 1809 2485 Mucianus

186 2523 290 2555 eum
310 2513 557 2555 Domitiano
575 2515 629 2554 ad
647 2515 808 2554 bellum
834 2514 1084 2562 accingitur.
1128 2515 1192 2553 69.
1218 2514 1341 2553 Remi
1361 2512 1522 2552 Gallias
1548 2513 1591 2551 in
1617 2513 1700 2551 fide
1727 2511 1809 2550 Ro-

186 2591 319 2622 mana
337 2585 606 2630 conservant,
636 2583 830 2631 exceptis
847 2581 1047 2622 Treveris
1066 2583 1197 2631 atque
1213 2582 1496 2630 Lingonibus.
1540 2583 1605 2620 70.
1627 2579 1710 2619 Sed
1728 2589 1809 2619 nec

94 2641 100 2646 ”
186 2645 248 2686 iis
273 2655 354 2686 nee
377 2647 556 2696 reliquis
581 2647 850 2694 civitatibus,
877 2654 960 2687 neo
983 2647 1091 2696 ipsis
1118 2646 1301 2686 ducibus
1319 2647 1435 2695 „satis
1454 2645 1623 2685 consilii
1640 2655 1689 2684 ac
1708 2655 1809 2684 con·

185 2709 378 2750 cordiae.
420 2711 556 2752 Tutor
573 2712 628 2752 ad
644 2713 849 2762 Bingium
866 2713 1020 2752 victus.
1067 2712 1133 2752 71.
1158 2711 1343 2751 Petilius
1361 2709 1541 2752 Cerialis
1564 2709 1807 2759 ungenti·-

187 2783 294 2814 cum
328 2775 470 2822 venit,
512 2787 611 2826 spes
645 2778 935 2818 Romanorum
971 2777 1119 2826 erigit,
1151 2775 1429 2816 Valentinum
1462 2774 1615 2816 ducem
1650 2783 1808 2824 magna

188 2841 338 2888 strage
358 2839 572 2880 adfectum
591 2843 718 2891 capit.
755 2844 819 2884 ⁷2.
837 2841 1048 2884 Treveros
1065 2843 1211 2882 intrat.
1248 2840 1471 2889 Militibus,
1490 2841 1670 2882 exitium
1690 2837 1805 2880 nrbi‘
