2081 3038
188 237 239 278 A.
260 237 308 276 c.
332 219 429 294 15.)
626 227 782 275 ΜΒ.
822 219 893 276 1'1,
934 232 974 276 c
996 234 1040 276 A
1061 229 1114 277 Ρ.
1160 232 1238 276 aa.
1284 229 1364 278 37.
1723 223 1784 278 Ἡ

300 332 385 386 36.
426 329 496 384 Et
512 336 779 385 certamen
798 329 952 386 Gallo
970 330 1227 388 adversus
1247 331 1526 388 Caesarem
1547 337 1794 388 exortum

187 412 288 462 est.
366 405 506 460 Nam
526 405 761 471 censuit,
786 409 843 460 in
862 411 1269 476 quinquennium
1285 413 1686 477 magistratuum
1706 425 1796 462 eo—

186 484 341 536 mitia
357 483 593 536 habenda
604 500 624 534 .-
667 488 825 550 utque
846 483 1102 550 leqionum
1120 484 1277 550 leqati
1286 523 1304 546 ,
1332 487 1424 552 qui
1441 491 1561 538 ante
1573 492 1796 552 praetu-

186 573 307 611 ram
326 572 389 610 ea
406 558 599 611 militia
615 557 986 626 fungebantur,
1016 560 1126 611 iam
1151 563 1260 624 tum
1280 567 1548 624 praetores
1566 562 1797 614 destina-

185 640 402 686 rentur.-
434 635 679 700 princeps
698 634 965 686 duodecim
984 634 1292 686 candidatos
1310 635 1368 686 in
1383 641 1549 688 annos
1565 636 1800 702 cinqutoe

188 708 500 761 nominaret.
576 704 729 762 Haud
748 705 977 766 dubium
998 711 1112 761 erat
1127 747 1140 772 ,
1163 722 1282 761 eam
1301 706 1616 762 sententiam
1635 707 1797 763 altius

188 787 493 853 penetrare,
530 788 581 836 et
598 797 785 836 arcana
804 781 1018 854 imperii
1039 782 1248 836 tentari.
1328 780 1578 836 Tiberius
1596 789 1800 845 tamen,

191 855 353 928 quasi
372 864 653 930 augeretur
670 863 899 928 potestas
920 857 1037 913 eius
1053 898 1068 922 ‚
1109 855 1392 912 disseruit:
1437 855 1610 912 Grave
1627 859 1799 912 mode-

188 935 391 986 rationi
407 949 558 995 suae,
590 940 662 987 tot
680 935 891 1000 eliqere,
927 941 998 988 tot
1014 936 1246 1002 differre.
1333 933 1436 986 Vix
1452 949 1550 1000 per
1568 935 1802 1000 sinyuloe

188 1023 357 1062 annos
382 1009 686 1076 offensiones
711 1011 900 1071 vitari,
942 1012 1180 1077 quamvis
1211 1009 1476 1075 repulsam
1499 1011 1801 1077 propinqua

185 1098 305 1152 epea
326 1084 549 1137 soletur.-
589 1090 839 1152 quantum
856 1085 966 1136 odii
980 1088 1095 1152 sore
1111 1085 1179 1137 ab
1206 1084 1311 1146 hia,
1351 1085 1446 1152 qui
1470 1086 1616 1138 ultra
1642 1086 1801 1152 quin-
1875 1087 1880 1090 '

188 1159 469 1228 quennium
480 1161 851 1226 proiieiantur.
936 1157 1080 1212 Unde
1091 1155 1329 1227 prospici
1340 1174 1507 1227 posse,
1531 1175 1664 1227 quae
1684 1161 1801 1212 eui-

188 1250 288 1304 que
318 1241 425 1288 tam
456 1235 607 1302 lonqo
634 1237 879 1302 temporis
894 1237 1066 1302 spatio
1092 1250 1259 1297 mene,
1297 1236 1505 1298 domus,
1541 1229 1798 1304 fortuna?

187 1306 471 1376 superbire
506 1309 733 1362 homines
768 1311 925 1362 etiam
960 1325 1143 1362 annua
1179 1312 1561 1378 designatione.-
1597 1311 1726 1378 quid
1751 1312 1802 1364 si

186 1388 433 1439 honorem
468 1399 569 1451 per
613 1386 1020 1452 quinquennium
1075 1381 1312 1452 aqitent?
1373 1383 1800 1452 Quinquipiieari

181 1475 409 1529 prorsus
426 1461 791 1527 magistr-etue,
818 1460 1048 1511 subverti
1070 1459 1218 1526 leqes,
1241 1474 1376 1531 quae
1393 1474 1493 1512 sua
1511 1462 1686 1526 spatia
1705 1475 1801 1512 ex-

189 1538 443 1589 ercendae
482 1536 881 1597 candidatorum
919 1535 1212 1587 industriae
1249 1535 1656 1602 quaerendisque
1706 1540 1802 1587 aut

187 1612 457 1679 potiundis
475 1609 755 1661 honoribus
771 1610 1066 1663 statuerint.

304 1684 390 1737 37.
433 1679 735 1737 Favorabili
764 1680 822 1737 iu
850 1680 1086 1753 speciem
1103 1685 1336 1737 oratioue
1355 1681 1467 1737 vim
1487 1681 1702 1752 imperii
1723 1690 1801 1735 te-

191 1758 331 1814 nuit.
412 1755 729 1829 Censusque
754 1755 1095 1829 quorundam
1123 1763 1427 1812 senatorum
1445 1756 1604 1813 iuvit.
1683 1754 1802 1823 Quo

193 1832 371 1905 magis
390 1831 592 1887 mirum
612 1830 740 1898 fuit,
768 1830 916 1905 quod
932 1848 1118 1905 preces
1137 1832 1211 1889 M.
1233 1826 1432 1888 Hortali
1449 1873 1463 1897 ‚
1496 1829 1694 1887 nobilis
1711 1830 1786 1887 iu·
1877 1894 1886 1904 ‚

193 1907 351 1963 venis
365 1948 381 1973 ,
406 1908 466 1961 in
489 1914 795 1980 paupertate
822 1906 1102 1963 manifesta
1117 1948 1131 1973 ,
1172 1906 1460 1979 superbius
1489 1906 1797 1979 aooepisset.

195 1982 375 2055 Nepos
393 1989 504 2038 erat
520 1982 741 2038 oratoris
757 1982 1023 2038 Hortensii
1040 2024 1054 2048 ‚
1087 1980 1314 2038 inlectus
1333 1984 1374 2051 ja
1392 1981 1447 2036 d.
1470 1980 1715 2056 Augusto
1733 1980 1799 2036 li-

193 2056 469 2113 beralitate
494 2056 670 2113 decies
698 2057 956 2126 sestertii,
996 2057 1192 2113 ducere
1228 2073 1452 2112 uxorem
1469 2097 1482 2122 ,
1525 2056 1800 2127 suscipere

194 2131 392 2189 liberos
407 2173 421 2198 ‚
452 2149 519 2187 ne
538 2129 839 2187 clarissima
858 2130 1060 2187 familia
1081 2132 1528 2205 exstingueretur.
1607 2131 1798 2204 Igitur,

194 2215 425 2282 quatuor
452 2206 585 2263 filiis
613 2214 735 2263 ante
752 2205 917 2262 limen
937 2208 1117 2262 curiae
1137 2204 1472 2263 adstantibus
1486 2246 1501 2271 ‚
1535 2203 1649 2260 loeo
1675 2222 1802 2259 sen-

192 2284 406 2349 tentiae,
430 2300 604 2356 quum
624 2284 682 2338 in
701 2281 895 2354 palatio
913 2289 1131 2338 senatus
1150 2282 1434 2337 haberetur
1450 2322 1463 2346 ‚
1493 2278 1654 2335 modo
1669 2280 1804 2335 Hor-

194 2357 353 2415 tensii
375 2357 511 2413 inter
528 2366 759 2414 oratores
778 2357 936 2418 sitam
956 2356 1268 2432 imaginem,
1293 2355 1448 2411 modo
1464 2353 1698 2428 Augusti
1715 2355 1804 2409 in-

194 2441 353 2489 tuens
366 2474 381 2499 ,
413 2432 481 2487 ad
496 2433 645 2488 hunc
664 2431 885 2489 modum
906 2432 1105 2505 coepit:
1147 2433 1329 2488 Patres
1349 2434 1632 2499 conscripti
1637 2471 1654 2493 ,
1691 2432 1799 2494 hoe,

195 2526 416 2579 quorum
433 2526 703 2563 numerum
722 2516 772 2563 et
783 2511 1069 2577 pueritiam
1086 2511 1286 2571 videtis,
1309 2524 1414 2561 non
1431 2513 1610 2575 sponte
1625 2512 1804 2563 suatu-

196 2587 255 2650 li,
266 2587 357 2639 sed
377 2587 503 2653 quia
512 2588 762 2653 princepe
779 2585 1013 2639 monebat
1024 2603 1042 2637 .·
1065 2583 1223 2637 simul
1241 2586 1466 2636 wieres
1482 2584 1584 2635 mei
1600 2596 1804 2635 merue-

193 2668 336 2723 rant,
359 2667 418 2713 ut
433 2667 669 2727 posteros
688 2660 947 2712 haberent.
989 2658 1128 2713 Nam
1147 2673 1255 2725 eqo,
1279 2660 1492 2725 quinon
1506 2660 1798 2724 pecuniam,

192 2751 299 2789 non
331 2736 509 2790 studia
539 2736 747 2804 populi,
791 2750 953 2804 neque
991 2734 1362 2801 eloquentiam,
1401 2734 1588 2801 qentile
1621 2734 1802 2787 domus
