2081 3038
12 1117 21 1318 ι

217 233 460 308 mmet.)
517 277 525 290 ,
625 244 790 288 Lrss.
830 244 930 290 vr.
973 245 1151 290 cAP.
1196 246 1274 290 30.
1319 245 1398 290 31.
1720 239 1821 294 213

177 345 186 354 “
218 345 416 402 effusae
435 343 766 408 clementiae,
789 343 1032 400 modicus
1053 346 1347 412 severitate,
1362 353 1413 400 et
1428 346 1675 418 proximo
1687 364 1824 420 quo-

217 437 328 494 que
355 419 632 486 exercitui,
665 435 764 491 per
793 419 855 474 L.
879 416 1180 491 Apronium
1208 437 1450 477 socerum
1467 463 1479 487 ,
1511 440 1616 479 non
1640 423 1825 498 ingra-

218 505 326 552 ωε.
391 494 544 552 Unde
563 492 706 550 fama
724 501 993 560 constans,
1015 511 1213 550 ausum
1232 496 1439 552 mittere
1456 497 1525 552 ad
1542 497 1823 556 Caesarem

218 571 438 637 litteras,
481 569 813 640 Adfim'mtem
847 573 951 625 sibi
977 587 1094 624 cum
1119 570 1311 626 Seiano
1342 575 1483 626 haud
1508 584 1701 641 sponte,
1732 579 1825 630 sed

221 650 438 703 consilio
469 647 676 709 Tiberii,
711 654 969 714 coeptam:
999 649 1221 716 perinde
1244 663 1316 710 se,
1350 663 1507 716 quam
1547 649 1823 715 Tiberium,

218 725 341 793 [alli
363 723 611 792 potuisse.
688 721 864 790 Neque
891 739 1121 776 errorem
1145 726 1359 776 eundem
1387 725 1473 777 illi
1487 727 1601 778 sino
1616 728 1821 794 fraude,

219 801 348 854 aliis
366 799 531 852 exitio
547 797 846 850 habendum.
907 795 1026 852 Sibi
1042 800 1193 868 fidem
1212 802 1485 868 inteqram,
1506 805 1571 862 et,
1592 803 1645 853 si
1666 802 1827 854 nullis

220 875 430 928 insidiis
453 879 731 941 poteretur,
767 889 1100 929 mansuram:
1146 888 1491 929 successorem
1517 890 1623 928 non
1650 877 1824 939 aliter,

223 965 380 1018 quam
412 950 664 1002 indicium
690 952 896 1015 mortis,
925 957 1277 1018 accepturum.
1354 949 1656 1006 Fir-marem
1686 951 1829 1005 velut

219 1027 422 1094 foedus,
463 1040 564 1094 quo
591 1028 840 1092 princeps
875 1033 1165 1080 ceterarum
1191 1042 1369 1080 rerum
1383 1030 1677 1094 potiretur,
1716 1029 1827 1094 ipse

213 1103 544 1168 provinciam
563 1101 821 1154 retineret.
861 1099 1018 1165 Haec,
1043 1100 1180 1155 mira
1197 1117 1551 1173 quamquam,
1575 1100 1737 1156 fidem
1758 1117 1827 1157 ex

219 1191 282 1232 eo
309 1173 605 1240 trahebant,
636 1174 784 1249 quod
813 1192 957 1230 unus
984 1174 1231 1230 omnium
1258 1175 1436 1232 Seiani
1454 1175 1718 1233 adfinium
1738 1177 1827 1232 in-

218 1247 448 1306 columis
487 1248 766 1324 multaque
802 1251 970 1324 gratia
1009 1252 1234 1308 mansit:
1295 1259 1573 1325 reputante
1610 1252 1824 1309 Tiberio

219 1324 498 1398 publicum
537 1325 647 1380 sibi
681 1325 890 1392 odium,
925 1333 1218 1382 extremam
1254 1333 1496 1394 aetatem,
1539 1329 1825 1404 magisque

212 1399 379 1477 ⁸l‘ama,
401 1418 566 1473 quam
587 1401 662 1466 vi,
682 1407 825 1456 stare
843 1417 930 1454 res
947 1417 1096 1455 suas.

330 1478 414 1531 3⁴.
457 1476 514 1533 C.
538 1475 732 1540 Cestio,
770 1475 844 1531 M.
869 1473 1097 1531 Servilio
1134 1491 1271 1531 eosS.
1315 1474 1523 1533 nobiles
1547 1476 1727 1533 Parthi
1765 1478 1823 1533 in

221 1552 412 1607 urbem
440 1568 655 1615 venere,
686 1551 888 1624 ignaro.
903 1564 1028 1624 rege
1055 1548 1339 1607 Artabano.
1418 1551 1490 1617 Is,
1522 1558 1669 1607 metu
1691 1553 1825 1607 Ger-

221 1627 421 1683 manioi
448 1624 588 1681 fidus
615 1626 892 1691 RomaniS,
922 1624 1220 1698 aequabilis
1238 1625 1295 1679 in
1316 1642 1463 1692 suos,
1486 1643 1615 1683 mox
1634 1644 1827 1699 super-

223 1701 368 1757 bIam
400 1702 458 1756 in
489 1717 605 1766 noe,
637 1700 916 1757 saevitiam
949 1702 1008 1758 in
1034 1700 1319 1775 populares
1346 1703 1607 1775 sumpsit;
1655 1702 1825 1757 fretus

223 1776 380 1831 bellis
395 1816 410 1841 ,
438 1793 580 1847 quae
604 1776 836 1831 secunda
865 1776 1152 1833 adversum
1178 1778 1545 1833 circumiectas
1584 1779 1825 1834 nationes

224 1858 545 1917 exercuerat,
577 1858 630 1906 et
655 1859 978 1909 senectutem
1001 1853 1223 1920 Tiberii,
1255 1860 1317 1908 ut
1338 1854 1619 1921 inermem,
1642 1854 1825 1927 despi-

224 1926 390 1993 ciens,
411 1926 712 1999 avidusque
730 1925 1030 1995 Armeniae,
1054 1930 1163 1995 cui,
1176 1927 1423 1985 defuncto
1440 1946 1565 2003 rege
1582 1928 1818 1997 Artaxia,

223 1999 474 2068 Arsacen,
498 2001 790 2059 liberorum
808 2020 1030 2059 suorum
1055 2005 1421 2069 veterrimum,
1450 2005 1706 2075 inposuit,
1728 2005 1824 2059 ad-

223 2076 330 2131 dita
359 2076 700 2144 contumelia,
731 2085 781 2133 et
809 2078 1013 2145 missis,
1043 2079 1143 2152 qui
1167 2096 1378 2153 gazam,
1407 2096 1438 2133 a
1458 2079 1675 2135 Vonone
1696 2078 1825 2134 reli-

224 2160 360 2209 ctam
399 2152 649 2228 inssyria
686 2152 1000 2226 Ciliciaque,
1031 2161 1384 2227 reposcerent,
1421 2152 1589 2209 simul
1620 2161 1822 2211 veteres

223 2228 506 2285 Persarum
533 2245 594 2283 ao
618 2228 966 2285 Macedonum
993 2230 1247 2286 terminos
1263 2272 1276 2296 ,
1310 2246 1477 2302 seque
1502 2232 1821 2286 invasurum

223 2321 468 2375 possessa
499 2303 656 2378 Cyro,
689 2312 741 2360 et
767 2312 887 2376 post
904 2302 1223 2371 Alexandro,
1250 2322 1347 2376 per
1365 2303 1820 2377 vaniloquentiam

224 2396 283 2434 ac
301 2380 480 2435 minas
496 2380 739 2435 iaciebat.
817 2379 924 2435 Sed
939 2379 1412 2435 Parthis-mittendi
1432 2389 1658 2435 secretos
1680 2398 1823 2434 nun-

223 2454 319 2511 tios
340 2454 710 2512 validissimus
740 2463 920 2511 auctor
939 2452 1043 2511 fuit
1060 2454 1337 2521 Sinnaces,
1366 2455 1572 2528 insigni
1596 2453 1818 2521 familia,

225 2546 282 2585 ac
306 2530 532 2603 perinde
553 2530 770 2602 opibus,
792 2538 842 2585 et
859 2532 1143 2603 proximus
1160 2530 1295 2601 huic
1310 2528 1517 2595 Abdus,
1544 2528 1823 2602 ademptae

225 2605 509 2661 virilitatis.
575 2606 694 2663 Non
713 2606 1020 2679 despectum
1042 2606 1101 2661 id
1118 2605 1263 2677 apud
1280 2605 1551 2672 barbaros,
1572 2604 1823 2678 ultroque

223 2681 508 2751 potentiam
527 2680 704 2738 habet.
783 2683 847 2749 Ii,
872 2682 1089 2738 adscitis
1110 2690 1160 2737 et
1179 2680 1299 2737 aliis
1320 2681 1667 2752 primoribus,
1690 2682 1821 2754 quia

144 2816 152 2829 ,
224 2757 493 2817 neminem
529 2758 704 2835 gentis
742 2756 1123 2819 Arsacidarum
1162 2774 1407 2823 summae
1441 2758 1519 2823 rei
1548 2757 1791 2832 imponor
