2081 3038
158 156 170 161 “
205 179 232 217 Α
280 178 327 215 c.
356 158 452 231 το.)
606 168 763 213 ms.
804 168 909 214 111.
950 169 1130 215 cAP.
1172 169 1411 217 10-12,
1708 167 1806 222 423

202 274 425 325 hostium
447 272 625 336 potius
650 272 965 323 exercitibus
991 272 1141 323 illum
1158 274 1403 339 furorem,
1434 274 1582 325 illam
1601 276 1805 329 discor—

203 348 346 399 diam
367 348 655 407 iniicerent,
676 343 883 398 orabat:
925 342 1092 399 donec
1112 343 1373 399 fatisceret
1391 346 1596 410 seditio,
1623 357 1690 413 et,
1710 366 1805 403 ex-

203 427 372 473 tremo
410 420 519 473 iam
548 418 655 483 die,
696 436 795 472 sua
824 418 1060 490 quisque
1087 420 1145 473 in
1176 420 1396 473 tentoria
1424 419 1800 477 dilaberentur.

202 492 474 550 Profectus
512 492 695 547 eadem
736 500 885 547 nocte
922 492 1232 559 FlavianuS,
1275 494 1450 549 obviis
1489 495 1799 567 Vespasiani

203 568 410 634 litteriS,
435 568 733 623 discrimini
752 576 1032 639 exemptus
1054 576 1150 623 est.

316 646 397 697 Η.
442 644 719 715 LegioneS,
745 642 911 697 veluti
932 644 1052 697 tabe
1071 642 1311 708 infectae,
1331 642 1600 714 Aponium
1623 640 1806 697 Satur-

203 720 415 782 ninum,
440 718 653 773 Moesici
674 720 937 773 exercitus
958 718 1210 791 legatum,
1229 735 1291 773 eo
1309 718 1538 773 atrocius
1559 717 1806 791 adgredi-

201 802 386 855 untur,
410 792 553 863 quod
576 810 701 857 non,
745 800 803 847 ut
820 794 993 863 priuS,
1043 792 1219 848 labore
1239 802 1289 847 et
1307 810 1465 863 opere
1488 791 1676 855 fessae,
1709 793 1804 860 sed

201 868 380 922 medio
407 866 512 921 diei
542 876 871 923 exarserant:
914 867 1148 941 vulgatis
1175 868 1436 939 epistoliS,
1461 884 1600 939 quas
1621 866 1804 921 Satur-

202 945 366 997 ninus
385 942 451 995 ad
468 941 740 1008 Vitellium
759 943 1039 1013 scripsisse
1059 942 1387 998 credebatur.
1454 942 1522 996 Ut
1539 942 1669 997 olim
1692 943 1804 998 vir-

202 1018 329 1073 tutis
352 1016 763 1089 modestiaeque,
788 1025 915 1071 tunc
930 1020 1261 1089 procacitatis
1281 1026 1330 1073 et
1349 1016 1671 1090 petulantiae
1688 1035 1804 1071 cer·
1865 1044 1868 1049 ·

202 1100 373 1147 tamen
397 1102 525 1157 erat,
551 1109 617 1146 ne
636 1094 819 1147 minus
841 1092 1096 1148 violenter
1121 1093 1412 1165 Aponium,
1435 1111 1600 1165 quam
1623 1091 1804 1147 Flavi-

198 1186 383 1232 anum,
416 1168 483 1221 ad
509 1167 835 1238 supplicium
866 1161 1224 1239 de'poscerent.
1305 1168 1518 1240 Quippe
1541 1169 1799 1223 Moesicae

199 1243 452 1317 legiones»,
484 1246 719 1297 adiutam
746 1250 852 1295 «ne
872 1244 1285 1297 Pannonicorum
1303 1248 1548 1297 ultionem
1567 1242 1800 1298 referen-

200 1326 295 1383 teS,
329 1327 380 1371 et
400 1317 710 1380 Pannonici,
741 1314 890 1369 ve'lut
908 1316 1310 1371 absolverentur
1335 1316 1560 1371 aliorum
1583 1317 1800 1373 seditio-

198 1410 285 1457 ne,
328 1394 516 1445 iterare
554 1388 767 1459 culpam
806 1390 1126 1461 gaudebant.
1206 1391 1267 1443 In
1285 1390 1482 1453 hortos,
1512 1392 1568 1444 in
1597 1391 1798 1461 quibus

196 1465 568 1522 devertebatur
604 1462 944 1528 Saturninus,
983 1470 1232 1536 pergunt.
1313 1464 1422 1517 Nec
1448 1472 1556 1519 tam
1585 1465 1800 1522 Primus

196 1551 249 1596 et
276 1540 588 1610 Aponianus
616 1547 666 1592 et
694 1537 959 1603 Messalla,
991 1554 1322 1610 quamquam
1355 1538 1501 1592 omni
1529 1539 1686 1594 modo
1713 1540 1798 1594 ni-

198 1617 267 1679 si,
292 1615 534 1684 eripuere
552 1611 921 1677 Saturninum,
952 1630 1117 1684 quam
1139 1613 1434 1668 obscuritas
1455 1611 1794 1679 latebrarum,

198 1689 403 1760 quibus
433 1687 788 1750 occulebatur,
819 1689 1121 1742 vacantium
1147 1687 1273 1744 sorte
1290 1688 1600 1742 balnearum
1624 1687 1799 1744 forna-

198 1763 353 1818 cibus
375 1760 603 1816 abditus.
656 1762 795 1826 Mox,
816 1763 1031 1818 omissis
1055 1762 1346 1827 lictoribus,
1379 1763 1652 1818 Patavium
1671 1782 1798 1820 con-

198 1838 375 1892 cessit.
448 1836 701 1908 Digressu
721 1837 1080 1892 consularium
1104 1839 1200 1892 uni
1220 1837 1448 1892 Antonio
1471 1837 1552 1891 vis
1572 1855 1633 1892 ac
1651 1849 1798 1909 pote-

196 1921 307 1968 stas
338 1911 393 1966 in
427 1919 715 1982 utrumque
744 1913 1034 1968 exercitum
1064 1912 1184 1977 fuit,-
1206 1912 1516 1967 cedentibus
1537 1913 1790 1986 conlegis,

195 1996 246 2044 et
272 1987 516 2043 obversis
548 1986 781 2041 militum
817 1988 1029 2042 studiis,
1109 1989 1219 2045 Nec
1245 1987 1477 2052 deerant,
1499 1987 1597 2059 qui
1617 1987 1798 2042 crede-

192 2071 329 2126 rent,
364 2071 645 2132 utramque
672 2061 984 2116 seditionem
1014 2061 1200 2118 fraude
1217 2062 1433 2118 Antonii
1454 2071 1711 2134 coeptam,
1736 2071 1797 2120 ut

191 2138 341 2194 solus
362 2136 501 2192 bello
521 2135 799 2191 frueretur.
1194 2199 1198 2202 ,

302 2215 387 2268 42.
429 2211 508 2266 Ne
528 2213 583 2267 in
607 2211 803 2267 Vitellii
824 2210 1046 2284 quidem
1073 2211 1316 2282 partibus
1335 2213 1545 2284 quietae
1566 2220 1789 2280 mentes,

192 2287 494 2342 exitiosiore
512 2286 793 2350 discordia,
821 2304 925 2341 non
948 2286 1348 2358 suspicionibus
1369 2286 1540 2360 vulgi,
1557 2287 1652 2341 sed
1674 2305 1794 2358 per-—

192 2363 315 2416 fidia
354 2362 575 2426 ducum,
619 2361 987 2416 turbabantur.
1067 2361 1310 2416 Lucilius
1344 2362 1562 2426 Bassus,
1603 2361 1791 2418 classis

190 2437 511 2491 Ravennatis
530 2435 845 2507 praefectuS,
859 2435 1141 2508 ambiguos
1161 2436 1397 2492 militum
1407 2438 1634 2502 animos,
1647 2439 1792 2509 quod

191 2528 386 2584 magna
406 2528 529 2582 pars
550 2511 815 2566 Dalmatae
834 2511 1202 2583 Pannoniique
1223 2520 1389 2576 erant,
1416 2529 1555 2583 quae
1575 2515 1792 2583 provin-

191 2587 303 2641 ciae
335 2586 659 2658 Vespasiano
687 2587 1018 2651 tenebantur,
1049 2586 1294 2658 partibus
1323 2589 1440 2641 eius
1469 2587 1791 2662 adgregave-

174 2669 289 2716 .rat.
367 2661 797 2734 Nox'proditioni
824 2661 1007 2727 electa,
1037 2670 1118 2728 ut,
1149 2663 1338 2718 ceteris
1359 2661 1581 2738 ignaris,
1609 2663 1708 2720 soli
1728 2666 1788 2723 in
