2081 3038
181 285 229 323 Α.
250 281 300 324 c.
326 265 421 343 16.)
603 274 761 322 mn.
801 269 1091 336 lucar.
1133 275 1217 324 16.
1262 273 1350 326 17.
1707 265 1764 324 64

182 393 368 434 varum
394 376 621 433 barbara
652 378 791 432 acies
818 377 1016 433 tenuit:
1061 377 1160 434 soli
1187 378 1445 436 Cherusci
1477 379 1603 454 iuga
1630 379 1776 434 inse-

178 453 325 519 dere,
368 459 431 508 ut
455 451 838 524 proeliantibus
866 453 1120 508 Romanis
1157 454 1384 526 desuper
1423 456 1771 510 incurrerent.

181 529 365 582 Noster
394 528 657 583 exercitus
684 528 764 582 sic
788 529 1034 584 incessit:
1079 528 1363 584 auxiliares
1391 530 1530 585 Galli
1553 531 1777 585 Germa-

183 604 344 676 nique
362 603 419 657 in
440 602 635 659 fronte:
665 610 786 675 post
800 619 939 676 quos
958 603 1162 675 pedites
1183 605 1464 678 sagittarii:
1497 605 1618 660 dein
1641 622 1778 678 qua-

182 687 297 734 tuor
325 677 585 752 legiones,
616 686 667 732 et
690 695 815 734 cum
843 678 1056 734 duabus
1085 680 1360 750 praetoriis
1375 679 1688 735 cohortibus
1717 693 1777 734 ac

180 752 379 808 delecto
396 753 575 826 equite
592 753 810 810 Caesar:
840 755 965 808 exin
986 754 1204 809 totidem
1225 752 1359 809 aliae
1377 752 1610 828 legiones
1632 762 1683 808 et
1702 753 1778 808 le-

182 830 267 882 vis
284 835 547 884 armatura
562 871 575 894 ,
607 845 732 884 cum
754 829 932 900 equite
950 829 1223 904 sagittario
1237 872 1250 895 ,
1283 839 1592 902 ceteraeque
1611 829 1780 884 socio-

180 919 303 959 rum
338 901 593 958 cohortes.
672 905 911 958 Intentus
946 913 1276 978 paratusque
1313 902 1498 971 mileS,
1557 911 1618 958 ut
1653 903 1781 959 ordo

183 978 413 1052 agminis
432 979 487 1032 in
508 979 675 1033 aciem
694 979 984 1034 adsisteret.

290 1054 370 1108 ⁴7.
412 1051 557 1109 Visis
577 1052 967 1110 Cheruscorum
990 1057 1235 1120 catervis,
1257 1051 1396 1128 quae
1417 1071 1510 1126 per
1530 1053 1778 1110 ferociam

176 1136 548 1200 proruperant,
608 1127 970 1185 validissimos
1017 1130 1262 1202 equi-tum
1301 1131 1572 1185 incurrere
1615 1129 1774 1196 latus,

176 1203 487 1260 Stertinium
518 1221 645 1259 cum
672 1205 861 1260 ceteris
881 1207 1074 1259 turmis
1096 1205 1480 1278 circumgredi,
1525 1212 1778 1280 tergaque

176 1279 426 1336 invadere
462 1279 638 1345 iubet,
680 1280 798 1352 ipse
834 1282 892 1334 in
922 1289 1158 1351 tempore
1195 1279 1496 1336 adfuturus.
1579 1281 1778 1334 Interea

176 1353 601 1428 pulcherrimum
622 1357 934 1428 augurium,
957 1364 1074 1410 octo
1094 1354 1324 1427 aquilae,
1347 1363 1524 1426 petere
1544 1354 1710 1410 silvas
1731 1363 1782 1408 et

176 1432 371 1485 intrare
390 1431 557 1494 visae,
579 1431 951 1501 imperatorem
972 1429 1261 1484 advertere.
1301 1429 1598 1496 Exclamat,
1621 1432 1778 1493 Irent,

173 1513 511 1576 sequeremur
538 1507 797 1559 Romanas
823 1522 969 1567 uvea,
1006 1509 1231 1573 propria
1258 1507 1512 1573 leqionum
1547 1508 1780 1559 numina.

176 1580 351 1635 Simul
392 1578 655 1651 pedestris
693 1580 832 1634 acies
868 1579 1097 1634 infertur
1111 1622 1124 1644 ‚
1167 1586 1218 1633 et
1254 1580 1586 1650 praemissus
1615 1594 1791 1651 eques,

176 1662 474 1727 postremos
495 1670 556 1708 ac
575 1652 734 1708 latera
752 1653 981 1725 inpulin
1024 1655 1336 1726 mirumque
1354 1654 1500 1709 dictu
1515 1696 1530 1723 ,
1559 1653 1784 1713 duojm-

177 1731 347 1785 stium
366 1728 608 1801 agmina,
638 1727 849 1784 diversa
870 1728 995 1803 fuga
1011 1772 1024 1794 ,
1058 1729 1155 1802 qui
1177 1728 1370 1784 silvam
1391 1736 1692 1794 tenuerant,
1723 1730 1782 1785 in

177 1810 386 1875 aperta3
409 1803 505 1875 qui
526 1805 728 1875 campis
748 1803 1072 1870 adstiterunt,
1096 1805 1153 1859 in
1175 1804 1368 1861 silvam
1381 1802 1632 1860 ruebant.
1672 1806 1784 1861 Me-

177 1879 255 1933 dii
297 1879 434 1932 inter
471 1878 568 1934 hos
605 1878 859 1935 Cherusci
897 1880 1124 1935 collibus
1162 1880 1604 1936 detrudebantur:
1647 1881 1784 1935 inter

178 1970 319 2026 quos
341 1952 573 2027 insignis¹
590 1952 1073 2017 Arminius'manu,
1099 1972 1226 2011 voce
1241 1998 1254 2021 ,
1276 1955 1500 2011 vulnere
1520 1963 1784 2010 sustenta-

181 2030 273 2083 bat
291 2044 558 2101 pugnam:
600 2029 1022 2103 incubueratque
1045 2032 1333 2105 sagittariis
1346 2072 1360 2097 ,
1383 2030 1476 2085 illa
1497 2038 1780 2102 rupturus,

178 2106 237 2159 ni
272 2104 555 2159 Raetorum
584 2102 1090 2178 Vindelicorumque
1119 2114 1169 2160 et
1197 2105 1430 2161 Gallicae
1451 2105 1687 2161 cohortes
1709 2108 1785 2159 si·
1852 2129 1860 2134 -

176 2196 285 2255 gua
314 2179 667 2235 obiecissent.·
731 2179 871 2236 Nisu
898 2187 1074 2235 tamen
1104 2181 1338 2252 corporis
1359 2186 1411 2235 et
1429 2181 1634 2253 impetu
1655 2181 1784 2251 equi

175 2254 441 2327 pervasit,
482 2254 683 2311 oblitus
722 2253 913 2311 faciem
951 2272 1052 2312 suo
1089 2273 1275 2312 cruore
1290 2250 1312 2321 ,'
1351 2261 1419 2311 ne
1457 2262 1780 2311 nosceretur.

176 2330 441 2398 Quidam,
484 2330 727 2405 agnitum
766 2346 797 2385 a
834 2329 1095 2397 Chaucis,
1134 2330 1273 2387 inter
1311 2330 1509 2385 auxilia
1547 2331 1783 2385 Romana

176 2406 484 2479 agentibus,
508 2406 881 2478 emissumque
897 2406 1244 2462 tradiderunt.
1315 2406 1500 2461 Virtus
1520 2419 1614 2460 seu
1639 2403 1784 2460 fraus

176 2480 366 2535 eadem
388 2481 723 2555 Inguiomero
742 2481 998 2556 effugium
1020 2481 1190 2536 dedit:
1215 2482 1371 2536 ceteri
1391 2480 1596 2552 passim
1623 2481 1786 2535 truci-

174 2556 309 2611 dati.
370 2556 437 2611 Et
454 2555 756 2630 plerosque,
779 2564 985 2612 tranare
1005 2558 1282 2629 Visurgim
1303 2562 1572 2622 conantes,
1594 2556 1786 2611 iniecta

174 2630 285 2686 tela
300 2672 313 2697 ,
344 2638 437 2686 aut
452 2633 539 2688 vis
556 2630 797 2687 fluminis
812 2675 825 2698 ,
866 2640 1134 2704 postremo
1153 2631 1318 2685 moles
1339 2632 1610 2687 ruentium
1631 2638 1683 2687 et
1701 2631 1787 2686 in—

176 2706 418 2761 cidentes
436 2708 583 2779 ripae
602 2715 873 2780 operuere.
935 2706 1166 2773 Quidam
1189 2706 1331 2777 turpi
1353 2705 1476 2781 fuga
1495 2708 1552 2762 in
1571 2722 1784 2762 summa

178 2781 437 2837 arborum
458 2783 563 2837 nisi
580 2824 593 2849 ,
624 2784 899 2857 ramisque
918 2798 977 2839 se
995 2780 1319 2837 occultantes
1333 2824 1346 2850 ‚
1379 2782 1602 2839 admotis
1623 2781 1786 2855 sagitr
