2081 3038
221 215 319 268 ⁴⁰2
701 220 1355 266 Hls'ronlanunt
1548 210 1814 283 (A.v.s2z.

217 317 440 382 xandro,
481 319 579 390 qui
609 319 860 375 Kalendis
889 321 1040 375 luliis
1078 329 1406 375 sacramento
1438 318 1556 373 eius
1586 318 1819 391 legiones

217 393 410 466 adegit.
489 394 650 466 isque
688 397 899 466 primus
935 397 1266 467 principatus
1306 395 1421 450 dies
1456 395 1513 448 in
1546 403 1812 464 posterum

217 466 531 533 celebratus,
573 471 827 541 quamvis
863 470 1115 526 iudaicus
1152 471 1417 524 exercitus
1454 469 1521 522 V.
1550 469 1687 523 Non.
1712 466 1810 521 lul.

217 541 360 612 apud
388 543 568 613 ipsum
600 546 844 610 iurasset,
866 563 928 601 eo
945 544 1147 609 ardore,
1177 553 1323 599 utne
1341 545 1491 598 Titus
1512 543 1729 614 quidem
1752 542 1815 594 fi-

218 614 324 670 lius
343 628 754 689 exspectaretur,
785 619 940 694 Syria
959 637 1223 683 remeans,
1246 629 1299 673 et
1316 617 1659 674 consiliorum
1679 618 1815 670 inter

217 691 524 748 Mucianum
545 712 606 748 ac
627 705 826 766 patrem
849 697 1094 750 nuntius.
1152 694 1357 749 Cuncta
1376 695 1561 763 inpetu
1578 691 1813 746 militum

215 774 348 830 acta,
373 784 477 823 non
497 780 676 840 parata
695 770 962 834 concione,
989 786 1095 824 non
1114 770 1413 824 coniunctis
1434 767 1751 840 legionibus.

325 845 410 897 80.
452 844 588 898 Dum
623 844 900 915 quaeritur
923 853 1155 914 tempus,
1198 843 1366 908 locus,
1406 841 1657 916 quodque
1680 843 1815 896 inre

217 915 307 970 tali
328 916 728 983 difficillimum,
764 920 936 988 prima
955 936 1081 984 vox,
1112 919 1245 972 dum
1264 919 1445 974 animo
1466 933 1610 988 spes,
1631 918 1809 981 timor,

215 993 367 1056 ratio,
399 1009 558 1048 casus
579 993 956 1048 obversantur:
997 1011 1275 1068 egressum
1294 992 1543 1047 cubiculo
1558 992 1813 1062 Vespasi-

216 1083 380 1120 anum
411 1068 568 1137 pauci
596 1067 812 1132 milites,
843 1068 998 1123 solito
1025 1069 1339 1124 adsistentes
1360 1067 1565 1130 ordine,
1588 1075 1648 1120 ut
1671 1065 1813 1139 lega-

215 1149 330 1196 tum
351 1141 1022 1210 salutaturi,imperatorcm
1044 1143 1359 1199 salutavere.
1383 1143 1518 1196 Tum
1542 1142 1697 1195 ceteri
1717 1141 1815 1195 ad-

214 1231 444 1278 currere,
493 1215 762 1270 Caesarem
789 1225 842 1270 et
867 1219 1170 1286 Ataeyustum,
1211 1227 1263 1272 et
1276 1218 1455 1272 omnia
1481 1216 1812 1287 principatus

218 1289 470 1346 vocabula
499 1289 793 1346 cumulare.
873 1293 1024 1346 Mens
1053 1310 1083 1347 a
1104 1301 1249 1347 metu
1268 1293 1335 1346 ad
1356 1291 1618 1346 fortunam
1639 1299 1815 1345 trans·

213 1365 362 1418 ierat.
442 1365 502 1420 ln
532 1365 649 1436 ipso
680 1366 812 1422 nihil
844 1367 1134 1431 tumidum,
1158 1367 1440 1440 adrogans,
1463 1374 1557 1420 aut
1572 1367 1629 1420 in
1648 1365 1812 1419 rebus

213 1439 368 1494 novis
407 1457 606 1496 novum
647 1440 764 1496 suit.
845 1443 910 1497 Ut
944 1443 1184 1513 primum
1224 1450 1395 1496 tantae
1420 1438 1811 1495 vicissitudinis

212 1512 456 1571 obfusam
486 1515 656 1571 oculis
683 1517 968 1590 caliginem
995 1517 1222 1582 disiecit,
1254 1516 1553 1571 militariter
1581 1514 1809 1580 locutus,

215 1590 344 1643 laeta
381 1591 562 1645 omnia
593 1599 645 1645 et
671 1592 952 1648 adfluentia
979 1593 1203 1663 excepit.
1284 1592 1529 1664 Namque
1554 1590 1609 1644 id
1628 1592 1811 1661 ipsum

211 1666 493 1735 opperiens
518 1665 818 1731 Mucianus,
850 1668 1077 1723 alacrem
1108 1666 1330 1721 militem
1352 1668 1407 1721 in
1430 1665 1589 1721 verba
1610 1666 1815 1736 Vespa-
1900 1723 1907 1729 ,

213 1738 349 1791 siani
372 1738 558 1811 adegit.
609 1740 748 1795 Tum
767 1742 1205 1797 Antiochensium
1224 1742 1487 1797 theatrum
1508 1741 1811 1813 ingressus,

213 1812 306 1865 ubi
329 1812 440 1867 illis
457 1814 756 1869 consultare
781 1834 900 1871 mos
918 1824 1016 1880 est,
1037 1824 1413 1871 concurrentes
1430 1823 1481 1869 et
1508 1816 1563 1870 in
1584 1814 1815 1869 adulati-

210 1904 368 1941 onem
395 1888 588 1945 effusos
617 1890 952 1961 adloquitur:
993 1892 1123 1945 satis
1160 1891 1385 1946 decorus
1420 1890 1579 1947 etiam
1612 1890 1811 1944 Graeca

215 1961 478 2028 facundia,
511 1965 883 2036 omniumque,
917 1982 1057 2037 quae
1084 1966 1283 2021 diceret
1306 1975 1467 2037 atque
1484 1973 1678 2038 ageret,
1700 1972 1815 2019 arte

211 2040 442 2109 quadam
463 2047 763 2097 ostentator.
788 2039 933 2095 Nihil
955 2058 1053 2113 aeq
1060 2058 1127 2094 ue
1142 2041 1474 2113 provinciam
1490 2040 1721 2094 exercitu
1728 2056 1815 2092 m-

213 2131 319 2185 que
337 2114 591 2178 accendit,
608 2132 772 2185 quam
793 2115 938 2187 quod
957 2115 1299 2171 adseverabat
1317 2115 1616 2177 Mucianus,
1638 2120 1815 2168 statu-

212 2194 312 2243 isse
344 2191 616 2252 Vitellium,
639 2199 696 2243 ut
720 2191 1061 2245 Germanicas
1080 2194 1301 2259 teyt‘onos
1318 2196 1377 2245 in
1394 2190 1607 2257 Syriam
1622 2193 1696 2243 ad
1714 2192 1815 2243 mi·-

213 2267 380 2319 litiam
399 2267 692 2332 opulentam
709 2271 1034 2335 quietamque
1053 2271 1361 2335 transferret
1370 2286 1391 2333 ,·
1418 2273 1601 2319 contra
1618 2264 1813 2331 Syria-

214 2344 288 2393 cis
325 2342 605 2407 leqionibua
647 2339 960 2397 Germanica
997 2344 1239 2404 hiberna,
1282 2343 1422 2394 coelo
1448 2357 1515 2393 uc
1546 2341 1814 2393 laboribus

212 2417 365 2474 dura,
398 2421 738 2468 mutarentur.
817 2414 1029 2485 Quippe
1048 2422 1099 2468 et
1119 2414 1470 2485 provinciales
1494 2421 1645 2467 sueto
1664 2413 1813 2467 mili-
1833 2476 1853 2483 -

213 2494 328 2539 tum
347 2487 692 2543 contubernio
707 2489 1028 2561 gaudebant,
1058 2488 1304 2559 plerique
1324 2486 1811 2543 necessitudinibus

212 2566 262 2611 et
298 2561 784 2631 propinquitatibus
821 2564 1008 2629 mixti;
1050 2572 1101 2617 et
1138 2563 1399 2617 militibus
1428 2568 1687 2617 vetustate
1714 2562 1813 2615 sti-

211 2632 527 2759 ρῆῃάἰιέἓᾳω
549 2644 667 2691 nota
681 2645 734 2692 et
747 2637 1024 2693 familiaria
1039 2646 1209 2692 castra
1227 2638 1285 2691 in
1302 2637 1519 2691 modum
1530 2636 1811 2689 Penatium

262 2726 263 2729 ¹
290 2720 376 2775 tge
445 2716 586 2763 ntur.
