2081 3038
324 188 391 241 92
808 192 1452 239 Hts’rORIARUM
1656 182 1929 273 (musam

324 310 392 350 ne
422 286 709 348 miminum
740 309 907 349 ausus
936 301 1032 348 est.
1118 295 1334 365 lamque
1361 296 1600 350 adsertor
1629 294 1934 349 Galliarum

324 378 373 424 et
398 373 524 424 deus
548 367 763 441 (nomen
782 369 839 424 id
859 369 963 422 sibi
984 367 1264 441 indiderat)
1291 368 1512 423 concitis
1541 377 1656 424 octo
1683 368 1934 424 millibus

323 443 628 508 hominum,
662 438 934 515 proximos
964 443 1270 498 Aeduorum
1298 459 1465 516 pagos
1495 444 1759 510 trahebat3
1801 459 1932 499 cum

320 518 643 593 gravissima
672 519 880 585 civitas,
914 517 1072 574 electa
1104 519 1395 582 iuventute,
1430 520 1646 574 adiectis
1667 538 1696 573 a
1717 518 1935 575 Vitellio

324 593 649 659 cohortibus,
688 592 966 650 fanaticam
998 593 1397 648 multitudinem
1423 593 1650 649 disiecit.
1729 594 1932 666 Captus

322 671 379 724 in
402 686 464 736 eo
492 669 691 740 proelio
711 671 971 725 Mariccus
1000 685 1063 722 ac
1092 685 1216 723 mox
1238 668 1361 722 feris
1385 669 1643 735 obiectus,
1673 671 1802 740 quia
1824 687 1931 726 non

326 744 641 809 laniabatur,
666 745 916 800 stolidum
944 743 1140 816 vulgus
1163 742 1525 799 inviolabilem
1547 744 1808 809 credebat,
1837 745 1933 800 do-

325 837 441 886 nec,
466 827 733 892 spectante
750 818 982 883 Vitellio,
1004 818 1310 874 interfectus
1331 827 1427 874 est.

434 899 519 952 62.
562 896 673 950 Nec
710 894 847 949 ultra
887 897 942 948 in
980 893 1267 950 defectores
1310 900 1401 948 aut
1436 895 1575 950 bona
1603 896 1932 967 cuiusquam

322 971 607 1026 saevitum.
682 969 811 1024 Rata
830 968 977 1023 fuere
997 985 1202 1034 eorum,
1226 970 1324 1040 qui
1345 971 1456 1026 acie
1475 969 1775 1026 Othoniana
1793 971 1934 1026 ceci·-

321 1046 526 1110 derant,
558 1051 887 1110 testamenta,
919 1053 1010 1098 aut
1030 1044 1117 1099 lex
1137 1039 1415 1100 intestatis.
1497 1045 1740 1110 Prorsus,
1775 1047 1823 1099 si
1847 1045 1936 1100 lu·-

322 1121 511 1175 xuriae
532 1127 863 1191 temperaret,
887 1120 1164 1186 avaritiam
1187 1137 1289 1174 non
1311 1121 1547 1176 timeres,
1589 1155 1597 1162 -
1627 1120 1932 1193 Epularum

323 1194 473 1250 foeda
503 1201 555 1249 et
581 1193 923 1266 inexplebilis
953 1194 1146 1251 libido:
1191 1213 1256 1251 ex
1288 1195 1419 1250 urbe
1446 1203 1606 1268 atque
1626 1195 1773 1250 Italia
1796 1196 1933 1250 inri-

322 1277 552 1324 tamenta
590 1269 750 1344 gulae
790 1270 1153 1344 gestabantur,
1198 1270 1558 1342 strepentibus
1597 1271 1664 1326 ab
1701 1277 1932 1343 utroque

322 1346 458 1400 mari
508 1344 821 1400 itineribus:
892 1345 1137 1400 exhausti
1177 1347 1548 1402 conviviorum
1587 1346 1930 1418 adparatibus

321 1421 592 1493 principes
622 1422 929 1476 civitatum:
980 1420 1326 1476 vastabantur
1355 1422 1503 1494 ipsae
1525 1421 1795 1477 civitates:
1839 1422 1932 1476 de-

320 1496 607 1572 generabat
636 1513 665 1552 a
695 1496 871 1552 labore
901 1513 963 1551 ac
982 1496 1178 1552 virtute
1201 1495 1376 1563 miles,
1403 1496 1754 1553 adsuetudine
1775 1496 1931 1554 volu-

320 1581 525 1645 ptatum
554 1580 605 1627 et
632 1578 936 1644 contemptu
966 1571 1139 1627 ducis.
1220 1572 1500 1627 Praemisit
1518 1574 1575 1627 in
1593 1573 1786 1627 urbem
1817 1574 1932 1629 edi-

321 1656 487 1712 ctum,
521 1664 630 1719 quo
658 1646 980 1703 vocabulum
1008 1646 1240 1720 Augusti
1271 1647 1520 1713 differret,
1552 1648 1796 1704 Caesaris
1823 1667 1928 1705 non

321 1724 604 1793 reciperet,
648 1739 773 1778 cum
812 1722 878 1777 de
915 1729 1170 1794 potestate
1209 1720 1344 1777 nihil
1385 1720 1697 1779 detraheret.
1780 1723 1929 1779 Pulsi

321 1797 469 1852 Italia
500 1797 877 1853 mathematici.
958 1796 1189 1853 Cautum
1220 1815 1421 1863 severe,
1453 1816 1518 1853 ne
1540 1799 1747 1872 equites
1770 1800 1924 1855 Rom.

322 1872 449 1929 ludo
469 1880 519 1927 et
539 1890 696 1928 arena
716 1871 1100 1945 polluerentur.
1170 1872 1376 1929 Priores
1398 1873 1453 1929 id
1472 1876 1744 1947 principes
1765 1892 1930 1947 pecu·-

322 1950 411 2004 nia
440 1955 491 2002 et
518 1950 733 2021 saepius
761 1949 817 2002 vi
849 1946 1218 2019 perpulerant:
1260 1964 1323 2003 ac
1351 1948 1606 2021 pleraque
1631 1950 1929 2023 municipia

320 2032 371 2079 et
406 2022 639 2079 coloniae
678 2022 1103 2087 aemulabantur,
1148 2025 1616 2094 cormptissimum
1653 2040 1930 2097 quemque

321 2098 735 2155 adolescentium
754 2100 926 2169 pretio
941 2096 1178 2153 inlicere.

428 2176 517 2229 63.
558 2172 660 2228 Sed
696 2172 943 2229 Vitellius
984 2173 1212 2228 adventu
1255 2171 1430 2227 fratris
1470 2182 1522 2228 et
1557 2174 1929 2246 inrepentibus

322 2248 701 2305 dominationis
740 2249 1013 2323 magistris
1053 2247 1335 2320 superbior
1373 2256 1424 2302 et
1461 2250 1708 2315 atrocior,
1759 2251 1928 2305 occidi

320 2323 642 2380 Dolabellam
666 2324 841 2388 iussit,
874 2339 1036 2397 quem
1065 2324 1121 2378 in
1143 2321 1402 2379 coloniam
1429 2325 1749 2396 Aquinatem
1775 2342 1930 2397 sepo-

321 2400 484 2455 situm
514 2400 583 2454 ab
612 2397 817 2453 Othone
850 2398 1152 2454 retulimuS.
1233 2396 1519 2464 Dolabella,
1553 2399 1730 2454 audita
1761 2410 1931 2455 morte

321 2473 565 2538 OthoniS,
590 2474 776 2529 urbem
798 2473 1087 2528 introierat.
1135 2472 1197 2528 td
1218 2475 1267 2528 ei
1289 2473 1537 2529 Plancius
1557 2474 1751 2540 Varus,
1776 2492 1931 2547 prae-

320 2558 439 2603 tura
470 2548 702 2614 functus,
736 2564 803 2603 ex
831 2548 1039 2603 intimis
1068 2547 1364 2602 Dolabellae
1389 2550 1599 2617 amicis,
1633 2549 1779 2621 apud
1807 2550 1931 2605 Fla-

322 2624 473 2679 vium
495 2622 777 2690 Sabinum,
819 2622 1144 2696 praefectum
1178 2622 1347 2689 urbis,
1390 2624 1601 2691 obiecit,
1642 2634 1928 2695 tamquam,

382 2707 479 2753 vta
517 2702 777 2765 custodia,
828 2703 1008 2754 ducem
1042 2716 1097 2753 se
1133 2702 1286 2753 victis
1315 2702 1563 2767 partibus
1607 2706 1928 2758 ostentasset.
