2081 3038
1627 122 1650 137 d

157 235 209 274 A·
235 213 404 288 mro.)
564 220 723 268 ΜΒ.
762 222 871 268 111.
915 224 1094 271 cAP.
1136 224 1218 273 ετ.
1259 227 1341 281 ⁶8·
1663 224 1760 277 455

157 326 324 381 armis
364 325 546 379 minus
576 322 890 395 placabilem
910 326 1164 381 victorem
1193 326 1516 399 relinqueret
1543 331 1760 404 coniugi

158 419 221 457 ac
240 400 443 455 liberis.
503 400 629 454 Erat
648 400 728 454 illi
750 408 799 454 et
820 400 956 455 fessa
979 410 1144 456 aetate
1162 419 1380 473 parens3
1424 421 1562 474 quae
1585 415 1757 459 tamen

155 476 346 549 paucis
384 482 503 529 ante
530 475 722 529 diebus
750 487 1045 547 opportuna
1078 486 1244 531 morte
1271 478 1538 533 excidium
1565 479 1759 534 domus

156 552 451 625 praevenit,
476 550 611 605 nihil
632 552 933 622 principatu
952 551 1051 605 filii
1072 552 1338 616 adsecuta,
1358 554 1464 607 nisi
1487 553 1685 607 luctum
1711 564 1761 609 et

156 628 353 683 bonam
377 626 593 681 famam.
660 626 779 681 XV.
805 626 921 680 Kal.
948 628 1158 682 Ianuar.
1181 628 1358 681 audita
1380 626 1668 681 defectione
1688 628 1762 683 le-

156 704 333 777 gionis
354 700 780 773 cohortiumque,
794 718 933 773 quae
950 720 1008 756 se
1028 702 1258 757 Narniae
1274 702 1600 765 dediderant,
1613 702 1762 774 pullo

158 780 357 833 amictu
378 776 573 848 palatio
594 776 917 851 degreditur,
939 785 1137 832 maesta
1159 778 1362 833 circum
1389 778 1608 831 familia.
1677 777 1762 834 Si-

158 853 273 908 mul
305 852 569 906 ferebatur
597 851 835 906 lecticula
864 852 1128 923 parvulus
1155 852 1320 918 filius,
1364 853 1584 907 velutin
1607 852 1762 907 sune·-

157 928 307 983 brem
330 943 599 998 pompam.
624 928 789 983 Voces
808 928 995 1001 populi
1014 928 1241 983 blandae
1259 938 1310 983 et
1325 930 1757 1000 intempestivae:

159 1004 319 1059 miles
340 1003 534 1057 minaci
555 1002 783 1058 silentio·

270 1082 353 1133 68.
396 1079 507 1133 Nec
532 1080 823 1150 quisquam
854 1078 983 1134 adeo
1002 1096 1184 1133 rerum
1206 1078 1568 1134 humanarum
1589 1080 1759 1135 inme·-

158 1171 295 1219 mor,
334 1170 498 1226 quem
537 1170 643 1209 non
680 1163 1035 1209 commoveret
1076 1154 1168 1208 illa
1208 1155 1395 1211 facies:
1459 1156 1757 1210 Romanum

156 1230 477 1303 principem,
520 1236 571 1282 et
606 1232 819 1303 generis
857 1230 1084 1284 humani
1111 1230 1292 1300 paullo
1317 1239 1436 1285 ante
1455 1232 1757 1297 dominum,

156 1305 335 1360 relicta
376 1303 615 1358 fortunae
652 1320 782 1360 suae
809 1304 951 1369 sede,
992 1321 1090 1375 per
1119 1305 1400 1376 populum,
1431 1323 1526 1377 per
1546 1308 1757 1373 urbem,

156 1381 303 1435 exire
323 1379 389 1433 de
412 1379 653 1448 imperio.
725 1377 874 1433 Nihil
896 1376 999 1431 tale
1018 1378 1280 1442 viderant,
1307 1380 1442 1433 nihil
1465 1382 1758 1435 audierant.

156 1454 452 1525 Repentina
472 1453 559 1505 vis
578 1452 884 1506 dictatorem
902 1450 1182 1505 Caesarem
1203 1462 1560 1524 oppresserat:
1584 1456 1762 1509 occul-

158 1540 242 1585 tae
262 1529 451 1582 Caium
472 1527 729 1582 insidiae:
764 1544 871 1582 nox
890 1534 940 1580 et
960 1527 1204 1598 ignotum
1226 1545 1318 1581 rus
1341 1527 1520 1601 fugam
1538 1530 1761 1585 Neronis

159 1602 567 1659 absconderant:
593 1602 717 1656 Piso
736 1611 786 1656 et
807 1600 975 1657 Galba
994 1609 1268 1672 tamquam
1290 1601 1345 1656 in
1368 1604 1479 1657 acie
1497 1606 1758 1661 cecidere:

158 1681 217 1733 in
240 1694 338 1732 sua
357 1678 607 1730 concione
619 1677 883 1742 Vitellius,
895 1678 1031 1732 inter
1048 1695 1176 1732 suos
1195 1677 1410 1742 militeS,
1424 1690 1763 1750 prospectan-

161 1754 307 1808 tibus
326 1752 483 1806 etiam
506 1750 741 1817 feminis»,
772 1770 941 1824 pauca
966 1762 1016 1808 et
1034 1754 1301 1825 praesenti
1328 1757 1621 1810 maestitiae⁴
1636 1774 1764 1812 con-

155 1828 403 1904 gruentia
424 1826 658 1882 locutus:
704 1833 879 1882 cedere
898 1847 953 1884 se
967 1835 1122 1898 paci-s·
1141 1839 1188 1883 et
1207 1833 1522 1898 reipublicae
1543 1849 1731 1886 caussa
1743 1852 1761 1886 .·

155 1907 439 1960 retinerent
466 1911 665 1957 tantum
694 1909 1124 1966 memoriam-sui,
1157 1909 1476 1974 fratremque
1505 1914 1553 1959 et
1582 1911 1764 1960 eoniu-

155 1999 268 2051 9em
289 1988 337 2032 et
357 1982 629 2032 innooeiam
650 1982 927 2034 liberorum
940 1989 1160 2034 aetatem
1171 1985 1546 2035 miserarentur
1558 1999 1578 2034 .-
1597 1981 1761 2037 simul

158 2055 334 2110 filium
353 2053 692 2126 protendenS,
706 2055 865 2110 modo
882 2054 1135 2128 singuliS,
1149 2055 1306 2110 modo
1324 2057 1594 2111 universis
1615 2075 1762 2112 com-

156 2131 438 2196 mendam,
472 2138 737 2201 postremo
766 2130 890 2184 fletu
915 2130 1304 2201 praepediente,
1333 2131 1610 2187 adsistenti
1635 2150 1763 2187 con-

158 2205 265 2261 suli
294 2205 576 2279 (Caecilius
596 2205 837 2276 Simplex
856 2205 983 2277 erat)
1012 2204 1316 2260 exsolutum
1338 2225 1366 2261 a
1389 2207 1548 2262 latere
1568 2209 1762 2280 pugio-

160 2298 304 2344 nem,
318 2280 466 2335 velut
486 2282 572 2334 ius
593 2283 739 2336 necis
760 2283 1005 2352 vitaeque
1024 2282 1250 2347 civium,
1265 2282 1532 2337 reddebat.
1562 2284 1760 2354 Asper-

159 2364 317 2410 nante
344 2355 581 2421 consule,
614 2356 1046 2421 reclamantibuS,
1081 2357 1177 2428 qui
1198 2357 1256 2411 in
1275 2360 1524 2413 concione
1543 2358 1760 2412 adstite-

158 2443 295 2494 rant,
320 2439 378 2485 ut
406 2431 463 2484 in
490 2431 617 2485 aede
638 2430 956 2486 Concordiae
975 2433 1250 2503 positurus
1268 2433 1502 2505 insignia
1521 2435 1755 2505 imperii,

159 2506 489 2577 domumque
508 2506 684 2560 fratris
704 2508 986 2577 petituruS‚
1011 2507 1275 2562 discessit.
1355 2509 1522 2563 Maior
1546 2509 1636 2564 hic
1653 2509 1760 2563 cla-

162 2597 277 2636 mor
304 2580 676 2636 obsistentium
703 2581 987 2636 Penatibus
1018 2583 1261 2653 privatis,
1293 2583 1351 2637 in
1379 2583 1638 2654 palatium
1664 2601 1762 2640 vo-

158 2656 417 2711 cantium.
495 2657 850 2712 Interclusum
880 2657 1029 2713 aliud
1058 2659 1176 2725 iter,
1205 2657 1374 2730 idque
1389 2659 1586 2725 solum,
1610 2659 1755 2732 quod

158 2732 217 2788 in
238 2729 448 2788 Sacram
469 2736 615 2790 viam
633 2741 891 2810 pergeret,
910 2734 1139 2808 patebat.
1191 2734 1330 2790 Tum
1349 2735 1560 2793 consilii
1579 2737 1752 2810 inops,
