2081 3038
212 220 457 296 mess.)
608 229 766 277 mn.
802 223 922 276 xv.
964 223 1140 274 cAt’.
1181 225 1422 275 41—43.
1705 223 1795 276 38⁴

212 333 411 388 amissa
450 338 595 398 sunt,
636 347 923 386 numerum
951 330 1090 384 inire
1115 329 1260 383 haud
1285 334 1592 400 promptum
1617 325 1802 385 fuerit:

210 407 307 462 sed
316 406 680 463 vetustissima
698 405 971 479 religione,
984 403 1129 476 quod
1148 403 1366 460 Servius
1375 402 1584 458 Tullius
1601 404 1801 469 Lunae,

211 491 264 536 et
283 483 473 556 Magna
500 499 590 537 ara
622 480 932 552 fanumque,
964 496 1104 552 quae
1131 478 1396 550 praesenti
1412 478 1621 533 Herculi
1642 479 1804 533 Arcas

212 557 459 612 Evander
484 563 796 621 sacraverat,
826 555 1091 628 aedesque
1119 553 1338 608 Statoris
1367 552 1526 617 Iovis,
1556 561 1674 608 vota
1701 555 1807 609 Ro-

212 631 380 698 mulo,
402 632 721 702 Numaeque
746 632 889 704 regia
908 639 959 684 et
977 629 1264 684 delubrum
1290 629 1477 684 Vestae
1493 645 1617 682 cum
1640 629 1807 683 Pena-

211 707 358 762 tibus
394 706 579 779 populi
618 707 863 772 Romani,
894 713 1100 760 exusta.
1179 705 1292 758 Iam
1312 719 1458 776 opes,
1481 709 1554 758 tot
1573 702 1806 758 victoriis

211 783 501 854 quaesitae,
520 789 571 835 et
579 781 899 837 Graecarum
919 780 1116 836 artium
1131 779 1340 845 decora,
1361 779 1488 833 exin
1507 778 1806 832 monimen*

212 865 262 911 ta
283 858 621 931 ingeniorum
642 857 858 928 antiqua
879 863 931 910 et
949 856 1272 928 incorrupta,
1295 853 1569 928 quamvis,
1587 853 1644 908 in
1665 861 1804 907 tanta

211 932 539 1006 resurgentis
556 931 707 988 urbis
726 929 1146 1004 pulchritudine,
1175 927 1342 984 multa
1361 929 1596 984 seniores
1616 930 1808 982 memi-

214 1014 418 1072 nerant,
446 1022 587 1079 quae
611 1006 840 1079 reparari
870 1005 1181 1078 nequibant.
1261 1004 1450 1070 Fuere,
1474 1004 1570 1076 qui
1591 1003 1807 1058 adnota-

210 1089 347 1148 rent,
371 1081 513 1138 xtv.
537 1081 759 1136 Kalend.
783 1079 1008 1136 Sextiles
1033 1081 1365 1152 principium
1385 1078 1619 1135 incendii
1640 1078 1806 1133 huius

208 1166 406 1223 ortum,
439 1174 549 1230 quo
575 1164 626 1211 et
644 1155 878 1212 Senones
898 1163 1104 1228 captam
1127 1155 1316 1210 urbem
1337 1153 1802 1210 inflammaverint.

208 1231 319 1288 Alii
357 1249 420 1288 eo
457 1249 633 1305 usque
668 1249 796 1288 cura
827 1231 1096 1305 progressi
1124 1238 1271 1296 sunt,
1305 1239 1366 1285 ut
1394 1229 1607 1285 totidem
1640 1245 1805 1284 annos

208 1301 533 1380 mensesque
551 1314 603 1362 et
620 1306 737 1362 dies
753 1306 891 1362 inter
908 1314 1139 1378 utraque
1156 1305 1398 1360 incendia
1420 1313 1718 1360 numerent.

320 1385 404 1440 42.
446 1381 691 1438 Ceterum
720 1382 859 1436 Nero
886 1397 1021 1436 usus
1049 1387 1131 1434 est
1157 1381 1356 1452 patriae
1373 1380 1566 1448 ruinis,
1596 1389 1807 1435 exstru-

211 1459 397 1531 xitque
414 1457 655 1522 domum,
678 1457 733 1512 in
754 1473 861 1529 qua
881 1454 1027 1509 haud
1046 1453 1268 1527 perinde
1281 1470 1526 1529 gemmae
1545 1462 1595 1509 et
1613 1471 1803 1510 aurum

210 1532 469 1589 miraculo
496 1540 691 1596 essent,
726 1530 876 1586 solita
906 1530 1114 1603 pridem
1144 1538 1196 1583 et
1224 1529 1356 1584 luxu
1387 1529 1619 1602 vulgata,
1641 1546 1804 1601 quam

210 1624 336 1663 arva
376 1613 429 1661 et
463 1615 647 1680 stagna
676 1615 728 1660 et
757 1606 815 1660 in
842 1604 1064 1660 modum
1094 1602 1443 1659 solitudinum
1473 1604 1601 1659 hinc
1619 1604 1803 1670 silvae,

208 1682 337 1738 inde
356 1689 533 1753 aperta
552 1680 720 1752 spatia
742 1688 792 1733 et
806 1686 1147 1752 prospectus:
1171 1680 1442 1753 magistris
1462 1688 1512 1733 et
1533 1679 1808 1735 machina·-

212 1756 417 1811 toribus
442 1754 635 1809 Severo
660 1762 711 1809 et
738 1754 938 1821 Celere,
968 1755 1172 1827 quibus
1199 1756 1478 1829 ingenium
1511 1763 1561 1809 et
1587 1755 1804 1811 audacia

210 1837 341 1895 erat,
363 1830 521 1883 etiam
540 1844 681 1900 quae
700 1836 887 1884 natura
906 1830 1292 1904 denegavisset,
1310 1847 1406 1901 per
1425 1838 1590 1884 artem
1609 1838 1807 1885 tentare

210 1914 265 1960 et
281 1905 490 1959 viribus
508 1904 769 1976 principis
789 1903 1048 1959 inludere.
1105 1906 1352 1977 Namque
1370 1905 1438 1960 ab
1459 1904 1576 1959 lacu
1594 1903 1808 1960 Averno

212 1978 567 2053 navigabilem
599 1977 793 2034 fossam
822 1997 997 2051 usque
1020 1980 1088 2035 ad
1103 1983 1235 2035 ostia
1255 1980 1502 2035 Tiberina
1522 1979 1806 2051 depressu-

215 2073 303 2113 ros
328 2056 699 2128 promiserant,
732 2054 997 2127 squalenti
1027 2054 1216 2121 littore,
1247 2063 1340 2111 aut
1363 2071 1459 2128 per
1481 2062 1687 2109 montes
1712 2054 1806 2109 ad-

210 2148 411 2188 versos.
491 2131 679 2203 Neque
705 2130 849 2185 enim
868 2128 1015 2185 aliud
1033 2129 1320 2186 humidum
1345 2130 1632 2204 gignendis
1649 2130 1806 2201 aquis

208 2207 457 2271 occurrit,
478 2223 645 2279 quam
668 2205 975 2278 Pomptinae
993 2203 1243 2277 paludes:
1284 2214 1454 2260 cetera
1472 2204 1692 2276 abrupta
1715 2212 1807 2257 aut

210 2281 438 2337 arentia:
480 2296 559 2347 ac,
592 2281 641 2335 si
669 2282 948 2353 perrumpi
975 2288 1212 2352 possent,
1243 2279 1606 2337 intolerandus
1637 2278 1801 2343 labor,

210 2373 311 2413 nec
337 2357 467 2411 satis
496 2372 734 2412 caussae.
811 2356 953 2411 Nero
977 2363 1175 2422 tamen,
1206 2364 1266 2410 ut
1283 2362 1391 2411 erat
1410 2352 1804 2409 incredibilium

210 2432 437 2504 cupitor,
480 2430 701 2487 effodere
738 2432 981 2503 proxima
1018 2429 1230 2487 Averno
1257 2432 1386 2504 iuga
1413 2430 1676 2485 connixus
1696 2437 1802 2485 est:

210 2514 537 2579 manentque
552 2507 776 2579 vestigia
796 2507 987 2561 inritae
1010 2507 1145 2578 spei.

323 2584 408 2638 ta.
451 2581 694 2637 Ceterum
724 2580 904 2647 urbis,
936 2598 1076 2654 quae
1102 2580 1286 2636 domui
1315 2588 1644 2653 supererant,
1674 2580 1803 2645 hon,

210 2665 273 2712 ut
288 2664 409 2729 post
428 2654 628 2712 Gallica
648 2656 911 2722 incendia,
934 2656 1081 2711 nulla
1101 2657 1459 2720 distinctione,
1489 2673 1586 2709 nec
1603 2658 1802 2728 passim

212 2740 403 2800 uecta,
433 2732 527 2787 sed
546 2732 807 2791 dimensis
825 2733 1064 2789 vicorum
1085 2730 1366 2789 ordinibus
1385 2738 1436 2785 et
1457 2730 1574 2786 latis
1596 2733 1804 2790 viarum
