2081 3038
262 242 369 307 ν182
747 245 1400 292 HISTORIARUM
1599 237 1872 310 (Λ.υ.823.

273 348 375 414 vel,
400 347 448 403 si
468 348 803 415 retineretur,
829 348 1034 403 semina
1056 345 1350 403 discordiae
1369 348 1660 419 praeberet,
1679 348 1736 403 in
1759 348 1878 403 Fri-

268 426 378 480 sios
399 424 663 479 avehitur.
1592 480 1596 484 Δ

383 504 465 556 19.
528 499 723 555 Iisdem
761 497 953 553 diebus
1000 498 1316 553 Batavorum
1357 504 1406 551 et
1443 496 1872 553 Canninefatium

270 576 527 640 cohortes,
562 591 686 630 cum
716 575 873 629 iussu
893 572 1093 629 Vitellii
1121 573 1178 628 in
1207 572 1396 627 urbem
1423 581 1721 646 pergerent,
1743 574 1876 628 mis-

270 670 366 707 sus
407 671 436 706 a
476 650 651 707 Civile
686 651 909 705 nuntius
947 647 1278 720 adscquitur.
1358 649 1666 703 Intumuere
1697 650 1873 703 statim

272 728 523 800 superbia
546 726 863 799 ferociaque,
886 732 937 779 et
948 730 1176 793 pretium
1195 728 1417 787 itineris,
1436 728 1752 786 donativum,
1775 728 1876 778 du-

266 806 394 872 plex
411 808 737 872 stipendium,
758 805 943 871 αηρενς·
960 804 1190 869 equitum
1207 816 1494 863 numerum,
1507 800 1769 871 promissa
1789 818 1877 853 sa-

272 898 339 934 ne
359 897 387 933 a
410 879 640 942 Vitellio,
680 875 1035 949 postulabant,
1081 892 1184 930 non
1215 882 1275 929 ut
1301 874 1738 947 adsequerentur,
1781 874 1876 929 sed

272 972 518 1009 caussam
538 953 804 1008 seditioni.
880 952 946 1005 Et
966 952 1005 1005 F
1012 951 1208 1017 laccus,
1230 949 1399 1006 multa
1417 950 1768 1014 concedendo,
1793 952 1878 1004 ni·-

273 1029 349 1084 hil
382 1029 528 1083 aliud
556 1028 813 1092 effecerat,
862 1029 1024 1099 qua'm
1049 1035 1108 1081 ut
1133 1026 1310 1081 acrius
1331 1033 1694 1097 exposcerent,
1737 1043 1876 1097 quae

270 1106 507 1159 sciebant
536 1111 872 1175 negaturum.
952 1101 1138 1173 Spreto
1163 1101 1376 1167 Flacco,
1407 1100 1712 1156 inferiorem
1742 1101 1876 1157 Ger-

272 1181 507 1233 maniam
528 1178 779 1249 petivere,
810 1186 872 1231 ut
893 1176 1052 1232 Civili
1074 1179 1440 1251 iungerentur.
1519 1176 1874 1243 Hordeonius,

272 1254 525 1307 adhibitis
556 1250 787 1306 tribunis
816 1252 1348 1324 centurionibusque,
1377 1251 1715 1318 consultavit,
1739 1270 1876 1309 num

270 1329 593 1401 obsequium
623 1328 915 1383 abnuentes
942 1325 999 1383 vi
1022 1335 1299 1383 coerceret.
1378 1328 1521 1393 Mox,
1544 1329 1703 1382 insita
1721 1329 1880 1401 igna-

270 1405 357 1459 via
389 1414 440 1459 et
472 1402 695 1475 trepidis
722 1404 1018 1469 ministris,
1061 1421 1198 1475 quos
1228 1403 1517 1476 ambiguus
1547 1402 1876 1459 auxiliorum

271 1482 415 1537 anim
426 1499 487 1536 us
515 1489 566 1535 et
594 1479 772 1538 subito
795 1479 1001 1536 delectu
1028 1478 1304 1552 suppletae
1335 1478 1566 1554 legiones
1586 1479 1878 1552 angebant,

270 1558 471 1622 statuit,
496 1557 763 1611 continere
782 1556 919 1610 intra
940 1563 1109 1610 castra
1131 1555 1376 1610 militem.
1447 1555 1578 1609 Dein
1599 1557 1882 1626 poeniten-

270 1635 361 1696 tia,
386 1641 436 1686 et
455 1630 805 1705 arguentibus
826 1632 981 1703 ipsiS,
1000 1632 1098 1702 qui
1117 1639 1410 1694 suaserant,
1423 1639 1698 1702 tamquam
1717 1649 1882 1688 secu-

272 1717 447 1770 turus,
480 1708 696 1778 scripsit
724 1707 988 1762 Herennio
1016 1705 1188 1771 Gallo,
1213 1705 1436 1779 legionis
1456 1707 1662 1778 primae
1683 1706 1876 1780 legam,

271 1783 366 1854 qui
388 1779 626 1837 Bonnam
646 1781 933 1846 obtinebat,
965 1790 1025 1836 ut
1048 1791 1252 1837 arceret
1277 1787 1502 1837 transitu
1527 1783 1782 1836 Batavos.-
1823 1802 1883 1838 ae

272 1876 385 1911 cum
403 1864 639 1912 exercitu
662 1863 819 1926 teryis
838 1874 1013 1910 eorum
1032 1860 1326 1912 haesurum.
1389 1857 1457 1911 Et
1475 1859 1708 1929 opprimi
1730 1867 1884 1928 pote-

270 1942 405 1999 rant,
439 1934 486 1987 si
516 1931 644 1988 hinc
670 1931 1019 1996 HordeoniuS,
1045 1932 1169 1986 inde
1189 1930 1397 1997 GalluS,
1421 1933 1580 1987 motis
1599 1934 1883 2006 utrimque

268 2009 456 2079 copiis,
481 2008 687 2062 medios
706 2006 1039 2062 clausissent.
1122 2006 1344 2062 Flaccus
1373 2009 1558 2063 omisit
1575 2009 1878 2080 inceptum,

268 2083 501 2156 aliisque
532 2082 719 2137 litteris
749 2081 964 2138 Gallum
998 2083 1226 2148 monuit,
1257 2101 1324 2137 ne
1353 2089 1571 2138 terreret
1589 2083 1875 2140 abeuntes,

272 2158 419 2213 Unde
438 2158 692 2230 suspicio,
706 2167 893 2230 sponte
914 2157 1206 2231 legatorum
1228 2158 1446 2212 excitari
1465 2157 1700 2213 bellum:
1741 2177 1882 2216 cun-

269 2242 476 2306 ctaque,
522 2250 661 2306 quae
690 2233 988 2288 acciderant
1014 2239 1106 2287 aut
1125 2233 1516 2298 metuebantur,
1560 2250 1662 2288 non
1683 2234 1881 2291 inertia

272 2309 477 2374 militis,
505 2325 679 2380 neque
698 2309 933 2365 hostium
954 2310 1029 2374 vi,
1053 2309 1150 2364 sed
1169 2307 1354 2364 fraude
1376 2309 1578 2366 ducum
1599 2310 1840 2366 evenire.

377 2388 462 2440 520.
506 2385 706 2448 Batavi,
750 2402 875 2439 cum
913 2384 1102 2438 castris
1129 2378 1502 2438 Bonnensibus
1543 2385 1885 2457 propinqua-

268 2467 402 2523 rent,
434 2459 776 2529 praemisere,
806 2460 903 2533 qui
923 2460 1188 2514 Herennio
1209 2459 1360 2514 Gallo
1380 2458 1626 2514 mandata
1645 2459 1886 2519 cohorti-

267 2551 361 2588 um
383 2541 685 2604 exponeret.
768 2535 983 2589 Nullum
1002 2538 1106 2589 sibi
1125 2537 1312 2588 bellum
1329 2538 1580 2589 adversus
1598 2536 1882 2604 Romanos,

262 2625 361 2676 pro
382 2613 568 2676 quibua
589 2614 773 2664 totiena
794 2613 1086 2664 bellassent.
1169 2610 1344 2678 Lonqa
1372 2618 1529 2678 atque
1547 2614 1714 2665 inrita
1733 2617 1888 2668 mili-

268 2686 343 2732 tia
361 2687 511 2749 sessis
528 2687 740 2750 patriae
759 2693 916 2754 atque
935 2690 1031 2739 otii
1051 2688 1342 2752 cupidine-m
1363 2701 1486 2739 esse.
1536 2684 1598 2742 St·
1617 2702 1765 2741 nemo
1787 2691 1890 2743 ob—

266 2757 484 2818 sisteret,
514 2761 792 2812 innoxium
819 2763 920 2814 iter
944 2765 1088 2829 [ov-05
1125 2765 1211 2814 ain
1238 2777 1392 2813 arma
1411 2769 1710 2825 occumnt,
1731 2767 1888 2832 [erro
