2081 3038
254 195 318 245 88
752 223 757 227 -
816 198 1287 244 ANNALIUM
1577 189 1850 262 (mnan.

252 303 456 358 circum
478 297 637 353 latera
655 296 841 369 templi
860 299 1044 353 Martis
1067 297 1260 353 Ultoris
1273 339 1286 363 ,
1317 315 1444 353 cum
1463 297 1639 372 effigie
1657 299 1858 356 Caesa-
1916 341 1926 350 .

252 391 405 434 rum:
429 372 639 428 laetiore
654 372 884 438 Tiberio,
898 373 1028 444 quia
1046 389 1231 445 paoem
1249 373 1508 444 sapientia
1527 373 1851 441 firmaverat,

251 466 418 525 quam
438 446 487 503 si
504 446 711 503 bellum
729 464 824 520 per
850 449 992 503 acies
1018 445 1346 503 confecisset.
1371 443 1382 454 ’
1424 449 1592 522 Igitur
1610 449 1856 504 Rhescu-

251 525 408 598 porin
463 539 707 596 quoque,
767 521 1020 578 Thraciae
1077 539 1256 596 regem
1272 563 1286 587 ,
1347 530 1465 578 astu
1522 523 1849 598 adgreditur.

254 599 485 656 Omnem
502 614 621 653 eam
641 597 906 654 nationem
924 596 1320 652 Rhoemetalces
1339 604 1601 654 tenuerat:
1629 615 1743 671 quo
1761 598 1856 654 de-

256 673 454 740 functo,
476 671 755 748 Augustus
771 679 976 744 partem
996 673 1264 727 Thracum
1273 672 1678 744 Rhescuporidi,
1705 671 1854 729 fratri

254 751 391 816 eius,
413 755 619 821 partem
639 747 749 804 filio
768 747 921 822 Cotyi
939 747 1201 820 permisit.
1280 748 1342 801 In
1361 761 1422 802 ea
1441 747 1706 806 divisione
1725 765 1852 802 arva

253 832 306 880 et
324 823 486 881 urbes
502 830 554 879 et
571 823 747 878 vicina
768 822 987 878 Graecis
1004 821 1186 896 Cotyi3
1208 821 1354 894 quod
1373 822 1658 888 incultum,
1681 821 1852 888 ferox,

254 899 524 956 adnexum
551 897 797 953 hostibus
812 937 826 961 ,
864 896 1250 967 Rhescuporidi
1279 895 1461 952 cessit:
1501 897 1856 970 ipsorumque

255 991 445 1049 regum
463 973 679 1046 ingenia
694 1013 707 1037 ,
729 970 812 1027 illi
832 972 962 1026 mite
980 978 1031 1027 et
1049 985 1333 1026 amoenum
1348 1013 1362 1033 ,
1387 971 1517 1027 huic
1535 980 1684 1028 atrox
1699 1013 1713 1037 ,
1738 975 1856 1027 avi-

255 1050 387 1105 dum
414 1054 467 1102 et
492 1047 753 1103 societatis
782 1047 1070 1118 impatiens
1094 1053 1221 1102 erat.
1299 1045 1403 1102 Sed
1429 1047 1604 1118 primo
1627 1046 1856 1102 subdola

254 1121 531 1180 concordia
548 1137 731 1196 egere:
754 1137 881 1176 mox
897 1121 1256 1192 Rhescuporis
1367 1119 1455 1176 edi
1474 1121 1628 1188 fines,
1652 1129 1856 1178 vertere

256 1199 313 1254 in
342 1213 403 1252 se
432 1195 587 1270 Cotyi
612 1195 732 1251 data
745 1236 761 1262 ,
802 1203 855 1252 et
878 1197 1144 1252 resistenti
1173 1195 1287 1252 vim
1328 1212 1503 1264 acere;
1547 1203 1855 1252 cunctanter

255 1272 361 1328 sub
378 1269 640 1346 Augusto,
662 1287 828 1344 quem
846 1278 1114 1328 auctorem
1133 1271 1420 1343 utriusque
1435 1272 1607 1345 regni,
1635 1273 1684 1326 si
1703 1287 1855 1342 sper-

256 1353 487 1412 neretur,
512 1344 781 1402 vindicem
798 1345 1084 1402 metuebat.
1151 1345 1458 1412 Enimvero,
1480 1345 1659 1402 audita
1679 1353 1856 1402 muta-

258 1422 401 1478 tione
417 1421 697 1494 principis,
721 1420 1006 1478 immittere
1026 1419 1287 1478 latronum
1307 1420 1494 1496 globos
1507 1462 1522 1487 ,
1545 1420 1856 1477 exscindere

258 1495 489 1563 castella,
512 1513 701 1553 causas
719 1495 879 1553 bello.

366 1576 453 1629 65.
494 1572 641 1629 Nihil
660 1588 830 1645 aeque
849 1572 1124 1629 Tiberium
1151 1573 1372 1627 anxium
1399 1570 1652 1637 habebat,
1687 1588 1854 1644 quam

258 1665 327 1703 ne
354 1648 642 1719 composita
668 1648 1026 1703 turbarentur.
1104 1645 1298 1721 Deligit
1322 1648 1683 1703 centurionem
1699 1688 1713 1712 ,
1755 1648 1856 1719 qui

258 1722 526 1777 nuntiaret
543 1722 760 1795 regibus
774 1763 789 1787 ,
819 1740 884 1776 ne
906 1728 1073 1776 armis
1099 1726 1442 1789 disceptarent
1451 1742 1486 1777 .·,
1510 1722 1798 1794 statimque
1825 1738 1855 1776 a

260 1796 424 1882 Cotye
439 1794 663 1849 dimissa
684 1803 830 1862 sunt,
854 1812 994 1867 quae
1011 1803 1305 1867 paraverat,
1328 1794 1548 1851 auxilia.
1614 1796 1856 1852 Rhescu-

258 1887 407 1943 poris
424 1869 542 1925 ficte
560 1870 814 1925 modestia
834 1868 1084 1941 postulat,
1109 1875 1321 1926 eundem
1337 1876 1396 1927 in
1415 1874 1581 1926 locum
1597 1876 1827 1927 cois-etur
1838 1890 1856 1925 .-

252 1961 405 2015 posse
424 1948 489 1999 de
509 1949 872 2001 controversiis
890 1949 1144 2015 colloquio
1163 1950 1400 2015 transigi.
1457 1946 1567 2001 Nec
1582 1946 1679 2002 diu
1697 1945 1858 2002 dubi-

258 2027 428 2076 tatum
448 2018 515 2075 de
534 2026 769 2091 tempore
781 2061 796 2086 ,
819 2020 933 2076 loco
944 2062 958 2087 ,
980 2020 1105 2075 dein
1123 2019 1543 2076 conditionibus:
1583 2037 1710 2076 cum
1729 2020 1858 2076 alter

260 2092 509 2150 facilitate
522 2136 537 2161 ,
568 2092 699 2151 alter
719 2093 903 2150 fraude
920 2102 1109 2151 cuncta
1129 2095 1267 2151 inter
1283 2112 1344 2150 se
1361 2094 1702 2151 concederent
1719 2097 1859 2151 ucci-

258 2176 570 2243 perentque.
648 2169 1007 2241 Rhescuporis
1024 2169 1310 2225 sanciendo
1323 2210 1337 2235 ,
1361 2178 1422 2225 ut
1438 2170 1726 2236 dictitabat,
1751 2168 1856 2227 foe-

261 2244 377 2300 deri
403 2244 713 2301 convivium
742 2243 949 2302 adiicit:
995 2252 1265 2317 tractaque
1291 2245 1350 2299 in
1386 2244 1612 2301 multam
1652 2253 1855 2300 noctem

261 2319 477 2386 laetitia,
498 2336 595 2391 per
614 2318 803 2391 epulas
821 2338 884 2375 ac
900 2320 1245 2376 vinolentiam
1266 2320 1541 2375 incautum
1561 2319 1732 2395 Cotyn
1747 2360 1761 2384 ,
1783 2327 1854 2375 et.

260 2400 545 2465 postquam
564 2392 748 2451 dolum
766 2393 1124 2459 intellexerat,
1155 2412 1312 2451 sacra
1331 2400 1503 2464 requi,
1531 2398 1756 2450 eiusdem
1771 2400 1857 2464 sa·

261 2471 439 2523 ηιίὶίαο
466 2472 609 2533 deos,
649 2479 699 2524 et
726 2473 997 2539 hospitalis
1023 2486 1226 2524 musas
1242 2470 1588 2525 obtestantem
1604 2510 1618 2535 ,
1659 2469 1859 2524 catenis

262 2549 461 2597 onerat.
504 2542 836 2617 Thraciaque
853 2542 1003 2601 omni
1020 2544 1220 2615 potitus
1240 2544 1456 2616 scripsit
1473 2543 1543 2600 ad
1561 2543 1856 2607 Tiberium,

261 2622 492 2670 structas
506 2620 607 2671 eibi
624 2622 872 2685 insidias,
907 2628 1247 2689 praeventum
1273 2622 1658 2673 imidiatorem:
1693 2617 1860 2673 simul

262 2686 467 2745 bellum
505 2688 763 2751 adversus
798 2694 1078 2753 Bastarnas
1117 2692 1448 2769 Scythasque
1490 2691 1858 2767 praetendens,
