2081 3038
300 289 366 342 36
638 299 643 306 ·
868 295 1334 342 ANNALIUM
1623 285 1896 360 (austu.

300 402 479 451 monte
508 395 693 449 Tauno
706 437 719 460 ‚
761 395 1070 466 expeditum
1108 397 1400 452 exercitum
1439 397 1499 452 in
1525 395 1703 452 Cattos
1731 397 1896 468 rapit,

299 472 361 526 L.
392 469 627 541 Apronio
645 469 713 524 ad
732 469 1058 526 munitiones
1078 472 1290 527 viarum
1309 479 1361 526 et
1379 470 1668 527 fluminum
1695 470 1895 528 reiicto.

298 547 434 601 Nam
456 544 657 617 (rarum
678 543 757 599 illi
778 544 939 618 caelo)
959 545 1194 602 siccitate
1213 553 1263 601 et
1283 546 1536 602 amnibus
1555 543 1801 612 modicis,
1813 547 1901 602 iri-.-

296 620 561 677 offensum
600 621 700 674 iter
737 629 1134 692 properaverat3
1180 622 1488 694 imbresque
1524 629 1575 677 et
1611 620 1898 676 fluminum

300 703 489 751 auctus
516 693 835 770 regredienti
860 695 1252 753 metuebantur.
1330 696 1435 752 Sed
1454 696 1618 753 Cattis
1646 695 1776 752 adeo
1795 697 1900 752 im-

298 770 551 844 provisus
568 769 811 836 advenit,
842 778 933 836 ut,
960 769 1108 844 quod
1126 770 1459 843 imbecillum
1479 773 1644 827 aetate
1663 787 1725 827 ac
1741 786 1895 838 sexu,

298 846 477 902 statim
508 853 725 917 captum
766 853 859 900 aut
894 846 1217 903 trucidatum
1245 848 1334 904 sit.
1415 848 1669 903 Iuventus
1695 845 1898 903 flumen

298 921 567 977 Adranam
589 919 765 974 nando
784 921 1109 987 tramiserat,
1131 921 1523 999 Romanosque,
1545 930 1759 994 pontem
1781 939 1900 978 coe·

282 997 515 1069 wantis,
539 995 817 1051 arcebant:
835 995 958 1050 dein
978 999 1253 1052 tormentis
1273 999 1587 1072 sagittisque
1597 996 1770 1074 pulsi,
1783 1006 1898 1053 ten·-

296 1073 419 1126 tatis
440 1071 635 1126 frustra
654 1069 1048 1128 conditionibus
1067 1073 1214 1145 pacis
1231 1115 1244 1138 ,
1284 1091 1410 1129 cum
1435 1073 1660 1145 quidam
1679 1073 1747 1128 ad
1765 1074 1900 1129 Ger-

299 1147 572 1202 manicum
592 1144 970 1219 perfugissent,
994 1145 1439 1220 reliqui,omissis
1456 1149 1612 1222 pagis
1631 1149 1894 1221 vicisque,

296 1224 354 1278 in
385 1221 551 1276 silvas
584 1221 986 1295 disperguntur.
1067 1221 1286 1290 Caesar,
1328 1224 1546 1278 incenso
1573 1223 1779 1289 Mattio,
1822 1223 1898 1297 (id

297 1297 445 1371 genti
464 1295 666 1369 capim)
683 1305 860 1368 aperta
879 1296 1187 1369 populatus,
1210 1296 1368 1354 vertit
1383 1298 1452 1353 ad
1469 1298 1746 1354 Rhenum:
1791 1315 1896 1354 non

298 1390 431 1429 auso
448 1372 599 1428 hoste
616 1379 763 1447 terga
783 1372 1098 1430 abeuntium
1121 1373 1375 1430 lacessere
1389 1391 1402 1443 ;
1443 1373 1590 1448 quod
1607 1373 1690 1428 ini
1707 1375 1894 1439 moris,

300 1447 549 1523 quotiens
597 1453 717 1502 astu
760 1448 934 1522 magis
980 1464 1146 1522 quam
1196 1467 1290 1523 per
1337 1447 1676 1505 formidinem
1714 1448 1892 1504 cessit.

298 1526 494 1581 Fuerat
512 1525 727 1580 animus
748 1523 1056 1591 Cheruscis,
1080 1527 1265 1581 iuvare
1283 1524 1487 1581 Cattos:
1529 1524 1624 1580 sed
1642 1524 1898 1581 eitterruit

298 1600 550 1667 Caecina,
590 1599 700 1655 huc
726 1593 857 1655 illuc
887 1599 1062 1655 ferens
1089 1618 1263 1670 arma3
1308 1609 1360 1657 et
1377 1602 1606 1667 Marsos.
1649 1600 1898 1675 congredi

298 1694 479 1741 ausoS,
502 1690 755 1749 prospero
772 1675 972 1747 proelio
992 1676 1248 1732 cohibuit.

410 1752 496 1806 57.
538 1750 727 1822 Neque
764 1750 933 1806 multo
966 1759 1089 1821 post
1126 1751 1280 1825 legati
1309 1768 1338 1824 a
1368 1751 1598 1827 Segeste
1618 1758 1895 1816 venerunt,

299 1824 565 1883 auxilium
585 1833 793 1881 orantes
814 1824 1072 1881 adversus
1094 1827 1203 1880 vim
1226 1825 1584 1897 popularium,
1598 1844 1628 1881 a
1646 1830 1774 1899 quis
1793 1828 1902 1881 cir-

299 1899 737 1969 cumsedebatur3
786 1899 1040 1956 validiore
1079 1900 1224 1972 apud
1259 1916 1348 1956 eos
1375 1901 1643 1967 Armini0‚
1683 1902 1900 1973 quando

226 1994 236 2004 ⁸
298 1975 503 2033 bellum
524 1974 796 2031 suadebat.
875 1976 1013 2030 Nam
1032 1975 1291 2042 barbaris,
1314 1985 1513 2049 quanto
1529 1978 1656 2049 quis
1681 1976 1902 2033 audacia

297 2058 597 2127 promptuS‚
621 2058 764 2107 tanto
782 2068 869 2107 ma
910 2052 956 2105 's
976 2050 1137 2116 fidus,
1151 2051 1420 2124 rebusque
1439 2054 1598 2107 motis
1617 2054 1786 2125 potior
1803 2053 1903 2107 ha·-

300 2128 473 2183 betur.
552 2125 839 2183 Addiderat
963 2133 1102 2181 estes
1132 2126 1316 2200 legatis
1337 2126 1542 2192 fitium,
1573 2129 1788 2183 nomine
1807 2128 1902 2182 Se-

298 2201 656 2277 gimundum:
716 2200 813 2257 sed
874 2202 1090 2257 iuvenis
1145 2202 1466 2258 conscientia
1523 2203 1898 2259 cunctabatur:

300 2279 505 2351 quippe
525 2294 684 2342 anno,
708 2292 819 2349 quo
839 2276 1158 2350 Germaniae
1175 2277 1446 2332 descivere
1460 2318 1474 2344 ‚
1487 2277 1742 2333 smerdos
1758 2276 1904 2349 apud

300 2354 462 2409 Aram
483 2353 743 2409 Ubiorum
762 2361 989 2419 creatus,
1011 2361 1228 2427 ruperat
1243 2353 1400 2409 vittas
1416 2394 1428 2418 ‚
1451 2352 1712 2427 profugus
1733 2354 1801 2408 ad
1820 2370 1906 2408 re-

300 2428 485 2484 belles,
535 2427 813 2483 Adductus
834 2436 1010 2483 tamen
1035 2429 1092 2482 in
1113 2444 1266 2500 spem
1286 2426 1596 2483 clementiae
1614 2428 1901 2494 Romanae,

298 2503 519 2577 pertulit
552 2504 745 2577 patris·
765 2502 1038 2559 mandata:
1081 2504 1419 2577 benigneque
1455 2511 1738 2575 exceptus,
1777 2520 1908 2558 cum

298 2578 566 2653 praesidio
598 2578 943 2651 Gallicam'in
971 2579 1146 2650 ripam
1177 2581 1379 2633 missus
1410 2586 1507 2633 est.
1588 2578 1910 2635 Germanico

301 2654 534 2727 pretium
556 2654 685 2722 fuit,
714 2652 1020 2712 convertere
1038 2670 1262 2729 agmen:
1305 2657 1717 2728 pugnatumque
1731 2655 1790 2709 in
1809 2654 1912 2709 ob-

302 2729 548 2795 sidentis,
562 2739 612 2785 et
630 2738 843 2804 ereptus
854 2730 1096 2806 Segestes
1115 2748 1310 2804 magna
1336 2745 1460 2785 cum
1479 2730 1913 2803 propinquorum

316 2812 358 2859 ‘t
395 2802 680 2861 clientium
719 2822 905 2865 manu.
985 2808 1201 2863 inerant
1237 2804 1472 2862 feminae
1512 2804 1752 2863 nobiles-i
1767 2806 1920 2863 inter
