2081 3038
295 210 387 263 {54
773 210 1424 257 Hls'roRIARUM
1619 202 1894 276 (nanze.

288 318 353 371 ba
386 330 649 385 vocesque
672 312 809 367 duos
840 319 997 366 testes
1024 312 1309 376 habebant,
1342 310 1598 367 Cluvium
1617 312 1822 368 Rufum
1843 323 1900 369 et

284 392 483 445 Silium
502 389 763 444 Italicum.
804 386 998 442 Vultus
1018 387 1199 459 procul
1223 388 1522 442 visentibus
1543 388 1890 445 notabantur:

286 466 481 522 Vitellii
505 466 769 535 proiectus
790 470 839 517 et
859 462 1116 535 degener3
1160 462 1392 517 Sabinus
1415 480 1520 519 non
1539 463 1826 527 insultam,
1841 474 1896 520 et

288 541 559 596 miseranti
583 541 815 611 propior.

396 620 480 671 66.
523 614 727 681 Quodsi
754 622 863 667 tam
892 612 1045 667 facile
1070 628 1293 667 suorum
1318 620 1524 667 mentes
1543 612 1776 669 flexisset
1794 613 1888 669 Vi-

286 691 483 754 temus,
512 708 678 762 quam
706 690 823 760 ipse
853 696 1099 753 cesserat,
1121 689 1453 742 incruentam
1475 689 1664 743 urbem
1686 689 1894 761 Vespa-

286 768 423 823 siani
450 768 713 822 exercitus
735 765 998 818 intrasset.
1055 762 1321 827 Ceterum,
1346 772 1404 817 ut
1421 764 1658 836 quisque
1676 765 1892 820 Vitellio

288 843 445 907 (idm,
469 844 540 896 ita
558 857 742 911 pacem
764 850 814 893 et
832 838 1160 894 conditiones
1179 838 1500 904 abnuebant,
1525 844 1805 894 discrimen
1823 859 1892 895 ae

285 924 503 972 dedecus
530 923 869 979 ostentanteS‚
902 924 950 968 et
977 917 1126 982 fidem
1157 919 1214 968 in
1239 916 1452 969 libidine
1469 920 1700 969 victoris.
1779 917 1891 971 Nec

287 1002 485 1047 tantam
534 994 845 1059 Vespasiano
882 992 1194 1057 superbiam,
1235 998 1294 1042 ut
1325 994 1593 1057 privatum
1632 991 1892 1045 Vitellium

283 1076 580 1136 pateretur:
620 1084 683 1119 ne
702 1070 865 1119 victos
886 1068 1090 1133 quidem
1112 1068 1325 1119 laturos.
1403 1066 1434 1117 Ι
1434 1074 1488 1119 ta
1501 1068 1794 1132 periculum
1819 1084 1892 1121 eae

286 1144 660 1196 misericordia.
730 1141 906 1206 Ipsum
922 1156 1050 1192 sane
1071 1158 1257 1204 senem,
1279 1148 1328 1193 et
1341 1144 1607 1208 prosperis
1625 1145 1893 1197 adversis-

284 1235 381 1286 que
398 1219 663 1269 satiatum.
746 1213 853 1268 Sed
870 1218 1007 1282 quod
1027 1232 1224 1277 nomen,
1249 1232 1396 1283 quem
1417 1224 1608 1269 statum
1629 1219 1738 1285 filio
1758 1221 1890 1281 eius,

288 1292 613 1352 Germanico,
646 1287 793 1359 sore?
831 1289 985 1344 Nune
1002 1296 1279 1359 pecuniam
1305 1300 1351 1343 et
1370 1292 1630 1360 familiam
1647 1302 1696 1347 et
1717 1295 1894 1347 beatos

289 1367 605 1435 Campaniae
622 1369 769 1419 sinus
782 1370 1050 1433 promitti:
1079 1370 1185 1429 sed,
1207 1369 1297 1419 ubi
1318 1370 1588 1433 imperium
1615 1366 1893 1435 Vespasia-

283 1462 381 1497 nus
402 1446 669 1504 invaserit,
690 1459 795 1495 non
813 1444 931 1509 ipsi,
955 1458 1061 1495 non
1079 1446 1264 1496 amicis
1282 1445 1409 1504 eius,
1433 1458 1534 1494 non
1553 1446 1774 1511 denique
1791 1460 1891 1497 ex-

282 1523 529 1575 ercitibus
555 1524 900 1581 securitatem,
941 1518 1048 1572 nisi
1077 1523 1334 1572 exstincto
1366 1519 1647 1580 aemulata,
1688 1523 1892 1574 reditu-

283 1612 415 1650 ram.
466 1595 686 1648 Fabium
706 1596 817 1648 illis
846 1593 1119 1656 Valentem,
1145 1597 1404 1662 captivum
1425 1602 1474 1647 et
1494 1596 1700 1648 casibus
1718 1598 1894 1649 dubiis

281 1677 617 1738 reservatum,
646 1685 987 1738 praegravem
1013 1672 1202 1737 fuisse.-
1249 1671 1434 1721 nedum
1464 1668 1668 1723 Primus
1693 1687 1758 1724 ac
1780 1671 1892 1724 Fu—

280 1760 401 1799 scus
421 1751 468 1795 et
488 1748 741 1810 specimen
754 1749 989 1817 partium
1014 1744 1311 1806 Mucianus,
1344 1746 1508 1797 ullam
1528 1748 1584 1796 in
1611 1744 1890 1808 Vitellium,

281 1823 389 1874 nisi
406 1821 690 1883 occidendi,
716 1821 977 1873 licentiam
994 1820 1232 1872 habeant.
1301 1818 1419 1872 Non
1438 1836 1472 1872 a
1499 1817 1720 1874 Caesare
1741 1822 1891 1874 Pom-

280 1900 471 1964 peium,
511 1911 613 1948 non
652 1897 719 1948 ab
754 1892 985 1961 Au9usto
1023 1892 1304 1947 Antonium
1342 1895 1622 1947 incolumes
1660 1897 1888 1950 relictos.

282 1972 402 2026 Nisi
436 1976 570 2040 sorte
616 1969 959 2036 Vespasianus
996 1970 1212 2022 altiores
1245 1972 1466 2036 spiritus
1491 1978 1656 2037 gerat,
1696 1971 1892 2025 Vitellii

282 2050 457 2108 cliens,
502 2061 617 2098 cum
654 2044 887 2097 Vitellius
916 2044 1128 2112 conleqa
1153 2042 1372 2097 Claudio
1395 2047 1548 2112 soret.
1633 2043 1790 2109 Quin,
1831 2055 1890 2100 ul

283 2138 555 2176 censuram
568 2122 758 2186 patris,
798 2126 856 2170 ut
884 2126 991 2172 tres
1011 2121 1326 2181 consulatus,
1367 2127 1425 2172 ut
1448 2127 1520 2172 tot
1539 2125 1776 2188 eyreyiae
1793 2125 1892 2174 do-

281 2214 395 2250 mus
422 2199 637 2248 honores
665 2197 881 2256 deceret,
920 2195 1277 2262 desperatione
1307 2196 1492 2248 saltem
1521 2197 1580 2248 in
1605 2199 1891 2250 audaciam

280 2276 658 2338 aecinyeretur.
704 2269 943 2322 Perstare
962 2271 1193 2331 militem,
1213 2284 1478 2336 superesse
1495 2273 1672 2323 studia
1687 2275 1889 2338 populi.

282 2349 513 2414 Denique
544 2346 677 2397 nihil
704 2347 939 2398 atrocius
956 2352 1273 2406 eventurum,
1303 2361 1460 2412 quam
1479 2349 1536 2398 in
1555 2349 1690 2413 quod
1708 2356 1894 2413 sponte

280 2429 455 2474 ruant.
513 2420 841 2475 Moriendum
860 2423 1031 2483 victis,
1051 2422 1372 2473 moriendum
1395 2423 1608 2474 deditis:
1647 2423 1704 2474 id
1721 2423 1895 2475 solum

280 2501 492 2564 referre,
513 2499 847 2549 novissimum
871 2498 1115 2562 spiritum
1130 2512 1227 2563 per
1247 2497 1528 2548 ludibrium
1550 2503 1598 2549 et
1626 2503 1896 2550 contume-

283 2573 385 2623 lias
404 2574 690 2638 effundant‚
712 2588 783 2624 an
798 2587 897 2638 per
914 2574 1172 2624 virtutem.

391 2645 477 2697 67.
518 2643 721 2699 Surdae
740 2644 807 2699 ad
829 2642 979 2702 fortia
999 2643 1220 2699 consilia
1240 2643 1452 2701 Vitellio
1471 2659 1648 2700 aures·
1709 2641 1898 2702 Obru-

292 2715 467 2769 *hatur
505 2719 721 2774 animus
762 2720 1099 2776 miseratione
1124 2736 1380 2794 curaque,
1426 2736 1494 2775 ne
1521 2719 1896 2794 pertinacibus
