2081 3038
255 261 379 324 θη
851 273 1321 330 ANNALmM
1610 263 1887 344 (A.t1.80'i.

277 385 384 432 tam
403 383 705 446 antequam
720 395 887 450 ream.
967 378 1073 434 Sed
1092 383 1149 434 in
1168 396 1225 433 eo
1244 383 1525 436 discrimen
1543 384 1707 444 verti,
1729 383 1783 435 si
1798 382 1891 435 de-

273 455 440 524 fensio
469 456 771 528 audiretur,
811 462 969 524 utque
999 457 1212 512 clausae
1236 471 1396 510 aures
1433 457 1591 510 etiam
1630 457 1891 526 confitenti

273 535 460 599 [orent.
1484 587 1489 598 ,

381 607 470 662 29.
513 603 590 659 Ac
615 605 793 678 primo
821 603 1101 671 Callistu5‚
1144 605 1255 660 iam
1282 603 1421 660 mihi
1450 607 1589 661 circa
1614 621 1800 661 necem
1819 605 1885 664 C.

275 679 518 736 Caesaris
545 687 818 747 narratus,
849 690 901 740 et
917 681 1197 756 Appianae
1224 681 1401 737 caedis
1433 681 1643 738 molitor
1672 681 1891 736 Narcis-

274 773 370 812 sus
387 799 401 824 ,
435 754 956 832 flagrantissimaque
976 758 1115 814 eoin
1136 764 1373 830 tempore
1390 759 1559 832 gratia
1579 754 1753 812 Pallas
1773 757 1894 832 agi-

255 839 468 920 itavere,
477 850 608 888 num
615 831 853 890 Messalla·
855 849 975 890 nam
991 838 1205 889 secretis
1217 837 1374 888 minis
1386 835 1695 901 depenerent
1710 843 1895 888 amore

249 907 420 974 sitii,
454 918 642 964 cuncta
669 913 782 970 alia
809 913 1226 966 dissimulantes:
1268 905 1460 963 deinde
1496 917 1642 964 metu
1658 950 1671 976 ,
1714 926 1783 964 ne
1822 909 1891 964 ad

259 985 564 1058 perniciem
601 983 756 1040 ultro'
783 985 1118 1042 traherentur
1132 1025 1146 1050 ‚
1197 981 1487 1042 desistunt}
1539 983 1741 1051 Pallasg
1790 1001 1893 1058 per

271 1061 572 1134 ignaviam3
615 1059 869 1116 Callistus
885 1103 898 1127 ‚
921 1060 1117 1135 prioris
1138 1075 1355 1134 quoque
1374 1059 1551 1134 regiae
1575 1060 1812 1134 peritus,
1836 1066 1906 1114 et

268 1137 560 1210 potentiam
579 1138 770 1202 canthi,
793 1153 959 1210 quam
982 1135 1215 1202 acribus,
1228 1133 1467 1192 consiliis
1488 1137 1655 1192 tutius
1674 1135 1886 1192 haberi.

271 1211 506 1268 Perstitit
523 1211 810 1268 Narcissus
825 1256 838 1279 ,
862 1219 938 1279 et,
963 1210 1141 1268 solum
1163 1209 1219 1267 id
1238 1211 1533 1279 inmutans‚
1556 1227 1624 1269 ne
1642 1225 1752 1286 quo
1771 1228 1891 1266 ser-

272 1305 432 1344 mone
451 1289 744 1360 praesciam
767 1289 1011 1344 criminis
1031 1296 1082 1343 et
1106 1289 1425 1346 accusatoris
1446 1287 1655 1355 faceret,
1679 1289 1798 1360 ipse
1818 1287 1889 1342 ad

273 1365 574 1422 occasiones
591 1365 852 1431 intentuS,
877 1363 1033 1454 longa
1057 1363 1200 1437 apud
1216 1361 1423 1418 Ostiam
1442 1362 1684 1420 Caesaris
1712 1378 1884 1427 mora,

270 1441 406 1497 duas
433 1437 650 1514 pellices
667 1485 680 1509 ,
711 1457 944 1514 quarum
971 1459 1022 1495 1s
1050 1439 1360 1512 corporibus
1378 1438 1614 1496 maxime
1630 1439 1889 1494 insueve-

269 1525 370 1586 rat,
394 1515 672 1593 largitione
691 1523 752 1573 a'c
770 1515 1075 1591 promissis,
1101 1524 1179 1583 et,
1202 1530 1368 1573 uxore
1388 1513 1585 1573 deiecta
1600 1556 1615 1583 ‚
1640 1513 1767 1590 plus
1786 1532 1891 1589 po-

271 1595 463 1650 tentiae
481 1594 809 1660 ostentandm
831 1592 1091 1667 perpulit,
1112 1590 1428 1651 delationem
1450 1587 1651 1647 subire.

383 1673 468 1724 30.
510 1670 654 1725 Exin
683 1668 974 1741 Calpurnia
1000 1666 1079 1743 (id
1102 1664 1282 1741 pellici
1311 1666 1525 1743 nomen)
1560 1666 1657 1741 ubi
1694 1664 1886 1722 datum

269 1752 554 1811 secretum,
573 1742 820 1801 Caesaris
838 1740 1071 1821 genibus
1089 1740 1387 1816 provoluta,
1408 1747 1643 1815 nupsisse
1660 1742 1889 1819 Mes-sai-

277 1823 435 1875 linam
454 1814 612 1884 Silio,
637 1817 913 1875 exclamat.
994 1816 1170 1875 Simul
1190 1817 1521 1893 Cleopatram
1537 1861 1550 1885 ‚
1578 1810 1719 1892 quae
1735 1818 1885 1874 idem

269 1894 552 1969 opperiens
571 1893 836 1961 adstabat,
865 1912 938 1951 an
958 1892 1329 1965 comperisset?
1354 1895 1689 1969 vinterrogati
1722 1898 1888 1967 atque

270 1970 362 2028 illa
381 1970 666 2039 adnuente,
692 1976 825 2026 cieri
838 1970 1164 2035 Narcissum,
1186 1968 1436 2043 postulat.
1507 1970 1577 2043 Is,
1600 1970 1806 2025 &eniam
1828 1975 1888 2026 in

265 2052 611 2119 praeteritum
624 2056 803 2121 petens
817 2088 830 2113 ‚
856 2050 992 2119 quod
1011 2051 1062 2101 ei
1079 2051 1155 2101 cis
1180 2046 1401 2110 Vectios,
1427 2047 1503 2101 eis
1520 2044 1753 2103 Plautios
1770 2048 1878 2099 dis-

268 2126 642 2190 simulavisset,
671 2140 766 2198 nec
793 2140 932 2178 nunc
959 2124 1225 2177 adulteria
1262 2124 1603 2189 obiecturum,
1645 2120 1745 2175 ait:
1768 2125 1888 2177 'nec

268 2204 500 2265 domum,
533 2203 776 2265 servitia,
806 2208 856 2255 et
886 2208 1079 2255 ceteros
1096 2202 1341 2269 fortunae
1353 2205 1581 2267 paratus
1596 2191 1885 2267 reposcere.

269 2274 558 2334 Frueretur
585 2279 740 2331 immo
769 2280 866 2330 iis.-
903 2284 961 2329 at
980 2277 1219 2329 redderet
1243 2287 1490 2337 uxorem,
1520 2280 1889 2341 rumperetque

273 2354 480 2407 tabulas
495 2354 772 2421 nuptiales.
853 2350 935 2405 An
954 2350 1262 2414 discidium,
1293 2348 1501 2420 inquit,
1535 2348 1679 2401 tuum
1706 2344 1889 2415 nosti?

269 2428 408 2483 Nam
427 2431 813 2484 matrimonium
825 2425 951 2481 Silii
966 2428 1101 2480 vidit
1112 2424 1339 2499 populus
1359 2428 1407 2478 et
1426 2428 1696 2504 senatus&
1704 2424 1887 2484 miles.-

270 2520 352 2568 ac,
377 2506 434 2557 ni
445 2516 668 2573 propere
685 2505 817 2572 apis,
843 2509 974 2557 tenet
991 2502 1170 2555 urbem
1188 2504 1435 2555 maritus:
1510 2506 1515 2515 “

380 2577 466 2631 31.
509 2576 650 2634 Tum
669 2575 976 2651 potissimos
1003 2575 1300 2632 amicorum
1320 2576 1496 2635 vocat:
1530 2574 1891 2649 primumque

269 2652 347 2705 rei
367 2650 743 2711 frumentariae
762 2652 1108 2727 praefectum,
1130 2650 1458 2713 Tui-taniam
1474 2693 1487 2716 ,
1511 2657 1631 2723 post
1650 2648 1890 2707 Lusium

273 2726 481 2793 Getam,
504 2730 850 2799 praetorianis
870 2724 1601 2803 inpositum,'percunctat‘ur.
1630 2788 1637 2798 .
1666 2722 1890 2793 Quibus

275 2798 559 2858 fatentibus
575 2844 588 2870 ,
648 2804 886 2860 certatim
932 2804 1091 2860 ceteri
1145 2803 1623 2875 circumstrepunt,
1673 2804 1777 2857 iret
1828 2807 1892 2859 in
