2081 3038
237 253 336 310 ,48
751 255 1391 302 HISTORIARUM
1528 271 1541 275 -
1588 247 1855 320 (amma.

272 356 470 410 mirum
507 355 672 417 dictu,
713 364 774 409 ut
806 357 876 410 sit
911 357 1088 410 omnis
1120 354 1479 409 Sarmatarum
1511 357 1684 410 virtus
1710 356 1863 411 velut
1950 357 1964 368 '

271 438 413 497 extra
435 432 598 499 ipsos,
623 431 767 482 Nihil
789 430 856 482 ad
876 431 1167 500 pedestrem
1190 447 1425 502 pugnam
1448 439 1553 504 tam
1568 431 1854 502 ignavum:

272 505 366 557 ubi
387 521 478 572 per
499 513 700 557 turmas
719 504 995 567 advenere,
1019 506 1113 558 vix
1136 503 1241 557 ulla
1261 507 1401 557 acies
1416 505 1693 558 obstiterit.
1754 503 1861 557 Sed

274 586 388 631 tum
419 577 639 633 humido
663 578 750 631 die
777 587 828 631 et
854 577 1024 632 soluto
1052 577 1177 650 gelu
1202 595 1375 648 neque
1392 579 1530 632 conti
1551 573 1725 648 neque
1742 577 1860 650 gla—

273 652 370 714 dii,
411 669 548 721 quos
575 651 882 723 praelongos
910 661 1135 722 utraque
1160 669 1325 706 manu
1344 660 1552 723 regunt,
1593 652 1739 714 usui,
1782 651 1859 704 la-

273 725 552 795 psantibus
579 727 734 796 equis
763 735 812 779 et
827 726 1282 796 -catapbraetarum
1306 726 1553 796 pondere.
1630 725 1691 780 Id
1709 727 1861 795 prin-

274 799 487 869 cipibus
513 808 564 852 et
593 800 924 864 nobilissimo
951 801 1415 872 cuiquetegimen,
1438 798 1621 854 ferreis
1642 797 1859 852 laminis

275 882 366 926 aut
391 873 646 943 praeduro
665 875 803 928 corio
823 883 1151 939 consertum;
1196 883 1252 926 ut
1276 874 1531 928 adversus
1550 874 1687 929 ictus
1706 875 1861 942 inpe-

276 947 548 1009 netrabile,
578 951 647 1000 ita
667 948 850 1016 inpetu
875 949 1107 1002 bostium
1128 947 1417 1018 provolutis
1438 946 1671 1002 inhabile
1690 947 1756 1002 ad
1777 963 1861 1000 re-

276 1039 336 1074 su
347 1021 622 1092 rgendumi
689 1019 858 1074 Simul
881 1021 1158 1076 altitudine
1176 1030 1227 1076 et
1247 1021 1465 1076 mollitia
1485 1023 1627 1076 nivis
1646 1021 1863 1076 haurie-

277 1096 485 1148 bantur.
552 1095 820 1150 Romanus
841 1096 994 1150 miles
1017 1095 1159 1150 facili
1179 1095 1335 1150 lorica
1356 1104 1407 1150 et
1425 1095 1621 1150 missili
1640 1095 1749 1166 pilo
1768 1103 1865 1148 aut

276 1167 470 1220 lanceis
486 1167 776 1232 adsultanS,
787 1170 883 1222 ubi
907 1187 989 1224 res
1009 1178 1261 1240 posceret,
1282 1169 1384 1226 levi
1405 1169 1581 1241 gladio
1598 1171 1863 1226 inermem

275 1241 568 1296 Sarmatam
585 1242 776 1313 (neque
795 1246 939 1298 enim
961 1244 1170 1298 defendi
1190 1253 1338 1299 scuto
1358 1261 1473 1298 mos
1490 1243 1587 1314 est)
1614 1245 1862 1298 cominus

274 1314 527 1369 fodiebat:
570 1316 734 1370 donec
759 1320 934 1388 pauci,
965 1320 1061 1389 qui
1081 1317 1279 1388 proelio
1294 1317 1683 1388 superfuerant,
1705 1317 1864 1388 palu—

275 1389 434 1443 dibus
455 1389 786 1446 abderentur.
867 1393 946 1447 Ibi
969 1393 1185 1446 saevitia
1210 1392 1405 1446 hiemis
1428 1401 1478 1446 et
1497 1394 1552 1448 vi
1573 1390 1861 1446 vulnerum

275 1463 563 1536 absumpti.
643 1467 926 1537 Postquam
957 1467 1014 1521 id
1034 1467 1228 1522 Romae
1246 1475 1593 1539 compertum,
1622 1467 1693 1521 M.
1718 1467 1866 1537 Apo-

275 1540 420 1603 niuS,
461 1541 710 1595 Moesiam
748 1542 1010 1605 obtinens.
1054 1542 1362 1611 triumphali
1400 1550 1589 1606 statua,
1629 1541 1864 1597 Fulvius

275 1612 524 1668 Aurelius
551 1624 602 1669 et
631 1614 867 1669 Iulianus
889 1616 1060 1669 Titius
1088 1633 1150 1671 ac
1168 1617 1449 1671 Numisius
1474 1616 1679 1686 LupuS,
1700 1615 1865 1689 legati

275 1687 544 1757 legionum
560 1729 574 1752 ‚
617 1688 984 1743 consularibus
1025 1693 1349 1745 ornamentis
1388 1691 1677 1745 donantur:
1724 1690 1865 1745 laeto

275 1760 479 1815 Othone
498 1772 548 1815 et
562 1761 782 1835 gloriam
807 1764 861 1817 in
881 1780 938 1816 se
957 1764 1210 1828 trahente,
1234 1772 1504 1835 tamquam
1526 1766 1708 1833 etipse
1729 1762 1861 1819 felix

274 1833 432 1898 bello,
474 1844 523 1889 et
549 1838 664 1891 suis
692 1837 919 1891 ducibus
948 1839 1172 1909 suisque
1203 1839 1519 1893 exercitibus
1560 1854 1729 1909 remp.
1762 1854 1863 1893 au·-

211 1940 226 1950 =
274 1910 456 1965 xisset.

384 1987 466 2037 80.
509 1985 674 2038 Parvo
693 1985 902 2039 interim
923 1985 1094 2049 initio,
1118 1984 1259 2040 unde
1278 1985 1413 2039 nihil
1437 1985 1863 2049 timebatur,orta

274 2058 462 2113 seditio
498 2075 659 2129 prope
696 2058 818 2112 urbi
856 2058 1061 2113 excidio
1088 2058 1207 2113 fuit.
1285 2058 1573 2129 Septimam
1596 2058 1863 2117 decimam

275 2133 538 2187 cohortem
557 2149 586 2184 e
606 2131 804 2187 colonia
815 2131 1047 2187 Ostiensi
1067 2135 1123 2187 in
1146 2134 1335 2187 urbem·
1352 2134 1509 2187 acciri
1528 2132 1665 2189 Otho
1684 2135 1867 2191 iusse-

275 2215 378 2261 rat:
439 2205 720 2259 armandae
757 2207 872 2263 eius
910 2224 1034 2261 cura
1074 2207 1231 2263 Vario
1272 2207 1537 2278 Crispin0,
1579 2208 1793 2265 tribuno
1833 2227 1867 2263 e

275 2281 634 2351 praetorianiS,
663 2280 799 2335 data.
880 2282 1093 2352 IS,‚quo
1120 2283 1293 2353 magis
1317 2299 1533 2346 vacuuS,
1556 2283 1752 2353 quietis
1773 2300 1867 2337 ca·-

275 2355 418 2417 stris,
449 2354 592 2407 iussa
620 2364 1013 2425 exsequeretur,
1042 2354 1285 2409 vehicula
1306 2356 1553 2419 cohortis,
1574 2357 1869 2426 incipiente

274 2436 439 2491 nocte,
471 2428 695 2492 onerari,
728 2437 902 2499 aperto
932 2430 1351 2493 armamentario,
1380 2430 1542 2485 iubet.
1623 2430 1867 2502 Tempus
1934 2446 1949 2457 ·

273 2502 331 2554 in
360 2502 744 2571 suspicionem,
786 2520 972 2557 caussa
997 2504 1055 2556 in
1084 2505 1313 2567 crimen,
1362 2502 1632 2559 adfectatio
1661 2506 1869 2578 quietis

276 2576 327 2627 in
352 2574 638 2629 tumultum
662 2576 881 2632 evaluit:
908 2586 958 2631 et
972 2579 1087 2631 visa
1108 2578 1243 2633 inter
1261 2577 1575 2633 temulentos
1596 2595 1742 2633 arma
1764 2596 1871 2635 cu-

275 2648 509 2714 pidinem
531 2650 616 2703 sui
636 2668 862 2704 movere.
933 2652 1133 2705 Fremit
1152 2652 1325 2715 miles,
1348 2660 1399 2705 et
1420 2652 1657 2707 tribunos
1674 2662 1871 2709 centu-

304 2720 554 2799 ²onesque
571 2723 880 2790 proditionis
900 2725 1092 2796 arguit,
1108 2733 1377 2797 tamquam
1398 2724 1629 2780 familiae
1650 2736 1871 2783 senato-
