2081 3038
200 246 252 283 A.
279 243 325 282 c.
352 227 445 300 22.)
621 235 779 280 mn.
818 234 923 280 111.
964 235 1141 282 CAP.
1184 237 1264 284 es.
1307 239 1388 284 es.
1707 227 1806 286 437

196 352 447 410 quaeque
466 337 691 398 iturum,
708 333 973 388 festinatio
990 337 1384 404 exstimulabat,
1399 337 1528 394 dum
1543 338 1803 412 aequalis,

196 413 322 466 dein
344 410 670 481 superiores,
684 417 952 480 postremo
966 418 1204 464 suasmet
1221 411 1338 482 ipse
1355 429 1478 483 spes
1499 415 1698 468 anteire
1711 431 1808 486 pa-

197 495 306 540 rat:
351 483 498 558 quod
540 483 761 549 multos,
804 485 962 537 etiam
1004 484 1191 550 bonOS,
1234 502 1451 556 pessum
1493 487 1656 554 dedit,
1685 490 1804 561 qui,

197 562 395 632 spretis
416 575 556 632 quae
576 559 720 613 tarda
744 575 867 612 curn
892 559 1192 626 securitate,
1221 571 1549 632 praematura
1577 564 1658 618 vel
1679 581 1806 620 cum

196 637 361 691 exitio
382 642 682 707 properant.

311 711 396 765 67.
440 713 653 764 Auxere
680 725 969 764 numerum
995 718 1362 764 accusatorum
1393 709 1600 766 Gellius
1629 711 1808 783 Popli-

198 785 313 840 cola
345 794 396 838 et
420 785 494 838 M.
522 776 814 839 Paconius!
853 783 945 839 ille
972 794 1224 858 quaestor
1252 783 1439 851 Silani,
1467 785 1556 839 hic
1581 781 1802 860 legatus.

202 862 313 913 Nec
342 859 571 915 dubium
600 857 921 924 habebatur,
950 860 1202 915 saevitiae
1231 869 1616 934 captarumque
1643 879 1808 931 pecu-

198 936 415 988 niarum
438 935 603 991 teneri
623 951 807 991 reum:
832 933 927 988 sed
946 934 1114 989 multa
1139 935 1524 1008 adgerebantur
1544 937 1701 992 etiam
1723 938 1808 992 in·-

199 1009 447 1065 sontibus
483 1009 809 1082 periculosa3
851 1027 997 1075 cum,
1030 1027 1195 1084 super
1227 1019 1297 1066 tot
1323 1021 1590 1079 senatores
1619 1013 1807 1066 adver·

195 1101 309 1151 sos,
344 1081 741 1140 facundissimis
771 1085 931 1140 totius
958 1086 1136 1151 Asiae,
1167 1103 1336 1160 eoque
1355 1088 1421 1141 ad
1442 1088 1804 1144 accusandum

195 1161 435 1227 delectis,
468 1161 809 1234 responderet
833 1159 1001 1226 solus,
1030 1169 1081 1216 et
1108 1161 1292 1217 orandi
1325 1165 1558 1230 nescius,
1591 1165 1806 1236 proprio

195 1239 255 1290 in
282 1243 447 1302 metu,
479 1235 577 1310 qui
605 1237 889 1292 exercitam
913 1253 1132 1310 quoque
1152 1237 1508 1310 eloquentiam
1530 1238 1799 1294 debilitat:

196 1327 305 1365 non
326 1318 651 1386 temperante
668 1311 901 1376 Tiberio,
930 1313 1063 1382 quin
1093 1320 1356 1384 premeret
1373 1331 1520 1380 voce,
1545 1313 1718 1380 vultu,
1743 1332 1805 1369 eo

195 1386 345 1458 quod
363 1386 480 1458 ipse
498 1386 820 1441 creberrime
839 1385 1220 1460 interrogabat:
1263 1403 1438 1460 neque
1460 1387 1694 1443 refellere
1715 1399 1806 1444 aut

196 1461 415 1516 eludere
442 1459 695 1516 dabatur:
738 1477 801 1515 ac
826 1477 984 1533 saepe
1012 1462 1170 1515 etiam
1196 1461 1555 1518 confitendum
1586 1471 1714 1531 erat,
1737 1481 1806 1522 ne

198 1536 396 1591 frustra
418 1536 791 1609 quaesivisset.
834 1532 1027 1590 Servos
1049 1553 1266 1610 quoque
1283 1535 1471 1603 Silani,
1494 1546 1555 1593 ut
1573 1546 1805 1595 tormen-

196 1612 269 1667 tis
288 1611 761 1683 interrogarentur,
786 1616 926 1668 actor
944 1610 1198 1681 publicus
1219 1613 1488 1683 mancipio
1515 1622 1801 1685 acceperat.

194 1686 267 1740 Et
292 1686 503 1756 nequis
533 1683 953 1741 necessariorum
974 1684 1182 1742 iuvaret
1199 1685 1606 1758 periclitantem,
1640 1690 1806 1744 maie-

198 1759 353 1815 statis
382 1759 606 1815 crimina
641 1758 1025 1828 subdebantur,
1060 1762 1299 1819 vinclum
1333 1772 1382 1817 et
1417 1762 1701 1819 necessitas
1730 1765 1806 1819 si-

200 1833 367 1889 lendi.
446 1826 631 1907 Igitur,
652 1836 817 1907 petito
835 1852 1132 1909 paucorum
1152 1838 1362 1893 dierum
1391 1838 1688 1905 interiectu,
1711 1839 1806 1895 de-

202 1908 497 1964 fensionem
534 1910 620 1965 sui
650 1911 900 1978 deseruit,
942 1914 1091 1968 ausis
1123 1913 1190 1968 ad
1213 1913 1492 1971 Caesarem
1519 1913 1800 1981 codicillis,

199 1983 406 2057 quibus
424 1984 681 2038 invidiam
706 1992 755 2039 et
772 2003 955 2057 preces
977 1988 1281 2044 miscuerat.
1623 2030 1628 2037 ·
1660 1982 1678 2001 ⁶

312 2061 397 2113 68.
440 2058 707 2123 Tiberius,
736 2076 874 2131 quae
898 2062 956 2116 in
980 2060 1224 2119 Silanum
1245 2064 1481 2136 parabat,
1504 2081 1614 2139 quo
1639 2081 1804 2119 excu-

202 2134 371 2191 satius
390 2134 495 2189 sub
514 2132 759 2206 exemplo
778 2135 1158 2207 acciperentur,
1183 2137 1390 2194 libellos
1411 2141 1464 2194 d.
1491 2139 1721 2213 Augusti
1739 2134 1804 2194 de

202 2207 393 2266 Voleso
412 2208 657 2271 Messala..
680 2210 922 2265 eiusdem
942 2212 1100 2268 Asiae
1118 2214 1435 2287 proconsule
1450 2258 1463 2282 ,
1497 2214 1804 2286 factumque

200 2286 257 2341 in
277 2301 404 2339 eum
432 2291 651 2340 senatus
670 2286 973 2341 consultum
995 2290 1199 2344 recitari
1227 2289 1389 2345 iubet.
1471 2291 1610 2345 Tum
1629 2290 1692 2345 L.
1714 2290 1805 2343 Pi-

199 2376 389 2417 sonem
421 2360 736 2415 sententiam
776 2370 940 2435 rogat.
1022 2363 1134 2430 Ille,
1174 2363 1404 2421 multum
1429 2364 1502 2420 ‹le
1524 2364 1802 2420 clementia

202 2435 463 2507 principis
491 2434 779 2508 praefatus,
811 2454 952 2507 aqua
982 2448 1138 2509 atque
1155 2445 1268 2509 igni
1286 2438 1471 2495 Silano
1491 2444 1805 2495 interdicen-

200 2514 340 2575 dum,
364 2511 589 2576 censuit,
604 2516 870 2581 ipsumque
888 2518 945 2567 in
962 2518 1190 2569 insulam
1205 2514 1437 2582 Gyarum
1455 2518 1801 2587 releqandum.

198 2584 402 2639 Eadem
422 2584 600 2649 ceteri,
624 2586 731 2641 nisi
752 2586 896 2660 quod
915 2586 1013 2643 Cn.
1039 2587 1323 2655 Lentulus,
1344 2594 1640 2659 separanda
1659 2588 1804 2646 Sita-

202 2663 261 2713 m‘
278 2669 511 2715 materna
536 2665 665 2715 bona
680 2660 887 2735 (quippe
900 2667 1011 2719 alia
1024 2674 1244 2733 parente
1260 2664 1438 2741 geniti)
1448 2668 1805 2737 reddendaque

207 2738 311 2805 filio
330 2736 484 2799 dixit,
508 2738 772 2793 adnuente
791 2738 1022 2795 Tiberio„
