2081 3038
236 239 289 277 A.
318 215 487 292 aso.)
624 227 783 271 Lm.
823 219 973 271 xtv.
1016 222 1191 270 car.
1233 224 1316 292 12.
1357 222 1441 272 13.
1733 215 1830 272 329

350 331 431 385 ⁴2.
473 327 608 384 Miro
632 335 811 380 tamen
852 325 1139 379 certamine
1168 339 1446 396 procerum
1475 324 1834 380 decernuntur

236 406 639 471 supplicationes
664 405 807 468 apud
832 405 1005 454 omnia
1027 402 1352 467 pulvinaria,
1381 409 1538 469 utque
1561 401 1835 470 Quinqua-

241 487 371 541 trus,
384 479 569 546 quibus
586 484 797 544 apertae
813 477 1035 528 insidiae
1054 481 1234 537 essent,
1248 476 1386 528 ludis
1405 479 1596 530 aramis
1607 477 1836 530 celebra-

239 561 451 607 rentur.-
482 567 699 605 aureum
716 551 985 606 mamae
999 550 1340 603 simulacrum
1358 553 1415 603 in
1435 555 1601 614 curia,
1613 558 1661 603 et
1680 553 1836 604 iuxta

236 631 496 696 macipis
513 631 683 694 imayo
701 633 1043 680 statueretur:
1075 627 1184 678 dies
1201 626 1399 678 natalis
1414 625 1734 693 Ayrippinae
1751 629 1836 677 in-

244 711 323 756 ter
360 707 589 770 nefastos
623 709 765 754 esset.
842 698 1073 753 Thrasea
1100 699 1310 763 Paetus,
1342 695 1556 753 silentio
1575 697 1658 752 vel
1687 697 1836 752 brevi

243 777 473 829 adsensu
502 776 704 846 priores
730 773 1058 829 adulationes
1085 774 1442 828 transmittere
1469 770 1678 838 solitus,
1709 773 1840 843 exiit

244 861 357 904 tum
386 859 602 918 senatu3
646 866 706 903 ac
736 849 840 905 sibi
868 865 1114 906 caussam
1141 847 1367 921 periculi
1395 846 1534 914 fecit,
1567 848 1754 902 ceteris
1773 847 1839 903 li-

140 971 145 974 .
245 926 456 980 ben-tatis
476 926 690 979 initium
712 941 816 979 non
834 923 1098 996 praebuit.
1156 922 1400 998 Prodigia
1419 939 1636 996 quoque
1655 921 1837 977 crebra

243 1009 295 1054 et
322 1000 478 1055 inrita
506 1001 864 1055 intercessere.
943 999 1190 1073 Anguem
1217 1001 1374 1054 enixa
1395 997 1619 1054 mulier:
1661 1005 1714 1052 et
1731 995 1840 1052 alia

242 1077 300 1130 in
338 1075 620 1130 concubitu
655 1075 830 1129 mariti
860 1073 1086 1129 fulmine
1119 1076 1435 1129 exanimata.
1515 1073 1626 1127 Iam
1656 1069 1736 1128 sol
1755 1089 1840 1126 re-

244 1160 399 1223 pente
415 1151 749 1215 obscuratus,
772 1157 824 1204 et
841 1157 1005 1204 tactae
1022 1148 1089 1205 de
1107 1149 1251 1205 caelo
1268 1148 1668 1222 quatuordecim
1685 1147 1839 1202 urbis

242 1227 505 1300 regiones.
584 1223 733 1292 Quae
765 1224 894 1279 adeo
922 1225 1040 1279 sine
1067 1239 1194 1279 cura
1223 1224 1381 1279 deum
1411 1223 1741 1288 eveniebant,
1781 1232 1872 1276 ut-

244 1300 439 1356 multos
467 1308 587 1372 post
614 1317 781 1355 annos
800 1299 939 1354 Nero
967 1299 1257 1370 imperium
1279 1308 1330 1354 et
1349 1299 1544 1354 scelera
1565 1299 1842 1353 continua-

242 1377 397 1431 verit.
476 1375 743 1439 Ceterum,
774 1389 883 1445 quo
900 1381 1144 1448 gravaret
1161 1373 1422 1428 invidiam
1444 1374 1648 1438 matris,
1672 1379 1841 1445 eaque

243 1450 451 1505 demota
480 1458 687 1505 auctam
718 1447 983 1502 lenitatem
1014 1463 1170 1502 suam
1202 1447 1587 1512 testificaretur,
1615 1444 1842 1502 feminas

244 1525 499 1579 inlustres
536 1525 746 1580 Iuniam
784 1531 836 1578 et
872 1522 1237 1594 Calpurniam,
1269 1522 1596 1594 praefectura
1632 1521 1841 1577 functos

246 1599 517 1656 Valerium
556 1598 865 1670 Capitonem
904 1606 955 1653 et
993 1598 1263 1652 Licinium
1295 1596 1581 1663 Gabolum,
1623 1596 1842 1651 sedibus

244 1675 431 1747 patriis
473 1672 729 1739 reddidit,
772 1673 841 1727 ab
877 1672 1172 1747 Agrippina
1209 1672 1339 1728 olim
1381 1671 1586 1744 pulsos.
1665 1672 1840 1727 Etiam

246 1748 445 1804 Lolliae
471 1747 746 1803 Paullinae
772 1748 975 1803 cineres
1002 1748 1279 1821 reportari,
1311 1746 1730 1821 sepulcrumque
1748 1764 1843 1802 ex·-

245 1824 383 1893 strui
410 1823 679 1895 permisit:
722 1840 967 1896 quosque
984 1824 1104 1895 ipse
1131 1840 1302 1896 nuper
1322 1822 1660 1897 relegaverat,
1685 1824 1845 1878 Ituri-

249 1916 341 1955 um
362 1906 413 1953 et
430 1896 726 1954 Calvisium
744 1914 914 1970 poena
939 1898 1183 1955 exsolvit.
1238 1900 1374 1954 Nam
1395 1898 1574 1954 Silana
1595 1897 1698 1954 fato
1717 1897 1844 1953 fun-

244 1984 326 2030 cta
354 1983 481 2040 erat,
525 1972 819 2047 longinquo
848 1974 916 2028 ab
942 1973 1133 2029 exsilio
1151 1974 1437 2029 Tarentum
1464 1990 1722 2048 regressa,
1766 1972 1844 2027 la-

246 2052 403 2107 bante
431 2051 538 2105 iam
566 2049 882 2123 Agrippina,
914 2048 1071 2105 cuius
1097 2050 1394 2105 inimicitiis
1419 2047 1734 2113 conciderat,
1757 2046 1841 2104 vel

246 2126 459 2181 tandem
478 2126 735 2199 mitigata.

339 2205 441 2256 43.
460 2200 467 2208 '
484 2200 764 2255 Cunctanti
786 2200 844 2254 in
862 2198 1076 2271 oppidis
1099 2199 1437 2272 Campaniae,
1472 2214 1706 2272 quonam
1728 2214 1844 2253 mo-

246 2278 315 2333 de
350 2276 539 2331 urbem
584 2274 975 2349 ingrederetur:
1018 2292 1088 2330 an
1123 2274 1446 2347 obsequium
1489 2282 1726 2339 senatus,
1773 2290 1842 2330 an

246 2352 421 2408 studia
450 2350 623 2423 plebis
648 2350 919 2422 reperiret,
952 2351 1130 2416 anxio,
1157 2359 1334 2405 eontra
1353 2349 1670 2405 deterrimus
1688 2348 1846 2421 quis-

246 2444 374 2501 que,
404 2442 637 2500 quorum
669 2442 776 2480 non
804 2424 905 2480 alia
926 2426 1072 2500 regia
1091 2424 1364 2481 fecundior
1381 2425 1598 2490 exstitit,
1621 2429 1846 2479 invisum

246 2506 567 2573 Aqrippinac
580 2518 761 2556 nomen
780 2510 829 2557 et
846 2500 1009 2556 morte
1022 2506 1134 2557 eius
1141 2518 1413 2556 accensum
1423 2502 1846 2571 populifavorem

246 2578 545 2633 disserunt:
604 2582 705 2631 iret
742 2580 1048 2645 intrepidus,
1088 2586 1137 2631 et
1163 2580 1540 2631 venerationem
1564 2580 1651 2631 sut·
1670 2592 1851 2630 coram

249 2657 606 2721 experiretur.-
646 2650 810 2707 eimul
829 2656 1108 2722 praegredi
1125 2654 1434 2723 exposcunt.
1503 2650 1571 2705 Et
1586 2651 1847 2723 prompti-

248 2746 359 2795 ora,
380 2745 543 2801 quam
572 2727 941 2799 promiserant,
970 2728 1277 2784 inveniunt.-
1317 2726 1502 2783 obvias
1524 2726 1725 2782 tribus:
1768 2725 1817 2759 *Ρ
