2081 3038
212 210 313 267 3⁴2
688 210 791 262 DE
829 208 1340 263 onaromnus

212 314 349 393 quid
374 321 427 372 et
444 317 574 372 eniti
596 313 817 373 fortasse
844 332 1092 389 possum,
1116 317 1186 372 ita
1208 316 1512 372 recitatione
1532 318 1834 391 tragoedia-

214 412 335 450 rum
356 392 565 467 ingredi
586 392 784 448 famam
805 394 1114 465 auspicatus
1133 410 1279 458 sum,
1306 400 1418 447 tum
1441 391 1683 465 quidem,
1698 411 1824 448 cum

210 470 269 526 in
292 470 498 525 Nerone
525 468 859 541 inprobatam
890 476 941 523 et
970 468 1274 525 studiorum
1293 485 1512 541 quoque
1533 484 1680 523 sacra
1702 487 1827 541 pro-

214 544 481 600 fanantem
512 544 710 601 Vatinii
738 545 1029 617 potentiam
1059 542 1220 618 fregi:
1264 552 1315 599 et
1343 543 1520 609 hodie,
1544 544 1592 598 si
1613 544 1746 615 quid
1767 547 1824 599 in

216 621 369 677 nobis
408 620 623 677 notitiae
658 636 720 676 ac
758 620 993 675 nominis
1032 626 1132 685 est,
1177 619 1350 693 magis
1379 619 1603 690 arbitror
1629 621 1827 675 carmi-

212 714 368 761 num,
394 714 559 769 quam
582 697 902 761 orationum,
922 694 1091 769 gloria
1110 702 1344 767 partum.
1405 692 1483 750 Ac
1501 696 1610 750 iam
1632 712 1720 751 me
1739 713 1828 751 se-

212 775 436 846 iungere
465 790 493 826 a
524 770 721 828 forensi
748 770 926 826 labore
951 771 1232 839 constitui3
1275 786 1374 828 nec
1392 770 1673 827 comitatus
1695 771 1826 827 istos

212 855 263 903 et
292 864 543 921 egressus
570 855 662 902 aut
691 846 1047 919 frequentiam
1077 842 1458 901 salutationum
1482 844 1821 918 concupisco,

211 939 319 979 non
349 924 523 997 magis
551 938 718 995 quam
751 938 871 978 aera
892 928 943 977 et
962 920 1247 995 imagineS,
1277 938 1417 993 quae
1438 923 1597 977 etiam
1620 938 1707 977 me
1729 940 1826 978 no-

212 997 353 1054 lente
370 1001 426 1053 in
454 998 676 1054 domum
698 1014 880 1053 meum
902 999 1244 1069 inruperunt.
1307 996 1443 1051 Nam
1470 1006 1667 1053 statum
1689 996 1825 1052 huc-

212 1090 391 1147 usque
426 1090 488 1128 ac
522 1074 861 1128 securitatem
890 1070 1086 1127 melius
1117 1072 1417 1127 innocentia
1446 1081 1614 1137 tueor,
1657 1090 1822 1145 quam

212 1148 541 1221 eloquentia:
586 1164 686 1203 nec
714 1163 917 1211 vereor,
946 1162 1014 1201 ne
1035 1146 1171 1201 mihi
1196 1164 1460 1220 umquam
1481 1147 1639 1204 verba
1661 1149 1717 1204 in
1738 1166 1824 1202 se-

214 1233 363 1287 natu,
388 1224 497 1279 nisi
516 1239 615 1294 pro
634 1221 853 1278 alterius
873 1221 1206 1288 discrimine,
1231 1220 1471 1278 facienda
1491 1223 1616 1278 sint.

324 1300 407 1355 ⁴2.
449 1298 678 1356 Nemora
711 1314 834 1355 vero
858 1304 911 1353 et
938 1297 1047 1353 luci
1077 1305 1129 1353 et
1147 1306 1410 1353 secretum
1433 1299 1635 1371 ipsum,
1677 1299 1823 1372 quod

210 1372 355 1447 Aper
372 1374 699 1448 increpabat,
732 1382 932 1429 tantam
961 1373 1099 1430 mihi
1127 1372 1375 1429 adferunt
1397 1374 1741 1447 voluptatem,
1764 1383 1826 1431 ut

210 1452 347 1506 inter
391 1452 707 1526 praecipuos
744 1450 1049 1505 carminum
1093 1446 1297 1504 fructus
1338 1466 1640 1516 numerem,
1675 1451 1824 1524 quod

212 1544 313 1582 nec
339 1528 398 1583 in
424 1529 669 1600 strepitu,
702 1543 801 1582 nec
824 1525 1042 1582 sedente
1061 1534 1182 1582 ante
1199 1526 1399 1582 ostium
1419 1525 1700 1602 litigatore,
1727 1545 1826 1582 nec

210 1603 351 1659 inter
371 1603 553 1658 sordes
572 1619 635 1657 ac
654 1602 903 1658 lacrimas
925 1619 1138 1658 reorum
1158 1609 1581 1675 componuntur;
1623 1603 1718 1658 sed
1737 1621 1824 1658 se-

211 1677 351 1733 cedit
375 1678 591 1733 animus
622 1679 678 1733 iu
700 1677 811 1734 loca
830 1695 965 1750 pura
984 1685 1146 1750 atque
1163 1677 1487 1744 innocentia,
1517 1677 1824 1751 fruiturque

211 1753 435 1810 sedibus
464 1753 649 1809 sacris.
730 1755 869 1809 Haec
890 1752 1222 1826 eloquentiae
1241 1752 1554 1826 primordia,
1579 1754 1710 1810 haec
1727 1771 1824 1826 pe-

211 1827 460 1886 netralia:
503 1827 605 1884 hoc
630 1829 871 1902 primum
892 1828 1079 1883 habitu
1101 1826 1361 1902 cultuque
1381 1829 1656 1902 commoda
1679 1847 1824 1885 mor-

211 1904 430 1971 talibus,
462 1905 522 1960 in
542 1903 633 1959 illa
654 1912 794 1960 casta
822 1913 873 1960 et
896 1903 1064 1960 nullis
1086 1912 1320 1960 contacta
1343 1905 1488 1961 vitiis
1509 1913 1718 1978 pectora
1737 1906 1823 1960 in-

210 1979 394 2036 fluxit:
437 1980 517 2035 sic
540 1979 753 2036 oracula
780 1979 1153 2053 loquebantur.
1235 1981 1371 2036 Nam
1393 1977 1632 2036 lucrosae
1653 1979 1822 2036 huius

211 2063 264 2111 et
288 2055 662 2130 sanguinantis
692 2055 1023 2128 eloquentiae
1047 2074 1181 2112 usus
1202 2072 1386 2111 recens
1407 2062 1457 2110 et
1479 2053 1635 2110 malis
1655 2057 1824 2111 mori-

210 2132 315 2188 bus
337 2137 515 2197 natus,
539 2138 717 2203 atque,
742 2138 801 2187 ut
822 2139 877 2186 tu
899 2131 1132 2198 dicebas,
1162 2130 1324 2206 Aper,
1346 2131 1404 2187 in
1427 2130 1603 2186 locum
1627 2131 1715 2187 teli
1737 2148 1822 2186 re—

210 2215 413 2280 pertus.
494 2205 742 2262 Ceterum
766 2205 895 2262 felix
915 2205 1053 2262 illud
1069 2215 1137 2273 et,
1164 2215 1222 2262 ut
1243 2223 1390 2262 more
1409 2213 1589 2263 nostro
1609 2204 1816 2280 loquar,

211 2299 437 2338 aureum
456 2282 752 2347 saeculum,
784 2290 835 2336 et
856 2290 1124 2338 oratorum
1145 2289 1195 2338 et
1212 2281 1506 2338 criminum
1528 2283 1702 2354 inops,
1723 2299 1822 2354 po·-

211 2359 312 2414 etis
332 2364 384 2413 et
400 2358 615 2413 vatibus
634 2355 957 2423 abundabat,
988 2358 1086 2430 qui
1107 2357 1240 2414 bene
1261 2355 1394 2413 facta
1415 2364 1680 2424 canerent,
1713 2375 1820 2414 non

211 2433 309 2506 qui
346 2431 487 2488 male
524 2431 757 2488 admissa
794 2431 1152 2489 defenderent.
1231 2433 1344 2488 Neo
1380 2432 1509 2489 ullis
1537 2441 1628 2489 aut
1649 2431 1821 2508 gloria

211 2509 399 2573 maior,
432 2516 525 2563 aut
552 2508 827 2583 augustior
850 2506 1048 2565 honor:
1089 2508 1330 2580 primum
1351 2509 1497 2582 apud
1515 2507 1659 2574 de0S‚
1684 2526 1824 2582 quo-

212 2600 334 2637 rum
365 2582 599 2654 proferre
629 2601 880 2656 responsa
912 2590 962 2638 et
993 2583 1246 2640 interesse
1278 2584 1456 2658 epulis
1483 2583 1816 2641 ferebantur:

211 2655 403 2710 deinde
441 2657 585 2729 apud
622 2657 743 2715 illos
782 2659 887 2715 diis
919 2660 1128 2734 genitos
1161 2677 1450 2733 sacrosque
1476 2677 1647 2735 reges,
1682 2659 1821 2716 inter

210 2745 349 2772 ’ΨΜ
388 2731 660 2788 neminem
680 2732 1123 2801 caussidicorum,
1165 2735 1261 2790 sed
1283 2733 1494 2809 Orphea
1514 2753 1576 2792 ac
1595 2736 1816 2804 Linum,
