2081 3038
288 244 381 296 416
632 264 685 317 '.
770 248 1414 294 HlsToRIARUM
1637 237 1890 312 (uum.

281 348 402 387 brevi
419 348 638 387 dilabitur.
674 350 737 388 59.
760 348 952 387 Flaviani
970 348 1245 397 Apenninum
1262 351 1508 395 transemm
1531 347 1588 387 ud
1605 356 1681 387 eos
1700 346 1890 393 Cerialis,

278 414 444 454 Vitellii
458 416 677 454 custodias
692 416 874 463 elapsus,
891 418 1014 456 venit
1028 419 1072 455 et
1085 416 1198 455 inter
1211 415 1340 455 duces
1354 415 1612 455 adsumitur.
1643 417 1706 454 60.
1718 416 1891 463 Pugnae

278 483 428 521 avidos
448 483 607 521 milites
626 493 755 531 aegre
774 484 943 522 cohibet
960 482 1191 523 Antonius.
1237 484 1300 521 61.
1328 482 1418 523 lam
1438 484 1588 525 crebra
1607 484 1712 524 fiunt
1735 484 1788 521 ad
1808 482 1889 521 Ve-

281 552 528 599 spasianum
546 552 799 599 transfugia.
844 552 1017 589 Priscus
1036 554 1082 590 et
1098 551 1322 599 Alphenus
1337 554 1482 591 casm
1497 551 1716 597 deserunt,
1744 550 1799 588 ad
1817 549 1888 589 Vi-

278 618 441 657 tellium
466 620 669 667 regressi.
714 620 777 658 62.
798 620 860 659 68.
890 618 1027 660 Caeso
1048 618 1250 665 Valente,
1279 618 1630 667 uesper-abundus
1656 618 1782 657 miles
1809 618 1888 657 sub

278 686 413 733 signia
432 686 691 733 vexillisque
714 686 771 725 ed
787 686 1098 735 Vespasianum
1120 687 1286 726 transit.
1333 686 1426 725 Pax
1451 690 1494 726 et
1517 686 1636 725 salus
1655 685 1890 725 offeruntur

278 752 466 801 Vitellio,
486 754 523 791 si
542 763 588 791 se
607 753 735 791 dedat

378 822 445 860 64.
460 820 631 859 Flavius
650 820 849 866 Sabinus,
868 820 986 859 urbis
1005 822 1260 869 praefectus,
1279 822 1436 861 frustra
1455 820 1658 859 incitatur
1673 820 1731 857 ad
1747 830 1888 865 arum

276 890 343 928 65.
361 890 481 937 pacis
500 898 663 935 amans,
684 888 737 927 de
755 898 859 937 paee
878 890 971 937 agit
986 899 1084 927 cum
1103 888 1290 935 Vitellio,
1323 890 1386 930 66.
1405 888 1555 929 cedere
1573 892 1738 935 persto,
1758 888 1802 925 ni
1822 888 1890 926 sui

276 957 574 996 reniterentur.
628 957 692 995 67.
716 957 777 995 88.
802 956 879 1004 Hi,
916 956 1030 1003 pullo
1059 957 1216 995 amictu
1245 956 1402 1004 palatio
1429 954 1702 1002 degressum,
1739 958 1786 994 et
1812 964 1888 1002 pro

277 1024 481 1063 concione
498 1024 649 1063 cedere
666 1033 712 1061 se
731 1024 909 1071 imperio
928 1028 1172 1072 testantem,
1192 1033 1244 1063 eo
1261 1024 1400 1063 redire
1419 1026 1592 1071 eng-unt.
1625 1023 1690 1063 69.
1708 1022 1887 1061 Interim

277 1090 459 1129 Sabinus
484 1090 789 1138 rempublicam
816 1095 1087 1138 susceperat,
1118 1092 1242 1139 eique
1260 1090 1438 1129 aderant
1463 1090 1640 1129 Romani
1660 1089 1799 1127 onmis
1819 1100 1888 1127 or·

276 1158 400 1203 dinis,
426 1158 704 1197 frementibus
724 1156 987 1196 Germanicis
1006 1158 1271 1197 cohortibus.
1313 1158 1532 1197 Modicum
1559 1156 1780 1205 proelium,
1802 1155 1885 1194 Ve-

276 1226 486 1273 spasianis
504 1235 767 1273 prosperum.
806 1224 989 1265 Sabinus
1009 1224 1268 1274 Capitolium
1287 1228 1481 1273 occupat,
1502 1224 1631 1273 quod,
1669 1224 1731 1263 70.
1756 1222 1886 1263 Corn.

274 1292 469 1331 Martiale
495 1292 653 1331 frustra
676 1292 732 1331 ad
750 1292 970 1342 Vitellium
998 1294 1153 1341 misso,
1198 1294 1261 1332 71.
1281 1292 1501 1333 Vitelliani
1523 1296 1794 1341 oppugnant,
1823 1291 1888 1329 in-

276 1358 476 1399 cendunt.
521 1360 585 1401 ⁷2.
612 1361 677 1399 De
701 1361 914 1410 prioribus
941 1360 1142 1411 Capitolii
1171 1360 1269 1399 satis
1296 1360 1518 1408 digressio.
1575 1360 1638 1398 73.
1666 1358 1888 1397 Vitelliani

276 1433 431 1467 cuncta
440 1429 662 1477 sanguiue,
674 1428 801 1476 ferro,
811 1428 993 1469 flammis
1008 1430 1204 1469 miscent.
1223 1428 1417 1467 Flavium
1429 1426 1632 1467 Sabinum
1643 1424 1887 1465 etAtticum

275 1496 493 1537 consulem
508 1499 695 1546 capiunt.
723 1498 786 1536 74.
802 1496 1076 1552 Domitianus
1092 1496 1320 1536 sacricolae
1336 1496 1484 1536 habitu
1501 1496 1730 1536 delitescit.
1763 1494 1888 1536 Sabi-

274 1575 369 1614 nus,
388 1567 522 1604 invito
536 1565 723 1612 Vitellio,
746 1565 997 1605 trucidatur.
1034 1566 1099 1606 75.
1116 1565 1262 1604 Sabini
1281 1565 1444 1606 laudes.
1479 1565 1653 1604 Atticus
1671 1567 1885 1603 servatur.

377 1650 441 1687 76.
461 1651 525 1687 77.
550 1650 779 1688 Tarracina
796 1659 822 1688 a
839 1649 891 1688 1..
911 1649 1086 1689 Vltelllo
1107 1650 1284 1690 obsessa
1303 1653 1348 1689 et
1365 1630 1502 1700 capta.
1546 1649 1735 1688 Iulianus
1759 1649 1888 1696 iugu-

274 1716 401 1755 latur.
436 1716 623 1754 Triariae
640 1717 911 1756 inmodestia.
965 1719 1028 1757 78.
1057 1718 1262 1764 Flaviani.
1291 1718 1500 1758 incertum
1518 1716 1698 1757 Antonii
1715 1727 1772 1755 an
1789 1716 1886 1756 Mu-

274 1783 385 1822 ciani
404 1783 531 1831 culpa
548 1787 813 1831 cunctantes,
842 1786 1009 1824 obsessi
1029 1785 1229 1834 Capitolii
1247 1785 1362 1824 fama
1377 1785 1522 1832 exciti,
1565 1785 1630 1824 79.
1658 1783 1714 1822 ad
1733 1782 1885 1822 urbem

274 1854 518 1900 properant.
560 1851 627 1892 ibi
645 1856 841 1900 equestre
868 1853 1092 1902 proelium,
1115 1851 1271 1891 Ceriali
1287 1851 1532 1892 adversum.
1575 1852 1639 1891 80.
1659 1852 1724 1890 81.
1744 1850 1886 1890 Vitel-

272 1917 357 1958 lius
382 1918 549 1968 legatos
574 1923 619 1959 et
643 1919 839 1960 Vestales
866 1922 1054 1968 virgines
1079 1931 1156 1969 pro
1183 1931 1288 1970 pace
1313 1924 1389 1960 sut
1413 1920 1595 1960 induciis
1621 1920 1774 1967 mittit,
1804 1929 1886 1958 nce

274 1987 453 2026 obtinet.
496 1988 559 2026 82.
588 1986 779 2026 Flaviani
797 1989 1011 2036 tripartito
1031 1988 1202 2036 agmine
1219 1987 1315 2028 urbi
1337 1989 1638 2036 propinquant.
1673 1989 1808 2028 Varia
1824 1989 1885 2028 ibi

272 2054 446 2093 fortuna
478 2057 706 2102 pugnatur.
760 2055 824 2094 83.
850 2054 996 2094 Foeda
1020 2055 1282 2096 lascivientis
1309 2055 1426 2094 urbis
1451 2056 1604 2102 facies,
1641 2061 1886 2104 spectatore

275 2122 432 2170 populo
452 2124 497 2160 et
521 2120 674 2170 plausu
694 2122 885 2161 diversas
908 2125 1053 2171 partes
1074 2125 1262 2164 fovente.
1306 2124 1371 2162 84.
1401 2121 1552 2176 Castra
1576 2123 1790 2170 praetoria
1808 2132 1882 2162 ex-

274 2191 535 2237 pugnantur.
577 2190 643 2229 85.
661 2189 873 2236 Vitellius,
892 2199 917 2228 e
940 2190 1142 2238 pudenda
1159 2191 1320 2232 latebra
1339 2193 1581 2239 protractus
1601 2193 1644 2228 et
1660 2193 1886 2229 contume-

272 2257 339 2294 liis
366 2257 578 2304 adfectus,
606 2258 659 2295 ad
685 2257 906 2305 gemonias
931 2259 1198 2306 propellitur.
1240 2259 1304 2300 86.
1332 2259 1432 2298 Vita
1451 2258 1611 2297 Vitellii
1639 2267 1883 2305 moresque.

274 2324 547 2364 Domitianus
568 2323 725 2364 Caesar
744 2325 1051 2365 consalutatur.

375 2391 509 2430 Gesta
526 2401 609 2430 uno
629 2393 863 2442 eodemque
880 2403 1007 2434 anno.

387 2495 434 2547 i.
447 2483 688 2548 Meliore
703 2493 811 2550 fato
823 2494 1042 2566 fideque
1051 2495 1292 2567 partium
1306 2495 1696 2551 Flavianorum
1709 2496 1886 2550 duces

273 2567 503 2622 consilia
527 2568 663 2624 belli
686 2570 1005 2625 tractabant.
1051 2571 1442 2626 Petovionem
1427 2587 1485 2625 m
1513 2569 1746 2624 hiberna
1773 2579 1888 2625 ter-

273 2642 632 2698 tiaedecimae
653 2645 891 2718 legionis
903 2654 1290 2702 convenerant
1314 2645 1437 2700 nhc
1450 2647 1749 2718 evitavere
1765 2647 1888 2718 pla-

274 2724 491 2770 ceretae
511 2718 724 2774 obstrui
753 2721 1065 2776 Pannoniae
1084 2720 1272 2793 Alpes,
1305 2685 1517 2776 donec*
1501 2739 1533 2775 a
1553 2729 1708 2793 tergo
1729 2723 1886 2777 vires

350 2805 563 2844 versae
583 2804 1000 2868 consurgerent·
1028 2812 1096 2849 an
1119 2797 1198 2850 ire
1211 2798 1464 2852 cominus
1483 2805 1536 2854 et
1551 2806 1762 2853 certare
1779 2814 1886 2871 pro
