2081 3038
242 223 485 299 2.c.5⁹.)
712 231 872 278 ms.
910 229 950 278 1.
992 229 1168 278 cn».
1209 229 1380 277 a-s,
1793 207 1836 276 '5

244 333 589 389 atrocioribus
617 331 802 406 populi
829 333 982 388 Rom.
1014 331 1275 398 cladibus,
1317 333 1556 406 magisve
1575 332 1731 387 iustis
1751 331 1837 386 in-

243 407 398 463 diciis
426 408 774 480 adprobatum
804 415 903 473 est,
927 423 1031 463 non
1054 425 1170 462 esse
1193 423 1351 463 curae
1367 407 1482 462 deis
1502 410 1833 463 securitatem

243 491 497 547 nostram,
520 501 638 538 esse
658 484 931 540 ultionem.

356 561 405 613 4.
448 558 714 625 Ceterum,
745 566 1029 630 antequam
1056 557 1312 612 destinata
1333 574 1664 628 componam,
1687 575 1838 630 repe-

244 632 463 688 tendum
477 634 703 698 videtur,
728 633 906 706 qualis
925 640 1094 688 status
1113 631 1284 697 urbis,
1307 649 1445 703 quae
1466 648 1616 686 mens
1637 633 1838 689 exerei-

242 715 419 773 tuum,
460 710 585 780 quis
614 709 829 764 habitus
858 708 1275 780 provinciarum,
1316 707 1451 779 quid
1474 707 1530 761 in
1552 713 1656 762 toto
1675 715 1838 762 terra-

245 801 367 838 rum
394 783 521 839 orbe
550 783 808 849 validum,
837 783 972 856 quid
996 799 1216 858 aegrum
1244 781 1428 851 fuerit3
1470 789 1531 837 ut
1555 798 1661 837 non
1682 783 1838 837 modo

243 875 400 913 casus
428 866 759 932 eventusque
787 873 985 926 rerum,
1013 858 1113 931 qui
1131 857 1450 931 plerumque
1469 855 1668 914 fortuiti
1689 866 1833 922 sunt,

242 933 338 988 sed
366 936 497 990 ratio
523 936 680 990 etiam
709 951 1035 1006 caussaeque
1059 941 1363 989 noscantur.
1442 933 1592 988 Finis
1613 933 1862 988 Neronis·

245 1016 304 1063 ut
343 1007 509 1064 laetus
534 1010 709 1081 primo
734 1009 1084 1084 gaudentium
1109 1009 1312 1081 impetu
1340 1006 1526 1074 suerat,
1569 1009 1639 1063 ita
1661 1009 1836 1064 varios

244 1091 419 1139 motus
438 1086 735 1140 animorum
759 1102 864 1140 non
882 1084 1040 1140 modo
1062 1085 1116 1140 in
1132 1085 1264 1140 urbe
1283 1083 1426 1156 apud
1445 1091 1619 1156 patres
1637 1093 1728 1140 aut
1741 1101 1837 1157 po-

242 1158 432 1230 pulum
468 1169 555 1215 aut
586 1160 851 1215 urbanum
879 1158 1124 1224 militem,
1157 1160 1252 1215 sed
1276 1176 1461 1215 omnes
1484 1158 1716 1233 legiones
1735 1159 1837 1214 du-

242 1251 437 1306 cesque
456 1237 769 1302 conciverat,
784 1234 1029 1310 evulgato
1047 1235 1262 1307 imperii
1283 1252 1489 1300 arcano,
1511 1251 1669 1306 posse
1686 1236 1836 1307 prin-

240 1310 413 1380 cipem
434 1310 581 1373 alibi,
606 1329 770 1382 quam
790 1311 987 1366 Romae
1006 1310 1140 1364 fieri.
1192 1308 1295 1364 Sed
1313 1318 1489 1382 patres
1511 1310 1651 1376 laeti,
1676 1329 1838 1365 usur-

241 1394 360 1456 pata
382 1386 557 1440 statim
583 1386 836 1450 libertate,
880 1383 1146 1449 lieentiuS,
1187 1391 1248 1439 ut
1275 1400 1397 1458 erga
1423 1386 1719 1457 principem
1741 1404 1837 1440 no-

246 1477 371 1514 vum
404 1469 453 1514 et
480 1461 778 1529 absentem3
820 1458 1082 1533 primores
1107 1459 1348 1533 equitum
1384 1461 1613 1532 proximi
1641 1461 1860 1535 gaudio·

242 1544 481 1607 patrum3
526 1553 647 1607 pars
668 1534 850 1607 populi
875 1536 1074 1609 integra
1100 1542 1151 1590 et
1173 1534 1384 1609 magnis
1404 1534 1653 1591 domibus
1673 1554 1838 1592 anne-

243 1628 329 1676 xa,
345 1609 560 1665 clientes
584 1610 864 1683 libertique
882 1610 1252 1667 damnatorum
1273 1617 1324 1665 et
1340 1609 1588 1666 exsulum
1611 1612 1666 1667 in
1684 1629 1832 1684 spem

242 1686 428 1740 erecti:
471 1685 621 1756 plebs
656 1685 871 1753 sordida
901 1694 954 1740 et
976 1687 1117 1742 σίτου
1141 1702 1202 1741 ac
1219 1684 1438 1741 theatris
1460 1695 1629 1752 sueta,
1670 1688 1832 1743 simul

241 1759 511 1814 deterrimi
532 1777 828 1828 servorum,
852 1769 942 1816 aut
963 1763 1081 1834 qui,
1103 1761 1277 1817 adesis
1296 1761 1451 1818 bonis
1459 1805 1483 1837 ,ι
1493 1779 1588 1835 per
1607 1762 1835 1819 dedecus

242 1835 467 1891 Neronis
486 1834 778 1901 alebantur,
802 1837 989 1891 maesti
1008 1844 1060 1891 et
1079 1854 1358 1893 rumorum
1379 1838 1542 1893 avidi.

352 1912 403 1965 ὅ.
446 1910 599 1966 Miles
631 1910 887 1977 urbanus,
922 1911 1078 1986 longo
1099 1912 1384 1969 Caesarum
1407 1921 1732 1970 sacramento
1749 1914 1838 1969 in-

245 1986 426 2051 butue,
469 1995 518 2042 et
545 1986 609 2041 ad
641 1986 1035 2042 destituendum
1065 1988 1327 2045 Neronem
1356 1997 1466 2043 arte
1490 1990 1664 2063 magis
1683 1998 1733 2044 et
1751 1990 1837 2043 in-

243 2059 427 2133 pulsu,
451 2080 611 2134 quam
640 2079 741 2118 suo
769 2063 1001 2137 ingenio,
1033 2062 1323 2131 traductu3‚
1354 2072 1637 2137 postquam
1662 2081 1836 2135 neque

241 2137 357 2191 dari
376 2136 706 2204 donativum,
730 2138 833 2193 sub
854 2138 1068 2194 nomine
1079 2138 1276 2195 Galbae
1295 2140 1643 2212 promissum,
1661 2156 1837 2211 neque

242 2214 453 2287 magnis
487 2214 693 2269 meritis
719 2231 781 2269 ac
807 2214 1064 2286 praemiis
1088 2214 1315 2272 eundem
1335 2215 1392 2270 in
1419 2232 1566 2287 pace,
1588 2232 1750 2287 quem
1777 2216 1833 2270 in

242 2288 407 2355 bello,
450 2287 624 2345 locum
641 2331 653 2354 ,
690 2298 1139 2363 praeventamque
1163 2291 1388 2365 gratiam
1417 2289 1663 2364 intelligit
1692 2291 1834 2362 apud

239 2364 537 2437 principem
566 2383 593 2419 a
628 2364 924 2439 legionibus
956 2363 1181 2433 factum3
1223 2383 1426 2439 pronus
1454 2364 1520 2421 ad
1538 2382 1703 2420 novas
1727 2384 1831 2431 resi,

240 2439 437 2495 scelere
461 2440 684 2511 insuper
711 2439 1028 2515 Nymphidii
1047 2439 1231 2496 Sabini
1248 2439 1525 2514 praefecti,
1544 2441 1833 2512 imperium

241 2515 345 2570 sibi
390 2515 675 2581 molientiS‚
717 2517 962 2590 agitatur.
1038 2516 1108 2571 Et
1135 2516 1500 2591 Nymphidius
1528 2516 1749 2588 quidem
1775 2517 1833 2571 in

242 2591 361 2662 ipso
378 2599 561 2647 conatu
584 2608 899 2664 oppressus:
941 2590 1056 2655 sed,
1069 2592 1323 2665 quamvis
1340 2591 1508 2664 capite
1527 2589 1832 2647 defectionis

242 2664 432 2731 ablato,
451 2666 695 2721 manebat
712 2666 985 2740 plerisque
1003 2667 1240 2723 militum
1261 2666 1579 2724 conscientia
1595 2684 1608 2737 ;
1633 2684 1730 2723 nee
1741 2668 1836 2723 ‹le-

242 2748 391 2797 erant
416 2758 706 2810 sermones,
736 2748 935 2802 aenium
961 2751 1117 2815 atque
1141 2748 1424 2801 avaritiam
1450 2742 1645 2801 Galbae
1662 2744 1835 2801 incre-
