2081 3038
310 201 407 257 470
785 206 1437 258 ΗῙεΤοΒῙΛιισΜ
1668 197 1928 273 (aman.

302 305 789 359 poscentibus,'restltlt.
823 309 974 351 Vtotas
990 311 1183 359 legiones
1201 311 1246 350 ln
1263 310 1408 351 eum
1424 308 1592 359 recipit.
1636 310 1702 350 78.
1721 310 1788 349 74.
1813 309 1922 350 ‘l'ro-

301 385 431 417 veros
450 381 493 416 et
509 372 727 426 Lingones
746 378 876 419 officii
895 379 1112 419 admonet.
1149 380 1215 419 75.
1235 377 1389 419 Civilis
1407 380 1454 418 et
1469 375 1688 419 clas-tous
1705 376 1764 417 ad
1777 376 1923 417 Certa·

300 442 388 484 lem
406 445 569 484 litteras
588 447 779 495 mittant,
798 446 854 485 ad
871 456 977 496 quas
996 446 1070 485 me
1085 446 1210 486 nihil.
1253 446 1319 487 78.
1340 444 1491 487 Civilis
1509 445 1814 495 cunctandum,
1836 446 1920 486 'rn-

301 514 373 553 tor
390 516 434 553 et
451 511 669 555 classicus
689 515 836 555 statim
861 514 1165 564 pugnandum,
1193 515 1406 553 statuunt.
1451 514 1516 554 77.
1536 514 1602 554 78.
1627 512 1773 555 Atrox
1795 522 1899 563 proc

300 580 424 629 lium,
446 592 530 631 qno
551 580 743 630 Cerialis,
772 583 894 621 inItio
911 582 1078 629 victus,
1102 591 1210 623 mox
1224 582 1366 623 victor
1383 584 1526 621 casus
1541 582 1733 623 host-tum
1751 582 1920 621 exscin-

302 648 379 689 dit.
418 650 481 688 79.
501 649 838 700 Agrippinenses
857 659 885 689 a
902 648 1128 689 Germanis
1146 648 1406 689 desciscunt.
1450 650 1518 690 80.
1538 648 1768 689 maanus
1783 648 1920 689 Vitel-

299 716 350 756 111
366 715 511 767 {fillum
537 718 754 757 interfici&
797 716 1014 757 Antonius
1038 717 1231 765 Primus,
1266 716 1324 755 ad
1347 715 1664 766 Vespasianum
1685 717 1908 767 protectus

302 793 389 822 non
414 796 492 833 pro
520 796 596 834 spe
622 786 850 835 excipitur.
904 786 969 825 81.
995 784 1146 825 Multis
1173 784 1394 824 miraculls
1413 784 1612 825 coelestis
1629 784 1676 823 ln
1692 782 1925 833 Vespasia·

302 860 407 891 num
432 853 556 892 favor
580 856 819 892 ostensum·
848 852 945 902 Ipse
972 853 1194 893 oculorum
1219 852 1321 893 tabe
1344 854 1516 899 notum,
1541 851 1675 891 alium
1699 861 1834 890 manu
1852 860 1918 891 ne-

303 929 442 967 grum,
463 921 639 960 sanitati
655 921 859 960 restituIt.
895 920 961 961 82.
982 919 1269 961 eo'nfirmatm
1286 920 1429 960 omlne
1446 920 1491 959 ln
1509 920 1670 969 templo
1689 918 1921 968 Serapidis.

303 988 425 1027 culus
478 988 543 1027 83.
562 988 627 1027 84.
654 989 774 1036 origo
796 987 1067 1036 Sinopensis,
1094 986 1303 1037 templum
1320 986 1610 1027 Alexandriae
1628 986 1919 1036 magnifieum,

301 1064 475 1095 nomen.
518 1056 583 1093 85.
601 1055 857 1096 valentinus
874 1056 1086 1105 supplicio
1106 1055 1318 1095 adfectus.
1361 1055 1427 1095 88.
1453 1054 1741 1101 Domitianus,
1761 1054 1925 1096 &nette

302 1122 468 1160 tentato
496 1120 683 1169 Ceriale,
718 1132 774 1162 an
800 1124 884 1163 sibi
909 1125 1146 1164 exercitum
1177 1123 1489 1173 imper-tumque
1520 1122 1759 1163 nuditum
1792 1122 1921 1169 roret,

300 1187 541 1240 litterarum
560 1188 753 1229 studlum
771 1193 815 1230 et
832 1200 1022 1231 amorem
1040 1192 1278 1231 carminum
1295 1190 1484 1231 simulat.

403 1254 539 1297 Gesta
554 1257 662 1297 haee
678 1260 835 1307 partlm
853 1259 1006 1299 eodem
1023 1270 1150 1311 anno,
1183 1260 1339 1311 partlm
1356 1260 1460 1309 imp.
1496 1258 1612 1307 resp.
1639 1259 1806 1304 iter-um,
1831 1256 1923 1297 Tito

236 1288 245 1295 .
291 1323 390 1373 fluo
415 1334 523 1365 cou-

417 1414 469 1467 l.
526 1401 826 1469 Interfecto
865 1414 1119 1479 Vitellio,
1177 1412 1389 1473 bellum
1434 1412 1614 1485 magis
1655 1410 1915 1475 desierat,

302 1503 470 1560 quam
500 1504 614 1561 pax
638 1500 911 1563 coeperat.
963 1491 1175 1546 Armati
1202 1506 1303 1562 per
1330 1488 1529 1544 urbem
1559 1486 1799 1544 victores
1828 1487 1920 1542 in-

302 1564 570 1634 placabili
597 1566 726 1621 odio
760 1566 936 1622 victos
964 1565 1442 1622 consectabantur.
1492 1564 1694 1619 Plenae
1725 1562 1920 1620 caedi-

302 1639 410 1692 bus
431 1640 575 1705 viae,
608 1650 833 1697 cruenta
854 1641 969 1697 sora
991 1642 1331 1714 templaque,
1361 1640 1572 1713 passim
1600 1638 1914 1704 trucidatis,

303 1721 367 1768 ut
409 1730 689 1788 quemque
729 1716 839 1772 fors
884 1717 1180 1773 obtulerat.
1256 1715 1335 1771 Ac
1375 1733 1531 1781 mox,
1582 1725 1917 1788 augescente

304 1788 555 1853 lieentia,
600 1793 835 1848 scrutari
880 1809 943 1848 ac
986 1793 1308 1864 protrahere
1350 1791 1593 1847 abditos:
1648 1792 1700 1846 si
1743 1808 1915 1862 quem

300 1880 595 1936 procerum
635 1867 830 1922 habitu
861 1884 924 1923 ac
958 1869 1186 1923 iuventa
1215 1874 1643 1938 conspexerant,
1681 1866 1918 1923 obtrun-

306 1956 448 2006 care,
474 1932 629 1997 nullo
648 1943 890 1998 militum
910 1951 1004 1998 aut
1021 1943 1217 2014 populi
1237 1942 1580 1997 discrimine.
1618 1939 1770 2007 Quae
1791 1959 1916 1998 sae-

302 2015 467 2082 vitia,
512 2017 830 2072 recentibus
858 2018 1035 2083 odiis,
1079 2017 1353 2092 sanguine
1383 2014 1738 2089 explebatur,
1779 2015 1912 2071 dein

302 2100 540 2147 verterat
578 2092 637 2147 in
670 2093 979 2149 avaritiam.
1042 2093 1196 2149 Nihil
1237 2109 1476 2164 usquam
1514 2099 1789 2146 secretum
1819 2099 1913 2146 aut

304 2167 557 2221 clausum
592 2167 878 2233 sinebant,
911 2169 1238 2226 Vitellianos
1265 2167 1532 2223 occultari
1562 2166 1911 2221 simulantes.

301 2240 530 2296 Initium
560 2242 619 2297 id
650 2242 1173 2318 perfringendarum
1201 2243 1498 2310 domuum3
1534 2241 1654 2306 vei,
1691 2242 1741 2295 si
1772 2243 1914 2297 resi-

302 2324 565 2382 steretur,
619 2335 816 2373 caussa
855 2318 1072 2386 caedis;
1144 2335 1248 2374 nec
1289 2319 1478 2374 deerat
1517 2317 1912 2391 egentissimus

302 2391 545 2462 quisque
567 2409 637 2446 ex
654 2393 846 2464 plebe:
871 2403 923 2450 et
942 2395 1175 2466 pessimi
1196 2394 1550 2451 servitiorum
1568 2390 1803 2463 prodere
1824 2391 1915 2447 ul-

303 2472 386 2517 tro
426 2463 570 2520 dites
609 2466 889 2524 dominos:
955 2469 1054 2524 alii
1095 2468 1165 2523 ab
1203 2468 1397 2522 amicis
1445 2466 1912 2522 monstrabantur.

300 2537 521 2608 Ubique
554 2540 810 2606 lamenta,
836 2542 1297 2598 conclamationes
1326 2549 1382 2598 et
1409 2541 1583 2597 forma
1601 2549 1796 2612 captae
1817 2558 1916 2595 ur-

302 2608 419 2664 bis:
447 2611 583 2668 adeo
603 2623 665 2670 ut
684 2615 983 2673 Othoniani
993 2617 1392 2689 Vitellianique
1411 2614 1608 2670 militis
1629 2615 1912 2671 invidiosa

300 2690 459 2736 antea
487 2689 791 2755 petulantia
828 2691 1254 2748 desideraretur.
1303 2693 1480 2746 Duces
1514 2691 1778 2763 partium,
1819 2706 1912 2746 ao·

302 2755 587 2814 cendendo
604 2763 762 2818 civili
779 2765 1118 2832 belloaci-es,
1132 2766 1522 2839 temperandae
1541 2765 1807 2824 victoriae
1820 2763 1912 2820 in·

2059 2889 2067 2987 Ι
