2081 3038
744 233 902 278 ΜΒ.
944 219 979 276 1.
1040 233 1216 278 CAP.
1263 229 1304 278 1.
1653 238 1658 250 ·
1785 229 1818 281 3

223 331 329 370 ditio
355 331 521 380 gravis,
558 330 602 368 ln
631 331 725 380 ipsa
758 331 862 370 urbe
891 331 1052 370 temere
1083 335 1197 378 orta,
1231 342 1328 370 cum
1359 341 1514 380 magno
1544 333 1658 370 metu
1693 334 1820 386 atque

222 400 468 454 discrimine
492 400 726 447 primorum
753 399 959 445 civitatis,
987 400 1185 448 precibus
1213 403 1256 438 et
1281 401 1478 448 lacrymis
1499 398 1680 440 Othonis
1706 410 1822 440 eom-

222 467 416 514 ponItur,
445 465 519 514 qui
552 467 615 504 83.
636 467 700 506 84.
720 467 877 505 milites
896 466 947 505 ad
972 467 1242 504 concordiam
1267 469 1312 504 et
1334 467 1584 508 modestiam
1611 469 1819 507 hortatur.

223 535 287 572 85.
307 533 408 572 Istis
426 535 687 582 compositis,
706 534 849 572 omnia
866 534 1156 582 suspicionum
1177 536 1219 570 et
1237 533 1470 571 formidinis
1495 535 1632 584 plena,
1661 538 1822 584 praeci-

224 611 307 648 puo
345 603 513 649 patrum
546 603 679 640 metu.
749 601 813 639 86.
846 601 1045 648 Prodigia
1081 599 1262 656 Othonis
1299 600 1463 640 cladem
1498 605 1822 650 praesagientia.

224 669 287 708 87.
314 667 379 714 Is,
422 667 603 706 lustrata
637 667 761 716 urbe,
810 667 1134 707 Narbonensem
1171 667 1352 706 Galliam
1387 669 1562 716 adgredi
1597 667 1746 709 statuit
1779 675 1825 710 et

223 723 406 774 88.'cum
423 735 569 774 multis
594 735 811 774 nobilibus
826 736 877 775 L.
896 734 1120 774 Vitellium
1145 736 1301 774 aemuli
1327 735 1499 774 fiatrem
1526 747 1672 776 secum
1691 737 1821 777 ducit.

224 804 287 843 89.
312 803 419 842 Inde
444 805 553 842 varii
576 803 813 842 animorum
839 806 995 843 motus.
1049 805 1113 843 90.
1141 791 1447 843 commendata
1479 803 1673 852 patribus
1698 814 1824 854 repu-

224 869 337 911 blica
362 869 476 910 Otho
502 871 674 910 festinat
700 871 755 911 ad
779 871 954 912 bellum.
1000 871 1195 910 Trachali
1220 871 1472 920 eloquentia.
1489 879 1593 909 usus
1619 869 1755 919 Otho,
1783 872 1827 910 in

226 949 350 988 quem
370 939 509 980 studia
527 943 572 979 et
586 950 713 979 voces
731 940 864 992 vulgi.

328 1006 458 1050 Gesta
474 1008 581 1048 haec
596 1008 745 1058 paucis
762 1007 995 1056 mensibus,
1012 1009 1114 1056 imp.
1133 1007 1252 1047 Serv.
1273 1005 1409 1050 Galba
1427 1010 1466 1046 et
1485 1006 1528 1046 T.
1559 1007 1675 1047 Vinio
1695 1017 1798 1048 coss.

342 1131 390 1182 ⁴.
432 1119 665 1183 Initium
688 1127 828 1182 mihi
847 1127 1031 1200 operis
1051 1128 1172 1184 Ser.
1197 1127 1372 1184 Galba
1396 1129 1614 1192 iterum,
1641 1129 1702 1182 T.
1725 1127 1824 1184 Vi-

224 1205 353 1258 nius
381 1205 633 1260 consules
656 1211 835 1258 erunt.
916 1205 1053 1259 Nam
1076 1213 1200 1276 post
1221 1203 1496 1259 conditam
1518 1203 1713 1258 urbem
1735 1221 1825 1260 se·-

224 1279 538 1353 ptingentos
570 1289 621 1336 et
651 1279 849 1352 viginti
886 1280 1087 1350 prioris
1109 1283 1232 1334 aevi
1256 1296 1427 1334 annos
1449 1279 1610 1334 multi
1637 1288 1826 1336 aucto-

224 1372 311 1410 res
341 1356 673 1421 retulerunt,
708 1355 842 1408 dum
874 1373 958 1408 res
981 1356 1174 1428 populi
1197 1357 1353 1410 Rom.
1383 1355 1825 1410 memorabantur

224 1433 345 1504 pari
362 1431 671 1502 eloquentia
696 1447 757 1484 ac
778 1430 1050 1484 libertate.
1077 1431 1372 1502 Postquam
1393 1429 1656 1484 bellatum
1678 1431 1826 1502 apud

225 1506 473 1571 Actium,
507 1515 669 1577 atque
695 1523 912 1561 omnem
942 1513 1262 1576 potestatem
1293 1503 1362 1561 ad
1390 1523 1560 1560 unum
1589 1505 1823 1561 conferri

224 1584 380 1655 pacis
419 1582 697 1645 interfuit,
742 1598 939 1653 magna
967 1581 1066 1635 illa
1095 1582 1318 1655 ingenia
1349 1597 1584 1635 cessere.
1645 1580 1824 1637 Simul

226 1658 430 1713 veritas
457 1657 715 1728 pluribus
736 1656 915 1711 modis
936 1656 1187 1721 infracta,
1211 1658 1452 1727 primum
1474 1656 1695 1711 inscitia
1715 1658 1826 1713 rei-

225 1732 485 1806 publicae
525 1743 585 1786 ut
622 1732 860 1797 alienae,
905 1750 1033 1787 mox
1073 1732 1309 1787 libidine
1342 1731 1697 1797 adsentandi,
1733 1742 1828 1788 aut

227 1824 421 1862 rursus
448 1807 576 1862 odio
607 1808 873 1863 adversus
902 1808 1270 1865 dominantes.
1337 1808 1416 1863 lta
1453 1810 1666 1863 neutris
1695 1826 1825 1865 cura

226 1883 590 1955 posteritatis,
624 1882 767 1938 inter
787 1883 1031 1939 infensos
1055 1885 1143 1941 vel
1166 1884 1455 1940 obnoxios,
1509 1883 1620 1938 Sed
1647 1884 1826 1939 ambi-

227 1958 432 2014 tionem
455 1959 739 2030 scriptoris
763 1958 923 2014 facile
946 1961 1244 2021 averseris;
1271 1959 1592 2014 obtrectatio
1611 1967 1663 2014 et
1687 1961 1827 2015 livor

226 2034 417 2107 pronis
446 2034 675 2091 auribus
707 2035 1082 2107 accipiuntur:
1126 2036 1336 2107 quippe
1366 2034 1670 2089 adulationi
1712 2035 1828 2090 foe-

226 2110 361 2165 dum
392 2110 598 2165 crimen
630 2110 943 2173 servitutiS,
974 2110 1306 2184 malignitati
1342 2109 1478 2165 falsa
1509 2110 1725 2181 species
1756 2110 1828 2165 li·-

226 2186 453 2243 bertatis
473 2186 637 2241 inest.
660 2186 795 2243 Mihi
820 2186 1013 2250 Galba,
1038 2184 1198 2251 Otho,
1215 2186 1472 2242 Vitellius
1493 2202 1595 2239 nec
1617 2185 1827 2241 benefi-

226 2262 313 2317 cio
334 2278 435 2317 nec
455 2260 657 2316 iniuria
683 2263 911 2337 cogniti.
952 2262 1282 2335 Dignitatem
1305 2270 1545 2315 nostram
1565 2278 1594 2314 a
1615 2260 1825 2332 Vespa-

226 2338 381 2393 siano
402 2336 733 2402 inchoatam,
768 2356 795 2392 a
820 2339 939 2393 Tito
960 2346 1192 2401 auctam,
1225 2355 1254 2393 a
1275 2336 1582 2393 Domitiano
1607 2336 1826 2409 longius

224 2421 539 2485 provectam
582 2431 688 2467 non
728 2413 1046 2468 abnuerim:
1097 2413 1194 2467 sed
1237 2414 1619 2482 inconruptam
1661 2411 1825 2469 fidem

222 2487 489 2561 professis
523 2506 624 2543 nec
653 2506 835 2545 amore
857 2489 1156 2560 quisquam
1177 2496 1230 2543 et
1257 2489 1378 2546 sine
1400 2486 1526 2543 odio
1555 2487 1824 2545 dicendus

225 2572 328 2619 est.
368 2562 576 2631 Quodsi
606 2566 719 2620 vita
747 2563 1092 2636 suppeditet,
1126 2565 1497 2635 principatum
1531 2562 1588 2617 d.
1611 2565 1824 2621 Nervae

226 2647 279 2694 et
308 2639 604 2711 imperium
627 2641 865 2706 Traiani,
890 2640 1202 2695 uberiorem
1231 2639 1676 2710 securioremque
1707 2658 1826 2697 ma-

224 2715 439 2779 teriam,
466 2717 737 2779 ‚senectuti
769 2716 1020 2788 seposui:
1054 2733 1173 2771 rara
1203 2714 1820 2786 temporumfelicitate,

228 2790 329 2845 ubi
358 2790 581 2856 sentire,
604 2808 746 2863 quae
766 2794 927 2859 velie,
954 2802 1025 2857 et,
1053 2809 1194 2865 quae
1215 2792 1440 2854 sentias,
1466 2790 1650 2848 dicere
1670 2792 1800 2849 lice*

1310 2868 1416 2926 Aa
