2081 3038
288 247 355 300 20
768 255 1419 304 alsa-onustum
1612 247 1869 320 (amsa

288 357 506 410 Perdere
542 359 638 410 iste
672 361 815 419 sciet,
848 360 1043 412 donare
1070 361 1272 411 nesciet.
1351 354 1550 424 Stupro
1573 373 1710 410 nunc
1729 363 1780 410 et
1799 373 1889 410 co-

286 435 611 486 missationes
645 439 695 485 et
729 436 1042 500 seminarum
1078 439 1248 486 coetus
1282 432 1444 484 volvit
1475 435 1664 486 animo.
1749 431 1890 484 Haec

281 510 613 576 principatus
642 513 882 575 praemia
913 514 1096 576 putat,·
1136 522 1355 574 quorum
1383 507 1541 560 iibido
1564 523 1628 560 ac
1647 509 1890 572 voluptas

284 598 438 650 penes
464 585 633 650 ipsum
658 586 744 644 sit,
775 586 935 636 rubor
962 599 1027 636 ac
1056 585 1274 635 dedecus
1285 597 1442 648 penes
1461 598 1646 636 omnes.
1725 574 1917 635 Nemo'

287 661 422 711 enim
451 673 677 726 unquam
709 660 979 724 imperium
998 659 1197 725 (lanitio
1217 661 1504 724 quaesitum
1523 659 1668 711 bonis
1685 658 1891 710 artibus

287 737 543 788 exercuit.
628 731 845 786 Galbam
874 748 1148 786 consensus
1170 735 1372 799 qeneris
1399 733 1631 795 humani,
1654 748 1733 784 me
1756 729 1884 786 Gal-

217 837 223 843 ·
288 811 371 870 ba,
396 810 823 862 consentientibus
839 809 997 868 vobis,
1025 804 1296 860 Caesar-mn
1315 809 1470 862 dimit.
1547 805 1611 861 Si
1629 808 1890 874 respubli-

289 900 352 938 ca
371 891 419 936 et
434 891 645 938 senatus
661 890 708 936 et
722 883 945 950 populus
964 898 1102 936 vana
1122 885 1328 936 nentina
1348 890 1498 936 sunt.-
1537 889 1727 944 vestra,
1749 897 1890 934 com-

287 961 569 1021 militones,
617 961 854 1020 interest,
902 973 966 1010 ne
1010 960 1370 1024 imperatorem
1412 960 1625 1024 pessimi
1667 959 1885 1025 saciant.

287 1033 567 1102 Lemonum
598 1035 783 1086 seditio
819 1034 1094 1086 adversum
1129 1036 1285 1087 duces
1315 1047 1435 1088 suos
1459 1035 1646 1086 audita
1677 1039 1751 1084 est
1782 1034 1887 1085 ati-

288 1111 524 1176 quando.-
581 1115 755 1160 vcstra
792 1109 917 1175 fides
950 1111 1194 1176 famaque
1233 1108 1432 1162 inlaesa
1469 1110 1542 1162 ad
1580 1109 1714 1161 hunc
1753 1109 1885 1160 diem

286 1187 492 1236 mansit.
546 1181 609 1235 Et
632 1181 770 1235 Nero
789 1198 989 1250 quoque
1006 1198 1098 1236 vos
1115 1185 1363 1244 destituit,
1385 1197 1488 1236 non
1505 1198 1596 1238 vos
1614 1181 1884 1236 Neronem.

285 1258 464 1313 Minus
481 1256 657 1310 XXX
675 1261 974 1324 transfugae
998 1265 1046 1310 et
1071 1260 1372 1320 desertores,
1393 1273 1521 1328 quos
1541 1260 1888 1312 centurionem

286 1340 380 1386 aut
406 1335 669 1386 tribunum
691 1334 792 1386 sibi
819 1333 1062 1400 eligentes
1082 1349 1226 1388 nenio
1244 1336 1419 1400 [erret.
1445 1335 1630 1400 imperi
1635 1350 1720 1386 um
1739 1334 1886 1386 adsi-

286 1404 557 1476 qmbtmt?
582 1406 869 1462 Admittitis
887 1404 1215 1475 exemplum?
1234 1416 1284 1462 et
1305 1410 1607 1476 quiescendo
1625 1423 1889 1462 commum

288 1487 483 1539 crimen
498 1480 716 1553 facitis?
740 1483 1085 1539 Trou-scendet
1105 1485 1230 1537 haec
1251 1484 1461 1538 licentia
1482 1486 1539 1537 in
1550 1486 1885 1552 provincias:

286 1568 335 1613 et
362 1563 435 1615 ad
462 1575 555 1613 nos
580 1561 831 1613 scelerum
849 1564 1040 1616 exitus.
1067 1560 1312 1613 bellorum
1331 1561 1402 1613 ad
1419 1575 1524 1621 vos,
1539 1560 1883 1626 pertinebunt.

286 1634 393 1689 Nec
414 1642 487 1687 est
501 1636 640 1701 plus,
662 1638 798 1702 quod
810 1650 911 1701 pro
940 1637 1094 1689 caede
1106 1637 1380 1701 principis,
1403 1649 1560 1701 quam
1579 1637 1715 1703 quod
1737 1638 1886 1687 inno·

288 1711 516 1763 centibus
534 1712 721 1763 datur:
760 1712 849 1763 sed
861 1712 1080 1776 perinde
1097 1726 1134 1762 a
1153 1710 1298 1763 nobis
1317 1711 1618 1763 donativum
1635 1710 1698 1762 ob
1717 1712 1883 1777 sidem,

287 1770 443 1852 qulam
461 1785 527 1837 ab
545 1786 670 1837 aliis
683 1801 785 1850 pro
800 1788 1033 1851 facinore
1051 1786 1335 1851 accipietis.

396 1862 452 1913 3⁴
467 1900 479 1913 .
522 1856 755 1929 Dilapsis
801 1856 1222 1929 speculatoribus
1237 1899 1251 1921 ,
1299 1864 1470 1913 cetera
1515 1856 1734 1921 cohors,
1782 1874 1882 1913 non

286 1941 563 2005 aspernata
582 1934 999 1998 concionantem,
1024 1940 1084 1987 ut
1108 1932 1334 1988 turbidis
1356 1933 1517 1987 rebus
1538 1932 1733 1996 evenit,
1757 1930 1885 1987 torte

288 2010 461 2083 magis
481 2017 532 2063 et
552 2006 702 2064 nullo
720 2007 895 2063 adhuc
912 2007 1154 2073 consilio,
1176 2018 1325 2080 parat
1343 2007 1518 2081 signa,
1541 2024 1726 2080 quam,
1741 2006 1884 2079 quod

284 2094 465 2155 postea
485 2084 743 2139 creditum
768 2092 865 2148 est,
886 2083 1100 2139 insidiis
1120 2092 1170 2137 et
1187 2082 1546 2139 simulatione.
1617 2083 1818 2138 Missus
1837 2090 1885 2136 et

287 2158 477 2214 Celsus
504 2159 705 2215 Marius
726 2158 794 2215 ad
812 2157 1000 2215 electos
1022 2157 1221 2231 Illyrici
1243 2159 1527 2223 exercituS,
1555 2158 1806 2230 Vipsania
1826 2158 1881 2213 in

285 2236 489 2306 porticu
520 2234 810 2289 tendentes.
890 2235 1231 2305 Praeceptum
1251 2232 1469 2290 Amulio
1495 2232 1690 2289 Sereno
1715 2243 1766 2290 et
1787 2233 1882 2289 Do-

284 2310 437 2365 mitio
464 2308 679 2373 Sabine,
711 2308 1157 2381 primipilaribuS,
1191 2317 1249 2363 ut
1269 2309 1614 2364 Germanicos
1641 2308 1834 2364 milites
1854 2324 1882 2363 e

284 2384 567 2439 Libertatis
594 2385 727 2439 atrio
748 2392 1090 2440 arcesserent.
1171 2384 1390 2456 Legioni
1408 2383 1658 2439 classicae
1675 2382 1882 2439 diffide-

284 2459 460 2524 batu1·‚
489 2458 713 2513 infestae
736 2459 807 2515 ob
834 2458 1048 2515 caedem
1079 2459 1524 2525 commilitonum,
1553 2475 1690 2531 quos
1710 2460 1880 2529 primo

285 2533 463 2589 statim
490 2535 711 2590 introitu
738 2534 1090 2591 trucidaverat
1118 2533 1306 2589 Galba.
1387 2535 1621 2608 Pergunt
1646 2534 1802 2589 etiam
1825 2534 1879 2589 in

286 2616 453 2661 castra
474 2611 925 2679 praetorianorum
946 2609 1170 2675 tribuni,
1193 2608 1403 2665 Cetrius
1423 2608 1672 2673 Severus,
1695 2606 1878 2663 Subri-

285 2695 353 2733 us
382 2681 591 2747 Dexter,
626 2684 911 2756 Pompeius
936 2684 1049 2740 Lon
1091 2683 1246 2752 inus;
1288 2683 1337 2738 si
1359 2684 1620 2754 incipiens
1638 2681 1813 2737 adhuc
1830 2690 1877 2737 et

446 2772 515 2809 “fn
545 2755 721 2813 adulta
753 2759 941 2815 seditio
969 2776 1056 2813 me
1078 2758 1281 2815 ictibus
1309 2756 1548 2814 consiliis
1566 2754 1870 2813 flecteretur.
