2081 3038
267 213 513 289 nere.)
654 222 808 268 me.
846 223 951 270 111.
993 224 1175 271 car.
1217 226 1459 272 28—30.
1773 219 1867 273 {33

267 321 484 399 flagitio,
508 323 910 397 degeneravere.
975 326 1093 379 Non
1113 326 1221 378 iam
1240 325 1467 397 sanguis
1482 343 1658 399 neque
1676 326 1868 382 vulne-

266 417 325 454 ra
354 398 715 462 morabantur,
747 399 882 470 quin
913 399 1232 454 subruerent
1258 400 1461 455 vallum
1482 410 1867 474 quaterentque

266 480 470 545 portas3
513 473 688 528 innixi
726 472 968 528 humeris
1006 481 1059 528 et
1094 490 1257 545 super
1284 476 1519 529 iteratam
1542 476 1864 532 testudinem

268 548 598 612 scandentes,
632 556 941 627 prensarent
971 548 1207 603 hostium
1238 548 1335 603 tela
1357 549 1696 623 brachiaque.
1779 552 1867 605 Iu-

267 625 401 697 tegri
429 640 552 677 cum
583 624 800 688 sauciis,
840 625 1135 679 semineces
1160 640 1284 678 cum
1326 625 1722 694 exspirantibus
1754 626 1867 680 vol-

267 704 486 763 vuntur,
513 700 654 753 varia
675 699 1011 769 pereuntium
1037 697 1201 753 forma
1224 707 1277 753 et
1293 700 1439 753 omni
1464 699 1698 771 imagine
1724 716 1867 753 mor-

265 774 425 827 tium.

373 850 460 904 29.
502 846 839 902 Acerrimum
869 848 1051 902 tertiae
1075 849 1439 920 septimaeque
1459 847 1731 923 legionum
1752 866 1865 903 cer-

265 930 461 978 tamen.
540 922 608 977 Et
643 922 755 977 dux
793 922 1058 978 Antonius
1094 940 1217 979 cum
1259 923 1474 979 delectis
1508 922 1862 979 auxiliaribus

263 996 447 1053 eodem
478 998 808 1053 incubuerat.
889 996 1195 1053 obstinatos
1222 1000 1357 1053 inter
1374 1016 1433 1055 se
1450 1014 1576 1054 cum
1598 1001 1863 1055 sustinere

262 1072 530 1129 Vitelliani
562 1074 863 1147 nequirent,
897 1081 948 1128 et
975 1074 1271 1145 superiacta
1304 1073 1403 1129 tela
1432 1074 1700 1130 testudine
1718 1075 1863 1130 labe-

261 1157 462 1214 rentur,
495 1150 664 1220 ipsam
699 1158 964 1221 postremo
991 1148 1235 1204 balistam
1266 1150 1323 1204 in
1350 1150 1641 1207 subeuntes
1660 1166 1862 1225 propu-

261 1222 385 1279 lere.
463 1222 612 1291 Quae
629 1232 690 1279 ut
708 1224 776 1279 ad
795 1240 1046 1295 praesens
1064 1224 1274 1279 disiecit
1295 1224 1601 1298 obruitque,
1616 1243 1753 1299 quos
1774 1228 1860 1281 in-

205 1355 212 1361 ,
259 1298 472 1363 uiderat,
517 1301 588 1353 ita
625 1300 820 1369 pinnas
855 1316 919 1352 ac
953 1314 1169 1354 summa
1197 1299 1325 1354 valli
1365 1302 1520 1355 ruina
1551 1318 1648 1356 sua
1676 1304 1853 1357 traxit.

258 1371 430 1428 Simul
453 1374 630 1427 iuncta
649 1374 814 1427 turris
835 1373 1028 1427 ictibus
1050 1390 1303 1429 saxorum
1322 1374 1496 1428 cessit.
1558 1374 1673 1440 Qua
1696 1377 1860 1447 septi-

260 1448 404 1500 mani
427 1446 557 1501 dum
581 1448 823 1501 nituntur
843 1448 1049 1512 cuneis,
1066 1448 1319 1501 tertianus
1339 1449 1618 1503 securibus
1638 1450 1859 1522 gladiis-

260 1539 366 1594 que
387 1529 587 1592 portam
607 1519 876 1594 perfregit.
921 1523 1161 1576 Primum
1184 1524 1455 1594 inrupisse
1475 1523 1535 1577 C.
1550 1523 1853 1592 Volusium,

262 1597 440 1651 tertiae
468 1595 690 1669 legionis
719 1597 963 1659 militem,
998 1597 1135 1652 inter
1158 1613 1345 1652 omnes
1376 1606 1613 1654 auctores
1632 1609 1851 1655 constat.

261 1672 310 1725 Is
339 1671 394 1725 in
417 1670 618 1725 vallum
649 1687 916 1744 egressus,
947 1671 1239 1728 deturbatis
1268 1674 1365 1745 qui
1394 1674 1707 1740 restiterant,
1731 1693 1858 1730 con-

259 1747 482 1816 spicuus
503 1763 666 1800 manu
687 1763 750 1800 ae
766 1763 895 1802 voce
915 1755 1070 1816 capta
1090 1757 1267 1803 eastra
1285 1745 1650 1804 conclamavit.
1706 1749 1857 1806 Cete-

257 1823 325 1886 ri,
351 1819 570 1892 trepidis
591 1821 699 1875 iam
719 1821 1035 1890 Vitellianis,
1068 1839 1235 1896 seque
1256 1841 1285 1878 e
1306 1822 1444 1878 vallo
1462 1826 1857 1895 praecipitanti-

259 1894 382 1960 bus,
415 1911 720 1967 perrupere.
801 1896 1106 1968 Completur
1130 1899 1307 1964 caede,
1330 1905 1593 1971 quantum
1616 1900 1749 1954 inter
1768 1918 1855 1954 ca-

257 1979 362 2025 stra
385 1987 676 2043 murosque
695 1972 850 2026 vacui
873 1971 989 2027 fuit.

366 2049 450 2102 30.
493 2046 560 2101 At
598 2065 788 2102 rursus
829 2065 962 2102 nova
1005 2047 1245 2103 laborum
1279 2048 1465 2105 facies:
1508 2049 1672 2104 ardua
1701 2051 1853 2105 urbis

256 2123 484 2186 moenia,
507 2138 697 2177 saxeae
715 2130 907 2181 turres.
931 2121 1107 2177 ferrati
1128 2132 1397 2194 portarum
1416 2123 1613 2189 obices,
1635 2125 1851 2180 vibrans

255 2196 354 2251 tela
383 2196 559 2262 miles,
591 2196 842 2270 frequens
869 2198 1264 2270 obstrictusque
1284 2199 1580 2254 Vitellianis
1609 2200 1852 2271 partibus

254 2270 628 2328 Cremonensis
645 2273 898 2346 populus,
926 2291 1118 2346 magna
1138 2291 1262 2345 pars
1285 2274 1481 2339 Italiae,
1506 2282 1641 2330 stato
1657 2276 1711 2329 in
1734 2293 1851 2330 eos·-

251 2346 374 2402 dem
401 2347 518 2402 dies
547 2358 780 2403 mercatu
808 2357 1150 2422 congregata:
1190 2350 1335 2421 quod
1365 2349 1735 2405 defensoribus
1756 2367 1852 2404 au-

252 2421 446 2478 xilium
467 2423 536 2478 ob
555 2422 974 2488 multitudinem,
986 2425 1424 2497 oppugnantibus
1442 2425 1843 2480 incitamentum

249 2495 320 2551 ob
355 2497 625 2569 praedam,
666 2506 794 2553 erat.
871 2501 1008 2573 Rapa·
1044 2505 1189 2568 iynes
1227 2497 1518 2565 Antonius,
1563 2505 1854 2570 inferrique

249 2577 626 2628 amoenissimis
661 2583 818 2629 extra
854 2578 1033 2628 urbem
1070 2578 1325 2643 aedificiis
1360 2573 1535 2643 iubet3
1578 2575 1625 2630 si
1653 2575 1852 2630 damno

250 2661 428 2702 rerum
460 2665 680 2704 suarum
709 2648 1093 2706 Cremonenses
1122 2649 1527 2704 admutandam
1558 2649 1714 2705 fidem
1745 2661 1849 2705 tra-

249 2719 520 2778 herentur.
585 2723 888 2800 Propinqua
908 2727 1083 2782 muris
1104 2731 1254 2792 tecta,
1278 2731 1330 2781 et
1346 2722 1678 2784 altitudinem
1702 2743 1847 2782 moe-
