<?xml version="1.0" encoding="UTF-8"?>
<!DOCTYPE html PUBLIC "-//W3C//DTD XHTML 1.0 Transitional//EN"
    "http://www.w3.org/TR/xhtml1/DTD/xhtml1-transitional.dtd">
<html xmlns="http://www.w3.org/1999/xhtml" xml:lang="en" lang="en">
 <head>
  <title>
</title>
<meta http-equiv="Content-Type" content="text/html;charset=utf-8" />
  <meta name='ocr-system' content='tesseract 3.04.00' />
  <meta name='ocr-capabilities' content='ocr_page ocr_carea ocr_par ocr_line ocrx_word'/>
</head>
<body>
  <div class='ocr_page' id='page_1' title='image "./operaquoadextan03tacigoog_0692.png"; bbox 0 0 2081 3038; ppageno 0'>
   <div class='ocr_carea' id='block_1_1' title="bbox 329 226 1521 279">
    <p class='ocr_par' dir='ltr' id='par_1_1' title="bbox 329 226 1521 279">
     <span class='ocr_line' id='line_1_1' title="bbox 329 226 1521 279; baseline -0.005 0"><span class='ocrx_word' id='word_1_1' title='bbox 329 226 430 279; x_wconf 76' lang='grc'><strong>282</strong></span> <span class='ocrx_word' id='word_1_2' title='bbox 737 230 794 276; x_wconf 83' lang='grc' dir='ltr'><strong>Ο.</strong></span> <span class='ocrx_word' id='word_1_3' title='bbox 834 228 1216 276; x_wconf 76' lang='lat' dir='ltr'>CORNELII</span> <span class='ocrx_word' id='word_1_4' title='bbox 1250 229 1521 275; x_wconf 75' lang='lat' dir='ltr'>TACITI</span> 
     </span>
    </p>
   </div>
   <div class='ocr_carea' id='block_1_2' title="bbox 280 329 1931 2828">
    <p class='ocr_par' dir='ltr' id='par_1_2' title="bbox 280 329 1931 2828">
     <span class='ocr_line' id='line_1_2' title="bbox 330 329 1927 405; baseline -0.002 -17"><span class='ocrx_word' id='word_1_5' title='bbox 330 351 419 388; x_wconf 89' lang='lat' dir='ltr'><strong>sos</strong></span> <span class='ocrx_word' id='word_1_6' title='bbox 439 347 534 403; x_wconf 86' lang='lat' dir='ltr'><strong>per</strong></span> <span class='ocrx_word' id='word_1_7' title='bbox 551 329 764 386; x_wconf 81' lang='lat' dir='ltr'><strong>castella</strong></span> <span class='ocrx_word' id='word_1_8' title='bbox 779 330 980 387; x_wconf 83' lang='lat' dir='ltr'><strong>milites</strong></span> <span class='ocrx_word' id='word_1_9' title='bbox 997 332 1299 397; x_wconf 85' lang='lat' dir='ltr'><strong>consectati,</strong></span> <span class='ocrx_word' id='word_1_10' title='bbox 1330 332 1651 405; x_wconf 80' lang='lat' dir='ltr'><strong>expugnatis</strong></span> <span class='ocrx_word' id='word_1_11' title='bbox 1668 330 1927 403; x_wconf 85' lang='lat' dir='ltr'><strong>praesidi-</strong></span> 
     </span>
     <span class='ocr_line' id='line_1_3' title="bbox 329 406 1928 478; baseline -0.001 -16"><span class='ocrx_word' id='word_1_12' title='bbox 329 408 400 471; x_wconf 85' lang='lat' dir='ltr'><strong>is,</strong></span> <span class='ocrx_word' id='word_1_13' title='bbox 422 407 594 478; x_wconf 85' lang='lat' dir='ltr'>ipsam</span> <span class='ocrx_word' id='word_1_14' title='bbox 613 407 874 463; x_wconf 88' lang='lat' dir='ltr'><strong>coloniam</strong></span> <span class='ocrx_word' id='word_1_15' title='bbox 899 409 1162 471; x_wconf 87' lang='lat' dir='ltr'><strong>invasere,</strong></span> <span class='ocrx_word' id='word_1_16' title='bbox 1184 415 1247 461; x_wconf 88' lang='lat' dir='ltr'><strong>ut</strong></span> <span class='ocrx_word' id='word_1_17' title='bbox 1263 406 1443 463; x_wconf 88' lang='lat' dir='ltr'><strong>sedem</strong></span> <span class='ocrx_word' id='word_1_18' title='bbox 1462 408 1754 462; x_wconf 56' lang='lat' dir='ltr'><strong>servitutis</strong></span> <span class='ocrx_word' id='word_1_19' title='bbox 1820 407 1928 461; x_wconf 85' lang='lat' dir='ltr'><strong>Nec</strong></span> 
     </span>
     <span class='ocr_line' id='line_1_4' title="bbox 329 482 1923 555; baseline -0.003 -16"><span class='ocrx_word' id='word_1_20' title='bbox 329 482 504 539; x_wconf 90' lang='lat' dir='ltr'><strong>ullum</strong></span> <span class='ocrx_word' id='word_1_21' title='bbox 527 484 582 537; x_wconf 90' lang='lat' dir='ltr'><strong>in</strong></span> <span class='ocrx_word' id='word_1_22' title='bbox 603 482 844 538; x_wconf 84' lang='lat' dir='ltr'><strong>barbaris</strong></span> <span class='ocrx_word' id='word_1_23' title='bbox 863 484 1123 537; x_wconf 77' lang='lat' dir='ltr'><strong>saevitiae</strong></span> <span class='ocrx_word' id='word_1_24' title='bbox 1132 500 1304 555; x_wconf 87' lang='lat' dir='ltr'><strong>genus</strong></span> <span class='ocrx_word' id='word_1_25' title='bbox 1320 483 1503 538; x_wconf 85' lang='lat' dir='ltr'><strong>omisit</strong></span> <span class='ocrx_word' id='word_1_26' title='bbox 1520 484 1601 537; x_wconf 88' lang='lat' dir='ltr'><strong>ira</strong></span> <span class='ocrx_word' id='word_1_27' title='bbox 1616 489 1669 537; x_wconf 92' lang='lat' dir='ltr'><strong>et</strong></span> <span class='ocrx_word' id='word_1_28' title='bbox 1686 482 1923 538; x_wconf 77' lang='lat' dir='ltr'><strong>victoria.</strong></span> 
     </span>
     <span class='ocr_line' id='line_1_5' title="bbox 331 557 1929 631; baseline -0.001 -19"><span class='ocrx_word' id='word_1_29' title='bbox 331 557 594 625; x_wconf 87' lang='lat' dir='ltr'><strong>Quodnisi</strong></span> <span class='ocrx_word' id='word_1_30' title='bbox 613 558 910 623; x_wconf 86' lang='lat' dir='ltr'><strong>Paullinus,</strong></span> <span class='ocrx_word' id='word_1_31' title='bbox 950 559 1161 631; x_wconf 83' lang='lat' dir='ltr'><strong>cognito</strong></span> <span class='ocrx_word' id='word_1_32' title='bbox 1178 560 1482 629; x_wconf 87' lang='lat' dir='ltr'><strong>provinciae</strong></span> <span class='ocrx_word' id='word_1_33' title='bbox 1501 566 1671 623; x_wconf 86' lang='lat' dir='ltr'><strong>motu,</strong></span> <span class='ocrx_word' id='word_1_34' title='bbox 1706 574 1929 630; x_wconf 84' lang='lat' dir='ltr'><strong>propere</strong></span> 
     </span>
     <span class='ocr_line' id='line_1_6' title="bbox 330 632 1927 707; baseline 0 -18"><span class='ocrx_word' id='word_1_35' title='bbox 330 634 688 700; x_wconf 84' lang='lat' dir='ltr'><strong>subvenisset,</strong></span> <span class='ocrx_word' id='word_1_36' title='bbox 711 635 909 689; x_wconf 88' lang='lat' dir='ltr'><strong>amissa</strong></span> <span class='ocrx_word' id='word_1_37' title='bbox 927 634 1199 689; x_wconf 80' lang='lat' dir='ltr'><strong>Britannia</strong></span> <span class='ocrx_word' id='word_1_38' title='bbox 1220 632 1374 689; x_wconf 83' lang='lat' dir='ltr'><strong>soret:</strong></span> <span class='ocrx_word' id='word_1_39' title='bbox 1404 652 1570 707; x_wconf 91' lang='lat' dir='ltr'><strong>quam</strong></span> <span class='ocrx_word' id='word_1_40' title='bbox 1588 634 1757 689; x_wconf 88' lang='lat' dir='ltr'><strong>unius</strong></span> <span class='ocrx_word' id='word_1_41' title='bbox 1776 650 1927 705; x_wconf 84' lang='lat' dir='ltr'><strong>proe-</strong></span> 
     </span>
     <span class='ocr_line' id='line_1_7' title="bbox 330 708 1928 782; baseline -0.001 -18"><span class='ocrx_word' id='word_1_42' title='bbox 330 709 390 765; x_wconf 90' lang='lat' dir='ltr'><strong>lii</strong></span> <span class='ocrx_word' id='word_1_43' title='bbox 423 708 632 765; x_wconf 83' lang='lat' dir='ltr'><strong>fortuna</strong></span> <span class='ocrx_word' id='word_1_44' title='bbox 659 711 825 765; x_wconf 84' lang='lat' dir='ltr'><strong>veteri</strong></span> <span class='ocrx_word' id='word_1_45' title='bbox 851 709 1135 782; x_wconf 87' lang='lat' dir='ltr'><strong>patientiae</strong></span> <span class='ocrx_word' id='word_1_46' title='bbox 1158 709 1415 775; x_wconf 87' lang='lat' dir='ltr'><strong>restituit,</strong></span> <span class='ocrx_word' id='word_1_47' title='bbox 1448 709 1751 765; x_wconf 88' lang='lat' dir='ltr'><strong>tenentibus</strong></span> <span class='ocrx_word' id='word_1_48' title='bbox 1782 726 1928 764; x_wconf 89' lang='lat' dir='ltr'><strong>arma</strong></span> 
     </span>
     <span class='ocr_line' id='line_1_8' title="bbox 331 784 1929 859; baseline 0 -20"><span class='ocrx_word' id='word_1_49' title='bbox 331 785 622 857; x_wconf 89' lang='lat' dir='ltr'><strong>plerisque,</strong></span> <span class='ocrx_word' id='word_1_50' title='bbox 665 803 802 859; x_wconf 89' lang='lat' dir='ltr'><strong>quos</strong></span> <span class='ocrx_word' id='word_1_51' title='bbox 840 786 1159 841; x_wconf 89' lang='lat' dir='ltr'><strong>conscientia</strong></span> <span class='ocrx_word' id='word_1_52' title='bbox 1196 784 1505 840; x_wconf 84' lang='lat' dir='ltr'><strong>defectionis</strong></span> <span class='ocrx_word' id='word_1_53' title='bbox 1532 795 1583 840; x_wconf 90' lang='lat' dir='ltr'><strong>et</strong></span> <span class='ocrx_word' id='word_1_54' title='bbox 1609 785 1835 857; x_wconf 89' lang='lat' dir='ltr'><strong>propius</strong></span> <span class='ocrx_word' id='word_1_55' title='bbox 1860 802 1929 839; x_wconf 87' lang='lat' dir='ltr'><strong>ex</strong></span> 
     </span>
     <span class='ocr_line' id='line_1_9' title="bbox 332 858 1931 935; baseline 0 -20"><span class='ocrx_word' id='word_1_56' title='bbox 332 861 500 935; x_wconf 81' lang='lat' dir='ltr'><strong>legato</strong></span> <span class='ocrx_word' id='word_1_57' title='bbox 530 862 683 916; x_wconf 87' lang='lat' dir='ltr'><strong>timor</strong></span> <span class='ocrx_word' id='word_1_58' title='bbox 701 861 949 934; x_wconf 78' lang='lat' dir='ltr'><strong>agitabat.</strong></span> <span class='ocrx_word' id='word_1_59' title='bbox 1028 862 1127 916; x_wconf 85' lang='lat' dir='ltr'><strong>Hic</strong></span> <span class='ocrx_word' id='word_1_60' title='bbox 1145 878 1269 915; x_wconf 88' lang='lat' dir='ltr'><strong>eum</strong></span> <span class='ocrx_word' id='word_1_61' title='bbox 1290 862 1536 934; x_wconf 85' lang='lat' dir='ltr'><strong>egregius</strong></span> <span class='ocrx_word' id='word_1_62' title='bbox 1556 870 1745 925; x_wconf 85' lang='lat' dir='ltr'><strong>cetera,</strong></span> <span class='ocrx_word' id='word_1_63' title='bbox 1776 858 1931 915; x_wconf 85' lang='lat' dir='ltr'><strong>adro-</strong></span> 
     </span>
     <span class='ocr_line' id='line_1_10' title="bbox 329 934 1925 1011; baseline -0.001 -20"><span class='ocrx_word' id='word_1_64' title='bbox 329 947 514 1011; x_wconf 86' lang='lat' dir='ltr'><strong>ganter</strong></span> <span class='ocrx_word' id='word_1_65' title='bbox 550 937 609 991; x_wconf 88' lang='lat' dir='ltr'><strong>in</strong></span> <span class='ocrx_word' id='word_1_66' title='bbox 645 936 870 1003; x_wconf 86' lang='lat' dir='ltr'><strong>deditos,</strong></span> <span class='ocrx_word' id='word_1_67' title='bbox 911 944 982 1002; x_wconf 88' lang='lat' dir='ltr'><strong>et,</strong></span> <span class='ocrx_word' id='word_1_68' title='bbox 1019 946 1081 992; x_wconf 90' lang='lat' dir='ltr'><strong>ut</strong></span> <span class='ocrx_word' id='word_1_69' title='bbox 1108 953 1238 991; x_wconf 89' lang='lat' dir='ltr'><strong>suae</strong></span> <span class='ocrx_word' id='word_1_70' title='bbox 1266 954 1482 1008; x_wconf 87' lang='lat' dir='ltr'><strong>quoque</strong></span> <span class='ocrx_word' id='word_1_71' title='bbox 1507 936 1737 991; x_wconf 85' lang='lat' dir='ltr'><strong>iniuriae</strong></span> <span class='ocrx_word' id='word_1_72' title='bbox 1766 934 1925 1001; x_wconf 83' lang='lat' dir='ltr'><strong>ultor,</strong></span> 
     </span>
     <span class='ocr_line' id='line_1_11' title="bbox 329 1010 1925 1083; baseline -0.001 -16"><span class='ocrx_word' id='word_1_73' title='bbox 329 1014 522 1067; x_wconf 88' lang='lat' dir='ltr'><strong>durius</strong></span> <span class='ocrx_word' id='word_1_74' title='bbox 581 1012 904 1078; x_wconf 77' lang='lat' dir='ltr'>consuleret,</span> <span class='ocrx_word' id='word_1_75' title='bbox 965 1014 1170 1067; x_wconf 86' lang='lat' dir='ltr'><strong>missus</strong></span> <span class='ocrx_word' id='word_1_76' title='bbox 1227 1012 1501 1067; x_wconf 82' lang='lat' dir='ltr'><strong>Petronius</strong></span> <span class='ocrx_word' id='word_1_77' title='bbox 1558 1010 1925 1083; x_wconf 79' lang='lat' dir='ltr'><strong>TurpilianuS,</strong></span> 
     </span>
     <span class='ocr_line' id='line_1_12' title="bbox 331 1086 1931 1159; baseline -0.001 -16"><span class='ocrx_word' id='word_1_78' title='bbox 331 1098 604 1159; x_wconf 85' lang='lat' dir='ltr'><strong>tamquam</strong></span> <span class='ocrx_word' id='word_1_79' title='bbox 624 1088 958 1152; x_wconf 83' lang='lat' dir='ltr'><strong>exorabilior,</strong></span> <span class='ocrx_word' id='word_1_80' title='bbox 989 1095 1043 1141; x_wconf 89' lang='lat' dir='ltr'><strong>et</strong></span> <span class='ocrx_word' id='word_1_81' title='bbox 1060 1086 1267 1141; x_wconf 87' lang='lat' dir='ltr'><strong>delictis</strong></span> <span class='ocrx_word' id='word_1_82' title='bbox 1286 1087 1521 1142; x_wconf 89' lang='lat' dir='ltr'><strong>hostium</strong></span> <span class='ocrx_word' id='word_1_83' title='bbox 1543 1104 1735 1152; x_wconf 73' lang='lat' dir='ltr'><strong>noVuS,</strong></span> <span class='ocrx_word' id='word_1_84' title='bbox 1759 1103 1931 1157; x_wconf 86' lang='lat' dir='ltr'><strong>eoque</strong></span> 
     </span>
     <span class='ocr_line' id='line_1_13' title="bbox 329 1160 1927 1235; baseline 0 -20"><span class='ocrx_word' id='word_1_85' title='bbox 329 1162 677 1234; x_wconf 86' lang='lat' dir='ltr'><strong>poenitentiae</strong></span> <span class='ocrx_word' id='word_1_86' title='bbox 713 1163 911 1228; x_wconf 88' lang='lat' dir='ltr'><strong>mitior,</strong></span> <span class='ocrx_word' id='word_1_87' title='bbox 952 1163 1259 1235; x_wconf 83' lang='lat' dir='ltr'><strong>compositis</strong></span> <span class='ocrx_word' id='word_1_88' title='bbox 1297 1162 1585 1234; x_wconf 82' lang='lat' dir='ltr'><strong>prioribus.</strong></span> <span class='ocrx_word' id='word_1_89' title='bbox 1626 1160 1765 1217; x_wconf 90' lang='lat' dir='ltr'><strong>nihil</strong></span> <span class='ocrx_word' id='word_1_90' title='bbox 1793 1161 1927 1215; x_wconf 85' lang='lat' dir='ltr'><strong>ultra</strong></span> 
     </span>
     <span class='ocr_line' id='line_1_14' title="bbox 329 1236 1931 1309; baseline -0.001 -17"><span class='ocrx_word' id='word_1_91' title='bbox 329 1255 514 1301; x_wconf 73' lang='lat' dir='ltr'><strong>ausae,</strong></span> <span class='ocrx_word' id='word_1_92' title='bbox 538 1236 800 1293; x_wconf 83' lang='lat' dir='ltr'><strong>Trebellio</strong></span> <span class='ocrx_word' id='word_1_93' title='bbox 817 1238 1054 1293; x_wconf 79' lang='lat' dir='ltr'><strong>Maximo</strong></span> <span class='ocrx_word' id='word_1_94' title='bbox 1072 1239 1404 1309; x_wconf 89' lang='lat' dir='ltr'><strong>provinciam</strong></span> <span class='ocrx_word' id='word_1_95' title='bbox 1424 1237 1657 1293; x_wconf 85' lang='lat' dir='ltr'><strong>tradidit.</strong></span> <span class='ocrx_word' id='word_1_96' title='bbox 1712 1236 1931 1292; x_wconf 86' lang='lat' dir='ltr'><strong>Trebel-</strong></span> 
     </span>
     <span class='ocr_line' id='line_1_15' title="bbox 331 1310 1931 1386; baseline 0.001 -19"><span class='ocrx_word' id='word_1_97' title='bbox 331 1310 438 1367; x_wconf 90' lang='lat' dir='ltr'><strong>lius</strong></span> <span class='ocrx_word' id='word_1_98' title='bbox 458 1313 689 1386; x_wconf 80' lang='lat' dir='ltr'><strong>segnior,</strong></span> <span class='ocrx_word' id='word_1_99' title='bbox 713 1321 764 1369; x_wconf 90' lang='lat' dir='ltr'><strong>et</strong></span> <span class='ocrx_word' id='word_1_100' title='bbox 784 1312 949 1369; x_wconf 91' lang='lat' dir='ltr'><strong>nullis</strong></span> <span class='ocrx_word' id='word_1_101' title='bbox 967 1321 1263 1369; x_wconf 82' lang='lat' dir='ltr'><strong>castrorum</strong></span> <span class='ocrx_word' id='word_1_102' title='bbox 1283 1313 1680 1385; x_wconf 86' lang='lat' dir='ltr'><strong>experimentis,</strong></span> <span class='ocrx_word' id='word_1_103' title='bbox 1709 1314 1931 1369; x_wconf 84' lang='lat' dir='ltr'><strong>comita-</strong></span> 
     </span>
     <span class='ocr_line' id='line_1_16' title="bbox 329 1388 1925 1462; baseline 0 -19"><span class='ocrx_word' id='word_1_104' title='bbox 329 1399 380 1444; x_wconf 86' lang='lat' dir='ltr'><strong>te</strong></span> <span class='ocrx_word' id='word_1_105' title='bbox 418 1388 650 1461; x_wconf 81' lang='lat' dir='ltr'><strong>quadam</strong></span> <span class='ocrx_word' id='word_1_106' title='bbox 683 1389 904 1445; x_wconf 80' lang='lat' dir='ltr'><strong>curandi</strong></span> <span class='ocrx_word' id='word_1_107' title='bbox 933 1390 1265 1462; x_wconf 88' lang='lat' dir='ltr'><strong>provinciam</strong></span> <span class='ocrx_word' id='word_1_108' title='bbox 1293 1389 1479 1445; x_wconf 89' lang='lat' dir='ltr'><strong>tenuit.</strong></span> <span class='ocrx_word' id='word_1_109' title='bbox 1558 1388 1803 1443; x_wconf 88' lang='lat' dir='ltr'><strong>Didicere</strong></span> <span class='ocrx_word' id='word_1_110' title='bbox 1823 1390 1925 1443; x_wconf 88' lang='lat' dir='ltr'><strong>iam</strong></span> 
     </span>
     <span class='ocr_line' id='line_1_17' title="bbox 330 1463 1929 1540; baseline -0.002 -18"><span class='ocrx_word' id='word_1_111' title='bbox 330 1466 540 1522; x_wconf 85' lang='lat' dir='ltr'><strong>barbari</strong></span> <span class='ocrx_word' id='word_1_112' title='bbox 559 1482 776 1539; x_wconf 89' lang='lat' dir='ltr'><strong>quoque</strong></span> <span class='ocrx_word' id='word_1_113' title='bbox 793 1467 1085 1540; x_wconf 84' lang='lat' dir='ltr'><strong>ignoscere,</strong></span> <span class='ocrx_word' id='word_1_114' title='bbox 1109 1465 1255 1519; x_wconf 86' lang='lat' dir='ltr'><strong>vitiis</strong></span> <span class='ocrx_word' id='word_1_115' title='bbox 1274 1463 1691 1519; x_wconf 63' lang='lat' dir='ltr'><strong>blandientibus„</strong></span> <span class='ocrx_word' id='word_1_116' title='bbox 1756 1463 1829 1519; x_wconf 88' lang='lat' dir='ltr'><strong>Et</strong></span> <span class='ocrx_word' id='word_1_117' title='bbox 1846 1464 1929 1519; x_wconf 92' lang='lat' dir='ltr'><strong>in-</strong></span> 
     </span>
     <span class='ocr_line' id='line_1_18' title="bbox 329 1541 1929 1615; baseline 0 -19"><span class='ocrx_word' id='word_1_118' title='bbox 329 1551 600 1597; x_wconf 84' lang='lat' dir='ltr'><strong>terventus</strong></span> <span class='ocrx_word' id='word_1_119' title='bbox 627 1542 872 1598; x_wconf 89' lang='lat' dir='ltr'><strong>civilium</strong></span> <span class='ocrx_word' id='word_1_120' title='bbox 899 1559 1171 1598; x_wconf 86' lang='lat' dir='ltr'><strong>armorum</strong></span> <span class='ocrx_word' id='word_1_121' title='bbox 1192 1541 1436 1612; x_wconf 85' lang='lat' dir='ltr'><strong>praebuit</strong></span> <span class='ocrx_word' id='word_1_122' title='bbox 1454 1541 1651 1596; x_wconf 88' lang='lat' dir='ltr'><strong>iustam</strong></span> <span class='ocrx_word' id='word_1_123' title='bbox 1670 1542 1929 1615; x_wconf 82' lang='lat' dir='ltr'><strong>segnitiae</strong></span> 
     </span>
     <span class='ocr_line' id='line_1_19' title="bbox 329 1616 1928 1682; baseline -0.002 -9"><span class='ocrx_word' id='word_1_124' title='bbox 329 1617 742 1673; x_wconf 86' lang='lat' dir='ltr'><strong>excusationem.</strong></span> <span class='ocrx_word' id='word_1_125' title='bbox 821 1617 926 1672; x_wconf 89' lang='lat' dir='ltr'><strong>Sed</strong></span> <span class='ocrx_word' id='word_1_126' title='bbox 950 1616 1212 1673; x_wconf 85' lang='lat' dir='ltr'><strong>discordia</strong></span> <span class='ocrx_word' id='word_1_127' title='bbox 1241 1616 1553 1682; x_wconf 86' lang='lat' dir='ltr'><strong>laboratum,</strong></span> <span class='ocrx_word' id='word_1_128' title='bbox 1582 1633 1709 1672; x_wconf 89' lang='lat' dir='ltr'><strong>cum</strong></span> <span class='ocrx_word' id='word_1_129' title='bbox 1734 1617 1928 1672; x_wconf 89' lang='lat' dir='ltr'><strong>adsue-</strong></span> 
     </span>
     <span class='ocr_line' id='line_1_20' title="bbox 329 1691 1925 1763; baseline -0.001 -16"><span class='ocrx_word' id='word_1_130' title='bbox 329 1701 416 1748; x_wconf 87' lang='lat' dir='ltr'><strong>tus</strong></span> <span class='ocrx_word' id='word_1_131' title='bbox 455 1693 883 1763; x_wconf 87' lang='lat' dir='ltr'><strong>expeditionibus</strong></span> <span class='ocrx_word' id='word_1_132' title='bbox 919 1693 1077 1748; x_wconf 88' lang='lat' dir='ltr'><strong>miles</strong></span> <span class='ocrx_word' id='word_1_133' title='bbox 1113 1693 1219 1747; x_wconf 90' lang='lat' dir='ltr'><strong>otio</strong></span> <span class='ocrx_word' id='word_1_134' title='bbox 1244 1691 1526 1748; x_wconf 83' lang='lat' dir='ltr'><strong>lasciviret.</strong></span> <span class='ocrx_word' id='word_1_135' title='bbox 1605 1691 1925 1756; x_wconf 77' lang='lat' dir='ltr'><strong>TrebelliuS,</strong></span> 
     </span>
     <span class='ocr_line' id='line_1_21' title="bbox 329 1767 1927 1842; baseline -0.001 -19"><span class='ocrx_word' id='word_1_136' title='bbox 329 1767 457 1842; x_wconf 82' lang='lat' dir='ltr'><strong>fuga</strong></span> <span class='ocrx_word' id='word_1_137' title='bbox 494 1785 555 1822; x_wconf 88' lang='lat' dir='ltr'><strong>ac</strong></span> <span class='ocrx_word' id='word_1_138' title='bbox 592 1767 806 1825; x_wconf 88' lang='lat' dir='ltr'><strong>latebris</strong></span> <span class='ocrx_word' id='word_1_139' title='bbox 832 1770 994 1825; x_wconf 84' lang='lat' dir='ltr'><strong>vitata</strong></span> <span class='ocrx_word' id='word_1_140' title='bbox 1031 1769 1295 1824; x_wconf 82' lang='lat' dir='ltr'><strong>exercitus</strong></span> <span class='ocrx_word' id='word_1_141' title='bbox 1324 1767 1423 1832; x_wconf 85' lang='lat' dir='ltr'><strong>ira,</strong></span> <span class='ocrx_word' id='word_1_142' title='bbox 1465 1767 1747 1823; x_wconf 87' lang='lat' dir='ltr'><strong>indecorus</strong></span> <span class='ocrx_word' id='word_1_143' title='bbox 1769 1777 1927 1840; x_wconf 87' lang='lat' dir='ltr'><strong>atque</strong></span> 
     </span>
     <span class='ocr_line' id='line_1_22' title="bbox 328 1841 1926 1916; baseline -0.003 -14"><span class='ocrx_word' id='word_1_144' title='bbox 328 1843 574 1910; x_wconf 81' lang='lat' dir='ltr'><strong>humilis,</strong></span> <span class='ocrx_word' id='word_1_145' title='bbox 597 1846 834 1916; x_wconf 86' lang='lat' dir='ltr'><strong>precario</strong></span> <span class='ocrx_word' id='word_1_146' title='bbox 854 1863 981 1901; x_wconf 84' lang='lat' dir='ltr'><strong>mox</strong></span> <span class='ocrx_word' id='word_1_147' title='bbox 999 1841 1255 1916; x_wconf 86' lang='lat' dir='ltr'><strong>praefuit:</strong></span> <span class='ocrx_word' id='word_1_148' title='bbox 1296 1860 1359 1898; x_wconf 90' lang='lat' dir='ltr'><strong>ac</strong></span> <span class='ocrx_word' id='word_1_149' title='bbox 1380 1841 1525 1898; x_wconf 88' lang='lat' dir='ltr'><strong>velut</strong></span> <span class='ocrx_word' id='word_1_150' title='bbox 1542 1844 1702 1914; x_wconf 90' lang='lat' dir='ltr'><strong>pacti,</strong></span> <span class='ocrx_word' id='word_1_151' title='bbox 1726 1845 1926 1898; x_wconf 84' lang='lat' dir='ltr'><strong>exerci-</strong></span> 
     </span>
     <span class='ocr_line' id='line_1_23' title="bbox 329 1918 1925 1993; baseline -0.003 -17"><span class='ocrx_word' id='word_1_152' title='bbox 329 1929 416 1976; x_wconf 88' lang='lat' dir='ltr'><strong>tus</strong></span> <span class='ocrx_word' id='word_1_153' title='bbox 437 1919 724 1987; x_wconf 88' lang='lat' dir='ltr'><strong>licentiam,</strong></span> <span class='ocrx_word' id='word_1_154' title='bbox 748 1920 860 1976; x_wconf 84' lang='lat' dir='ltr'><strong>dux</strong></span> <span class='ocrx_word' id='word_1_155' title='bbox 880 1920 1126 1975; x_wconf 87' lang='lat' dir='ltr'><strong>salutem.</strong></span> <span class='ocrx_word' id='word_1_156' title='bbox 1204 1919 1343 1974; x_wconf 89' lang='lat' dir='ltr'><strong>Haec</strong></span> <span class='ocrx_word' id='word_1_157' title='bbox 1362 1918 1550 1974; x_wconf 84' lang='lat' dir='ltr'><strong>seditio</strong></span> <span class='ocrx_word' id='word_1_158' title='bbox 1570 1919 1686 1973; x_wconf 88' lang='lat' dir='ltr'><strong>sine</strong></span> <span class='ocrx_word' id='word_1_159' title='bbox 1706 1920 1925 1993; x_wconf 86' lang='lat' dir='ltr'><strong>sangui-</strong></span> 
     </span>
     <span class='ocr_line' id='line_1_24' title="bbox 280 1992 1925 2060; baseline -0.001 -10"><span class='ocrx_word' id='word_1_160' title='bbox 280 2037 286 2042; x_wconf 87' lang='lat'>.</span> <span class='ocrx_word' id='word_1_161' title='bbox 329 2013 396 2051; x_wconf 92' lang='lat' dir='ltr'><strong>ne</strong></span> <span class='ocrx_word' id='word_1_162' title='bbox 415 1992 579 2051; x_wconf 49' lang='lat' dir='ltr'><strong>stetit,</strong></span> <span class='ocrx_word' id='word_1_163' title='bbox 655 1997 764 2051; x_wconf 90' lang='lat' dir='ltr'><strong>Nec</strong></span> <span class='ocrx_word' id='word_1_164' title='bbox 792 1997 998 2054; x_wconf 88' lang='lat' dir='ltr'><strong>Vettius</strong></span> <span class='ocrx_word' id='word_1_165' title='bbox 1015 1995 1268 2060; x_wconf 76' lang='lat' dir='ltr'><strong>BolanuS,</strong></span> <span class='ocrx_word' id='word_1_166' title='bbox 1294 1994 1637 2050; x_wconf 85' lang='lat' dir='ltr'><strong>manentibus</strong></span> <span class='ocrx_word' id='word_1_167' title='bbox 1655 1994 1837 2050; x_wconf 87' lang='lat' dir='ltr'><strong>adhuc</strong></span> <span class='ocrx_word' id='word_1_168' title='bbox 1854 1995 1925 2049; x_wconf 90' lang='lat' dir='ltr'><strong>ci-</strong></span> 
     </span>
     <span class='ocr_line' id='line_1_25' title="bbox 327 2069 1923 2145; baseline 0 -19"><span class='ocrx_word' id='word_1_169' title='bbox 327 2071 530 2127; x_wconf 87' lang='lat' dir='ltr'><strong>vilibus</strong></span> <span class='ocrx_word' id='word_1_170' title='bbox 548 2070 724 2137; x_wconf 88' lang='lat' dir='ltr'><strong>bellis,</strong></span> <span class='ocrx_word' id='word_1_171' title='bbox 757 2072 976 2145; x_wconf 79' lang='lat' dir='ltr'><strong>agitavit</strong></span> <span class='ocrx_word' id='word_1_172' title='bbox 993 2071 1323 2126; x_wconf 86' lang='lat' dir='ltr'><strong>Britanniam</strong></span> <span class='ocrx_word' id='word_1_173' title='bbox 1340 2069 1644 2142; x_wconf 83' lang='lat' dir='ltr'><strong>disciplina.</strong></span> <span class='ocrx_word' id='word_1_174' title='bbox 1724 2070 1923 2126; x_wconf 88' lang='lat' dir='ltr'><strong>Eadem</strong></span> 
     </span>
     <span class='ocr_line' id='line_1_26' title="bbox 327 2145 1923 2221; baseline -0.003 -18"><span class='ocrx_word' id='word_1_175' title='bbox 327 2149 517 2204; x_wconf 89' lang='lat' dir='ltr'><strong>inertia</strong></span> <span class='ocrx_word' id='word_1_176' title='bbox 543 2164 666 2221; x_wconf 85' lang='lat' dir='ltr'><strong>erga</strong></span> <span class='ocrx_word' id='word_1_177' title='bbox 697 2147 896 2213; x_wconf 79' lang='lat' dir='ltr'><strong>hosteS,</strong></span> <span class='ocrx_word' id='word_1_178' title='bbox 927 2146 1125 2202; x_wconf 87' lang='lat' dir='ltr'><strong>similis</strong></span> <span class='ocrx_word' id='word_1_179' title='bbox 1142 2145 1433 2218; x_wconf 82' lang='lat' dir='ltr'><strong>petulantia</strong></span> <span class='ocrx_word' id='word_1_180' title='bbox 1454 2153 1779 2202; x_wconf 87' lang='lat' dir='ltr'><strong>castrorum:</strong></span> <span class='ocrx_word' id='word_1_181' title='bbox 1823 2147 1923 2202; x_wconf 88' lang='lat' dir='ltr'><strong>nisi</strong></span> 
     </span>
     <span class='ocr_line' id='line_1_27' title="bbox 328 2221 1926 2295; baseline -0.001 -17"><span class='ocrx_word' id='word_1_182' title='bbox 328 2222 472 2295; x_wconf 89' lang='lat' dir='ltr'><strong>quod</strong></span> <span class='ocrx_word' id='word_1_183' title='bbox 498 2223 752 2278; x_wconf 79' lang='lat' dir='ltr'><strong>innocens</strong></span> <span class='ocrx_word' id='word_1_184' title='bbox 781 2222 1030 2287; x_wconf 84' lang='lat' dir='ltr'><strong>Bolanus,</strong></span> <span class='ocrx_word' id='word_1_185' title='bbox 1056 2230 1107 2276; x_wconf 92' lang='lat' dir='ltr'><strong>et</strong></span> <span class='ocrx_word' id='word_1_186' title='bbox 1124 2221 1290 2276; x_wconf 90' lang='lat' dir='ltr'><strong>nullis</strong></span> <span class='ocrx_word' id='word_1_187' title='bbox 1309 2221 1517 2277; x_wconf 88' lang='lat' dir='ltr'><strong>delictis</strong></span> <span class='ocrx_word' id='word_1_188' title='bbox 1534 2221 1770 2286; x_wconf 84' lang='lat' dir='ltr'><strong>invisus,</strong></span> <span class='ocrx_word' id='word_1_189' title='bbox 1794 2222 1926 2278; x_wconf 84' lang='lat' dir='ltr'><strong>cari-</strong></span> 
     </span>
     <span class='ocr_line' id='line_1_28' title="bbox 328 2298 1269 2369; baseline 0 -17"><span class='ocrx_word' id='word_1_190' title='bbox 328 2307 486 2353; x_wconf 86' lang='lat' dir='ltr'><strong>tatem</strong></span> <span class='ocrx_word' id='word_1_191' title='bbox 504 2306 779 2369; x_wconf 86' lang='lat' dir='ltr'><strong>paraverat</strong></span> <span class='ocrx_word' id='word_1_192' title='bbox 799 2298 910 2354; x_wconf 86' lang='lat' dir='ltr'><strong>loco</strong></span> <span class='ocrx_word' id='word_1_193' title='bbox 929 2298 1269 2353; x_wconf 81' lang='lat' dir='ltr'><strong>auctoritatis,</strong></span> 
     </span>
     <span class='ocr_line' id='line_1_29' title="bbox 441 2371 1923 2444; baseline 0.001 -17"><span class='ocrx_word' id='word_1_194' title='bbox 441 2376 523 2429; x_wconf 73' lang='lat'><strong>⁴7.</strong></span> <span class='ocrx_word' id='word_1_195' title='bbox 565 2372 670 2428; x_wconf 91' lang='lat' dir='ltr'><strong>Sed</strong></span> <span class='ocrx_word' id='word_1_196' title='bbox 707 2373 800 2428; x_wconf 89' lang='lat' dir='ltr'><strong>ubi</strong></span> <span class='ocrx_word' id='word_1_197' title='bbox 841 2391 965 2429; x_wconf 90' lang='lat' dir='ltr'><strong>eum</strong></span> <span class='ocrx_word' id='word_1_198' title='bbox 993 2382 1164 2428; x_wconf 86' lang='lat' dir='ltr'><strong>cetero</strong></span> <span class='ocrx_word' id='word_1_199' title='bbox 1189 2371 1317 2428; x_wconf 88' lang='lat' dir='ltr'><strong>orbe</strong></span> <span class='ocrx_word' id='word_1_200' title='bbox 1346 2371 1709 2444; x_wconf 80' lang='lat' dir='ltr'><strong>Vespasianus</strong></span> <span class='ocrx_word' id='word_1_201' title='bbox 1738 2381 1791 2428; x_wconf 89' lang='lat' dir='ltr'><strong>et</strong></span> <span class='ocrx_word' id='word_1_202' title='bbox 1815 2373 1923 2428; x_wconf 86' lang='lat' dir='ltr'><strong>Bri-</strong></span> 
     </span>
     <span class='ocr_line' id='line_1_30' title="bbox 327 2447 1921 2522; baseline 0.001 -22"><span class='ocrx_word' id='word_1_203' title='bbox 327 2448 561 2502; x_wconf 88' lang='lat' dir='ltr'><strong>tanniam</strong></span> <span class='ocrx_word' id='word_1_204' title='bbox 593 2448 924 2520; x_wconf 84' lang='lat' dir='ltr'><strong>reciperavit,</strong></span> <span class='ocrx_word' id='word_1_205' title='bbox 968 2449 1151 2522; x_wconf 84' lang='lat' dir='ltr'><strong>magni</strong></span> <span class='ocrx_word' id='word_1_206' title='bbox 1179 2447 1361 2514; x_wconf 86' lang='lat' dir='ltr'><strong>duces,</strong></span> <span class='ocrx_word' id='word_1_207' title='bbox 1405 2447 1607 2521; x_wconf 78' lang='lat' dir='ltr'><strong>egregii</strong></span> <span class='ocrx_word' id='word_1_208' title='bbox 1638 2449 1921 2512; x_wconf 76' lang='lat' dir='ltr'><strong>exercituS,</strong></span> 
     </span>
     <span class='ocr_line' id='line_1_31' title="bbox 327 2521 1920 2594; baseline 0.003 -20"><span class='ocrx_word' id='word_1_209' title='bbox 327 2522 533 2574; x_wconf 82' lang='lat' dir='ltr'><strong>minuta</strong></span> <span class='ocrx_word' id='word_1_210' title='bbox 553 2521 790 2577; x_wconf 87' lang='lat' dir='ltr'><strong>hostium</strong></span> <span class='ocrx_word' id='word_1_211' title='bbox 811 2541 953 2594; x_wconf 77' lang='lat' dir='ltr'><strong>speS.</strong></span> <span class='ocrx_word' id='word_1_212' title='bbox 1031 2523 1101 2577; x_wconf 89' lang='lat' dir='ltr'><strong>Et</strong></span> <span class='ocrx_word' id='word_1_213' title='bbox 1119 2531 1370 2579; x_wconf 87' lang='lat' dir='ltr'><strong>terrorem</strong></span> <span class='ocrx_word' id='word_1_214' title='bbox 1389 2524 1568 2578; x_wconf 87' lang='lat' dir='ltr'><strong>statim</strong></span> <span class='ocrx_word' id='word_1_215' title='bbox 1588 2522 1776 2578; x_wconf 88' lang='lat' dir='ltr'><strong>intulit</strong></span> <span class='ocrx_word' id='word_1_216' title='bbox 1791 2525 1920 2580; x_wconf 84' lang='lat' dir='ltr'><strong>Peti-</strong></span> 
     </span>
     <span class='ocr_line' id='line_1_32' title="bbox 327 2593 1925 2671; baseline 0.005 -25"><span class='ocrx_word' id='word_1_217' title='bbox 327 2593 444 2648; x_wconf 85' lang='lat' dir='ltr'><strong>lius·</strong></span> <span class='ocrx_word' id='word_1_218' title='bbox 461 2594 702 2662; x_wconf 88' lang='lat' dir='ltr'><strong>Cerialis,</strong></span> <span class='ocrx_word' id='word_1_219' title='bbox 729 2597 1043 2670; x_wconf 81' lang='lat' dir='ltr'><strong>Brigantum</strong></span> <span class='ocrx_word' id='word_1_220' title='bbox 1069 2599 1356 2664; x_wconf 88' lang='lat' dir='ltr'><strong>civitatem,</strong></span> <span class='ocrx_word' id='word_1_221' title='bbox 1387 2614 1527 2671; x_wconf 90' lang='lat' dir='ltr'><strong>quae</strong></span> <span class='ocrx_word' id='word_1_222' title='bbox 1545 2600 1925 2654; x_wconf 90' lang='lat' dir='ltr'><strong>numerosissi-</strong></span> 
     </span>
     <span class='ocr_line' id='line_1_33' title="bbox 327 2670 1922 2747; baseline 0.006 -28"><span class='ocrx_word' id='word_1_223' title='bbox 327 2684 413 2720; x_wconf 86' lang='lat' dir='ltr'><strong>ma</strong></span> <span class='ocrx_word' id='word_1_224' title='bbox 447 2670 752 2736; x_wconf 84' lang='lat' dir='ltr'><strong>provinciae</strong></span> <span class='ocrx_word' id='word_1_225' title='bbox 790 2673 950 2728; x_wconf 88' lang='lat' dir='ltr'><strong>totius</strong></span> <span class='ocrx_word' id='word_1_226' title='bbox 993 2673 1323 2745; x_wconf 86' lang='lat' dir='ltr'><strong>perhibetur,</strong></span> <span class='ocrx_word' id='word_1_227' title='bbox 1370 2673 1678 2747; x_wconf 81' lang='lat' dir='ltr'><strong>adgressus.</strong></span> <span class='ocrx_word' id='word_1_228' title='bbox 1760 2675 1922 2730; x_wconf 84' lang='lat' dir='ltr'><strong>Multa</strong></span> 
     </span>
     <span class='ocr_line' id='line_1_34' title="bbox 399 2739 1915 2828; baseline 0.008 -36"><span class='ocrx_word' id='word_1_229' title='bbox 399 2739 544 2806; x_wconf 55' lang='lat' dir='ltr'><strong>mna,</strong></span> <span class='ocrx_word' id='word_1_230' title='bbox 577 2750 627 2797; x_wconf 87' lang='lat' dir='ltr'><strong>et</strong></span> <span class='ocrx_word' id='word_1_231' title='bbox 650 2743 936 2817; x_wconf 76' lang='lat' dir='ltr'><strong>aliquando</strong></span> <span class='ocrx_word' id='word_1_232' title='bbox 955 2765 1061 2804; x_wconf 87' lang='lat' dir='ltr'><strong>non</strong></span> <span class='ocrx_word' id='word_1_233' title='bbox 1081 2747 1384 2808; x_wconf 80' lang='lat' dir='ltr'><strong>incruenta:</strong></span> <span class='ocrx_word' id='word_1_234' title='bbox 1425 2765 1795 2828; x_wconf 81' lang='lat' dir='ltr'><strong>magnamque</strong></span> <span class='ocrx_word' id='word_1_235' title='bbox 1813 2750 1915 2812; x_wconf 86' lang='lat' dir='ltr'><strong>Bri-</strong></span> 
     </span>
    </p>
   </div>
  </div>
 </body>
</html>
