2081 3038
227 148 237 160 ‘
297 166 364 219 64
775 171 1429 222 ursa-omnum
1628 159 1897 236 (nnana.

295 271 581 326 cusatoris:
624 274 752 326 dari
777 281 988 341 tempus,
1018 277 1104 328 edi
1130 279 1382 336 crimino,
1410 275 1648 343 quamvis
1674 277 1899 328 invisum

294 363 360 400 ac
389 355 666 410 nocentem,
708 364 850 405 more
879 357 1051 402 tamen
1076 353 1411 411 audiendum,
1450 347 1757 404 censebant.
1832 347 1900 402 Et

296 419 512 476 valuere
533 421 727 493 primo,
750 421 1023 495 dilataque
1043 423 1097 480 in
1120 440 1316 494 paucos
1339 421 1455 478 dies
1476 424 1724 496 cognitio.
1774 423 1897 478 Mox

296 493 578 550 damnatus
597 496 940 561 estFaustus,
953 515 1297 570 nequaquam
1314 515 1376 554 eo
1392 497 1624 554 adsensu
1646 499 1894 563 civitatis,

298 587 461 642 quem
482 570 734 642 pessimis
761 572 1002 628 moribus
1022 581 1315 628 meruerat:
1354 573 1559 645 quippe
1579 573 1761 643 ipsum
1782 571 1897 627 Cri-

297 661 456 716 spum
476 645 687 701 easdem
708 646 1073 704 adcusationes
1082 665 1206 702 cum
1223 649 1771 719 praemioexercuisse
1787 663 1897 702 me-
1918 661 1931 670 ⁹

297 721 578 777 minerant.
645 721 754 777 Nec
772 739 938 793 poena
959 723 1225 787 criminis,
1247 721 1342 778 sed
1367 721 1505 790 ultor
1522 721 1857 793 displicebat.

411 799 492 850 u.
534 796 692 850 Laeta
721 797 933 852 interim
955 796 1153 853 Othoni
1182 797 1441 870 principia
1470 796 1617 861 belli,
1644 797 1803 851 motis
1831 795 1895 850 ad

299 871 585 942 imperium
626 871 744 926 eius
782 888 814 926 e
849 871 1107 928 Dalmatia
1138 871 1515 944 Pannoniaque
1553 871 1893 938 exercitibus.

296 945 468 1000 Fuere
486 953 714 1017 quatuor
735 945 997 1019 legiones:
1030 963 1062 1001 e
1081 946 1283 1018 quibus
1302 946 1426 1002 bina
1446 945 1615 1002 millia
1637 946 1899 1018 praemis-

296 1037 384 1088 sa;
424 1021 572 1091 ipsae
601 1019 824 1075 modicis
850 1020 1146 1076 intervallis
1174 1021 1563 1092 sequebantur:
1610 1023 1841 1092 septima
1866 1037 1894 1074 a

298 1093 466 1150 Galba
491 1096 814 1166 conscripta:
858 1104 1133 1151 veteranae
1159 1094 1441 1152 undecima
1460 1112 1523 1150 ac
1540 1095 1897 1150 tertiadecima

297 1177 348 1223 et
373 1169 657 1240 praecipua
685 1168 826 1224 fama
851 1171 1347 1242 quartadecumani,
1376 1169 1665 1226 rebellione
1690 1171 1899 1225 Britan-

295 1244 414 1298 niae
434 1260 757 1312 compressa.
820 1245 1109 1302 Addiderat
1164 1245 1349 1302 loriam
1370 1245 1528 1311 Nero,
1551 1244 1816 1320 eligendo,
1840 1253 1901 1299 ut

294 1317 622 1395 potissimos.
702 1319 855 1377 Unde
891 1319 1048 1394 longa
1088 1319 1126 1375 il
1150 1321 1197 1376 is
1223 1337 1348 1394 erga
1377 1321 1639 1376 Neronem
1670 1320 1824 1386 tides,
1848 1328 1901 1374 et

293 1401 461 1448 erecta
505 1393 562 1448 in
583 1391 847 1450 Othonem
884 1396 1079 1450 studia.
1158 1394 1281 1461 Sed,
1310 1411 1420 1468 quo
1446 1395 1573 1467 plus
1608 1395 1807 1450 virium
1838 1412 1918 1464 ac·

295 1467 518 1535 roboris,
532 1486 562 1524 e
581 1468 776 1527 fiducia
798 1470 1014 1527 tarditas
1031 1471 1219 1528 inerat.
1260 1469 1468 1546 Agmen
1492 1470 1763 1546 legionum
1785 1469 1899 1525 alae

294 1544 641 1617 cohortesque
658 1546 1088 1619 praeveniebant.
1119 1546 1188 1601 Et
1206 1563 1272 1602 ex
1290 1547 1409 1618 ipsa
1428 1546 1563 1603 urbe
1582 1547 1727 1603 haud
1746 1562 1899 1617 sper-

295 1619 464 1674 nenda
488 1637 702 1686 manus,
726 1623 970 1694 quinque
987 1622 1279 1693 praetoriae
1296 1622 1557 1688 cohortes,
1581 1630 1632 1677 et
1650 1623 1898 1694 equitum

297 1693 492 1749 vexilla
511 1711 635 1749 cum
658 1694 864 1770 legione
884 1696 1085 1767 prima:
1124 1713 1187 1751 ac
1204 1694 1440 1752 deforme
1460 1697 1682 1767 insuper
1698 1696 1902 1753 auxili-

294 1786 409 1834 um,
434 1768 540 1824 duo
561 1769 731 1826 millia
749 1771 1233 1845 gladiatorum,sed
1253 1788 1350 1843 per
1366 1770 1547 1827 civilia
1566 1789 1715 1827 arma
1736 1772 1899 1827 etiam

293 1844 494 1899 severis
517 1844 747 1900 ducibus
773 1854 1115 1917 usurpatum.
1194 1847 1477 1919 His-copiis
1498 1854 1665 1902 rector
1684 1846 1902 1902 additus

293 1918 504 1975 Annius
533 1919 741 1986 Gallus,
763 1938 887 1976 cum
907 1920 1166 1977 Vestricio
1182 1920 1453 1993 Spurinna
1478 1921 1545 1976 ad
1562 1921 1902 1992 occupandas

293 1994 421 2048 Padi
463 1996 607 2066 ripas
645 1996 1006 2066 praemissus:
1049 1998 1305 2069 quoniam
1338 1997 1511 2069 prima
1548 1996 1900 2053 consiliorum

217 2068 222 2071 ’
294 2068 488 2124 frustra
508 2070 822 2137 ceciderant,
837 2079 1169 2145 transgresso
1184 2072 1291 2127 iam
1301 2070 1463 2143 Alpes
1474 2070 1718 2136 Caecina,
1731 2088 1900 2144 quem

292 2144 410 2199 sisti
439 2144 575 2199 intra
609 2143 810 2200 Gallias
839 2163 998 2217 posse
1024 2154 1345 2218 speraverat.
1424 2147 1611 2218 Ipsum
1632 2146 1902 2203 Othonem

293 2218 680 2275 comitabantur
707 2220 1103 2293 speculatorum
1134 2220 1263 2277 lecta
1288 2238 1527 2293 corpora,
1556 2238 1685 2278 cum
1708 2224 1903 2277 ceteris

292 2294 567 2364 praetoriis
587 2294 914 2362 cohortibus,
937 2298 1174 2353 veterani
1194 2314 1224 2352 e
1242 2297 1518 2369 praetorio,
1548 2294 1903 2353 classicorum

291 2370 483 2441 ingens
514 2386 792 2425 numerus.
871 2371 983 2425 Nec
1009 2370 1097 2426 illi
1120 2388 1284 2445 segne
1308 2379 1401 2427 aut
1418 2380 1745 2444 conruptum
1764 2370 1903 2428 luxu

290 2443 418 2498 iter:
461 2443 556 2497 sed
585 2443 744 2499 lorica
771 2443 938 2499 ferrea
965 2460 1102 2501 usus
1122 2454 1223 2511 est,
1251 2454 1303 2501 et
1318 2455 1439 2503 ante
1457 2447 1613 2521 signa
1632 2447 1901 2519 pedester,

293 2516 561 2582 horridus,
584 2517 912 2590 incomptus,
935 2518 1217 2592 famaeque
1232 2520 1538 2577 dissimilis.

405 2593 488 2646 ¹2.
515 2590 892 2655 Blandiebatur
909 2594 1111 2667 coeptis
1130 2593 1359 2662 fortuna,
1370 2613 1617 2667 possessa
1636 2612 1734 2667 per
1750 2613 1905 2651 mare

294 2670 344 2716 et
365 2678 526 2719 naves
547 2668 746 2724 maiore
767 2668 948 2725 Italiae
965 2678 1134 2741 parte,
1163 2671 1377 2742 penitus
1397 2688 1573 2743 usque
1592 2670 1663 2725 ad
1678 2671 1902 2727 initium
