2081 3038
279 254 344 307 30
837 258 946 303 AN
969 256 1315 303 N'ALHJM
1600 246 1746 321 (auu.
1772 256 1873 305 767.

276 356 478 413 dendae
497 355 819 428 provinciae,
842 356 910 411 ob
931 356 1265 413 imminentis
1285 356 1517 423 Suevos;
1540 364 1794 422 ceterum,
1818 365 1881 412 ut

278 432 630 488 avellerentur
655 433 842 487 castris
858 473 870 497 ‚
901 432 1146 487 trucibus
1176 432 1353 487 adhuc
1380 450 1483 487 non
1515 434 1697 486 minus
1722 448 1881 503 aspe-

275 509 428 561 ritate
455 506 706 574 remedii,
747 524 912 580 quam
941 506 1158 562 sceleris
1176 507 1451 561 memoria.
1532 506 1879 563 Centurione-

277 591 394 637 tum
424 581 550 637 inde
577 584 702 655 egit.
785 582 987 637 Citatus
1007 582 1075 636 ab
1102 582 1443 653 imperatore,
1480 598 1671 642 nomen
1688 624 1701 646 ‚
1734 581 1882 638 ordi-

279 674 432 723 nem,
462 658 686 729 patriam
705 698 718 721 ,
755 674 1042 713 numerum
1062 656 1477 727 stipendiorum,
1507 674 1647 728 quae
1666 664 1882 711 strenue

277 734 336 787 in
354 730 571 803 proeliis
592 730 828 799 fecisset3
871 740 922 785 et
940 733 1028 787 cui
1055 740 1203 787 erant
1221 731 1359 787 dona
1376 731 1647 796 militaria,
1672 731 1878 787 edehat.

210 858 221 865 .
279 806 335 862 Si
356 807 562 862 tribuni
577 848 602 871 ‚.
622 807 670 861 si
701 806 838 879 legio
867 806 1186 863 industriam
1206 807 1671 877 innocentiamque
1690 806 1884 877 adpro—

281 883 552 946 baverant,
573 882 830 935 retinebat
847 881 1089 937 ordines:
1127 882 1221 937 ubi
1244 882 1521 936 avaritiam
1540 889 1632 935 aut
1650 879 1883 939 crudeli-

281 966 441 1011 tatem
461 973 726 1013 consensu
746 956 1171 1021 obiectavisseut‚
1196 955 1498 1011 solvebatur
1518 954 1728 1009 militia.

394 1034 478 1085 45.
519 1028 608 1085 Sic
627 1032 932 1102 compositis
949 1030 1341 1101 praesentibuS‚
1356 1030 1501 1085 haud
1520 1031 1693 1085 minor
1714 1028 1884 1085 moles

281 1113 570 1177 supererat,
592 1105 660 1159 ob
680 1104 924 1161 ferociam
945 1107 1165 1176 quintae
1184 1113 1235 1162 et
1257 1106 1697 1161 unaetvicesimae
1719 1105 1887 1177 legio·-

283 1198 445 1245 num‚
483 1182 880 1253 sexagesimum
911 1179 1055 1250 apud
1078 1176 1309 1251 lapidem
1328 1179 1460 1253 (loco
1478 1180 1663 1237 Vetera
1685 1196 1883 1235 nomen

283 1254 380 1328 est)
408 1254 825 1311 hibernentium.
905 1256 1040 1309 Nam
1068 1254 1235 1325 primi
1262 1254 1576 1311 seditionem
1606 1263 1885 1325 coeptave-

283 1338 426 1385 rant:
472 1330 864 1385 atrocissimum
896 1329 1150 1401 quodque
1178 1329 1385 1385 facinus
1414 1330 1608 1385 horum
1628 1330 1883 1385 manibus

281 1412 576 1477 patratum:
609 1422 708 1459 nec
724 1422 891 1476 poena
913 1404 1339 1461 commilitonum
1360 1406 1615 1469 exterriti,
1638 1422 1735 1459 nec
1752 1422 1883 1475 poe-

284 1480 502 1536 nitentia
521 1480 784 1546 conversi‚
806 1480 912 1535 iras
937 1478 1251 1536 retinebant.
1310 1480 1477 1554 Igitur
1498 1479 1690 1536 Caesar
1710 1497 1879 1544 arma,

283 1557 529 1622 classem,
554 1557 722 1612 socios
742 1555 1209 1611 demittereRheno
1228 1563 1398 1628 parat,
1412 1557 1462 1610 si
1481 1556 1768 1626 imperium
1790 1555 1885 1608 de-

284 1639 546 1697 trectetur‚
567 1630 706 1688 bello
725 1638 1038 1688 certaturus,

396 1710 480 1760 46.
519 1704 590 1762 At
606 1707 803 1762 Romae
819 1749 832 1772 ,
853 1706 1095 1762 nondum
1114 1706 1321 1779 cognito
1336 1747 1348 1770 ‚
1380 1706 1477 1777 qui
1498 1704 1689 1760 fuisset
1706 1706 1885 1760 exitus

281 1782 339 1836 in
367 1781 580 1854 Illyrico
592 1823 616 1846 ,,
646 1790 697 1836 et
723 1781 993 1856 legionum
1024 1780 1463 1837 Germanicarum
1498 1788 1644 1836 motu
1681 1779 1883 1845 audite,

285 1855 484 1926 trepida
503 1856 690 1912 civitas
708 1857 955 1914 incusare
973 1857 1249 1911 Tiberium
1264 1897 1278 1921 ‚
1310 1859 1471 1924 quod,
1502 1860 1623 1910 dum
1634 1865 1817 1922 patres
1838 1865 1887 1908 et

279 1935 489 2000 plebem,
502 1935 738 1986 invalida
757 1941 804 1986 et
823 1937 1064 1996 inermia,
1090 1936 1411 1986 c·unctalione
1428 1934 1551 2000 [icta
1572 1933 1884 1999 ludificetur,

283 2010 535 2060 dissideat
569 2011 780 2062 interim
815 2011 988 2071 mileS,
1033 2024 1195 2075 neque
1232 2011 1454 2060 duorum
1480 2007 1887 2061 adulescentium

285 2085 509 2154 viandum
527 2085 712 2138 adulta
730 2063 1045 2139 auctoritate
1064 2085 1333 2148 comprimi
1353 2089 1505 2148 queat
1516 2099 1533 2133 .·
1554 2084 1632 2134 ire
1652 2084 1820 2148 ipsum
1837 2089 1887 2132 el

284 2173 536 2224 opponere
573 2162 892 2212 maiestatem
919 2157 1311 2224 imperatoriam
1342 2157 1598 2218 debuisse,
1642 2160 1882 2218 cessuris,

283 2235 372 2284 ubi
392 2235 681 2300 principem
707 2235 860 2300 lonqa
879 2234 1229 2298 emper-ianua,
1260 2233 1569 2298 eundemwe
1595 2235 1888 2284 sever-italis

283 2315 331 2360 et
349 2309 728 2376 munificentiae
749 2323 1000 2362 eunzmum
1018 2309 1281 2360 vidissent.
1328 2304 1409 2358 An
1426 2305 1729 2374 Amnestum,
1749 2309 1889 2373 sessa

283 2389 476 2446 aelate,
509 2385 693 2435 totiens
713 2385 772 2436 in
799 2381 1109 2436 Germanias
1128 2397 1411 2436 commeare
1431 2383 1691 2448 potuisse:
1740 2379 1887 2434 Tibe-

283 2459 448 2518 rium,
489 2459 742 2524 viqentem
767 2460 947 2519 annis,
974 2459 1150 2510 sedere
1168 2460 1225 2509 in
1254 2463 1464 2518 senatu,
1491 2457 1649 2508 verba
1668 2463 1887 2522 patrum

287 2528 652 2586 cavillantem?
691 2530 835 2586 Salis
845 2538 1174 2598 prospectum
1192 2532 1425 2586 urbanae
1441 2533 1682 2584 servituti
1692 2549 1708 2581 :
1747 2532 1889 2582 mili»

287 2607 488 2672 taribus
503 2610 696 2660 areimis
715 2609 1004 2660 adhibenda
1020 2609 1261 2674 fomenta,
1283 2613 1341 2658 ut
1360 2609 1498 2674 [erre
1510 2621 1693 2672 pacem
1710 2607 1887 2658 velint.

399 2679 484 2734 47.
526 2679 813 2736 Immotum
851 2681 1109 2738 adversus
1148 2697 1237 2736 eos
1282 2695 1567 2734 sermones·
1606 2675 1889 2749 fixumque

287 2752 499 2809 Tiberio
519 2753 621 2808 fuit
635 2797 650 2820 ,
677 2773 784 2812 non
801 2757 1042 2820 omittere
1061 2763 1218 2828 caput
1236 2772 1413 2810 rerum
1432 2797 1445 2820 ,
1472 2771 1647 2824 neque
1665 2771 1725 2806 se
1744 2770 1888 2806 rem-
