2081 3038
192 234 441 309 mesto.)
566 205 769 291 ’1,13.
810 239 912 288 111.
954 240 1131 288 cAP.
1172 241 1384 289 9—11.
1695 234 1792 288 405

193 342 325 401 dein
344 343 613 416 praesidio
630 341 866 407 Africae,
888 341 1200 398 ducebatur.
1276 341 1461 416 anue
1489 359 1574 398 res
1603 344 1794 418 agitata

193 418 527 484 rumoribus,
550 418 686 474 utin
708 417 923 492 agmine
939 424 1101 488 atque
1120 417 1306 472 itinere
1326 418 1508 473 crebro
1524 435 1584 472 se
1607 415 1796 474 militi-

190 493 301 548 bus
327 493 714 550 ostentavisset.
793 489 879 547 Ab
911 491 1109 546 Narnia
1124 532 1138 556 ,
1179 491 1424 566 vitandae
1447 493 1771 568 suspicionis
1774 534 1792 560 ,

192 585 264 622 an
280 610 295 633 ,
326 569 457 640 quia
472 565 685 640 pavidis
706 565 926 622 oonsilia
946 566 1004 622 in
1024 567 1224 622 incerto
1242 573 1396 634 sunt,
1423 567 1563 622 Nare
1589 586 1651 624 ac
1668 584 1796 629 mox¹

193 641 377 697 Tiberi
396 641 677 709 devectus,
706 643 857 698 auxit
877 639 1028 716 vulgi
1048 642 1184 707 ira's,
1218 640 1348 713 quia
1377 659 1567 698 navem
1588 639 1797 698 tumulo

192 717 487 776 Caesarum
505 716 803 789 adpulerat;
844 715 1043 790 dieque
1060 724 1111 772 et
1130 717 1247 788 ripa
1279 715 1573 790 frequenti,
1602 734 1798 791 magno

192 791 474 848 clientium
495 793 708 870 agmine
726 792 869 864 ipse,
901 789 1224 848 feminarum
1253 792 1506 848 comitatu
1525 790 1794 862 Plancina,

193 875 249 922 et
274 864 429 922 vultu
456 866 654 924 alacres
684 867 965 924 incessere.
1043 867 1169 924 Fuit
1195 867 1334 923 inter
1357 867 1696 923 inritamenta
1715 865 1800 921 in-

194 939 374 996 vidiae
392 941 583 1000 domus
604 940 715 999 foro
733 944 1025 998 imminens
1040 983 1056 1007 ,
1078 940 1207 997 festa
1227 950 1437 1008 ornatu,
1461 942 1801 998 convivium-

194 1033 306 1090 que
324 1023 375 1071 et
393 1017 597 1089 epulae,
620 1025 671 1073 et
689 1015 987 1074 celebritate
1005 1017 1106 1072 loci
1126 1017 1262 1073 nihil
1281 1016 1570 1074 occultum.

248 1105 255 1114 ·
307 1094 389 1147 ⁴0.
432 1093 641 1149 Postera
666 1091 754 1150 die
780 1091 1062 1149 Fulcinius
1083 1091 1206 1148 Trio
1223 1093 1470 1150 Pisonem
1501 1091 1644 1169 apud
1673 1109 1800 1148 con-

192 1165 341 1222 sules
366 1168 675 1240 postulavit.
754 1165 947 1224 Contra
973 1166 1221 1223 Vitellius
1250 1187 1311 1224 ac
1337 1167 1632 1236 Veranius,
1661 1175 1801 1224 cete-

191 1242 353 1314 rique
398 1241 781 1312 Germanicum
823 1243 1086 1310 comitati,
1127 1241 1436 1310 tendebant,
1477 1246 1655 1300 nullas
1692 1261 1800 1298 esse

191 1325 371 1386 partes
395 1319 576 1374 Trioni
582 1339 603 1388 ,·
642 1336 806 1389 nequo
822 1337 878 1374 aa
901 1326 1258 1386 accusatores,
1286 1323 1378 1374 sed
1402 1337 1580 1374 rorum
1605 1321 1801 1374 indices

192 1401 243 1447 et
264 1401 429 1457 testes,
452 1399 702 1449 mandata
726 1391 1029 1450 Germanici
1042 1397 1356 1461 perlaturos.
1434 1393 1546 1460 Ille,
1577 1393 1800 1448 dimissa

196 1467 317 1523 eius
336 1483 557 1525 caussae
576 1467 856 1535 delatione,
880 1477 940 1523 ut
949 1471 1185 1538 priorem
1202 1473 1364 1524 vitam
1382 1476 1655 1524 accusaret
1666 1511 1682 1533 ,
1707 1467 1803 1523 ob-

195 1540 388 1608 tinuit,
418 1544 756 1617 petitumque
774 1550 855 1615 est
876 1560 909 1597 a
926 1542 1199 1616 principe,
1229 1546 1566 1614 cognitionem
1593 1547 1802 1611 excipe-

195 1625 307 1673 ret.-
345 1616 492 1690 quod
520 1634 588 1673 ne
615 1634 741 1675 reus
767 1616 989 1691 quidem
1016 1616 1314 1685 abnuebat,
1344 1617 1520 1677 studia
1546 1616 1733 1691 popuii
1753 1625 1805 1672 et

196 1699 412 1764 patrum
432 1700 703 1763 metuens;
750 1700 949 1760 contra,
977 1684 1237 1749 Tiberium
1252 1698 1556 1763 spernendis
1573 1696 1804 1749 rumori·-

200 1770 295 1821 bus
311 1769 563 1837 validum,
585 1777 634 1823 et
654 1772 997 1825 conscientiae
1010 1773 1200 1824 matris
1217 1773 1466 1825 innexum
1485 1787 1620 1824 esso:
1648 1786 1804 1824 vera-

200 1858 299 1911 que
326 1850 419 1896 aut
446 1840 503 1897 in
531 1848 755 1899 deterius
775 1848 1003 1909 credita,
1043 1847 1215 1900 iudice
1239 1848 1307 1899 ab
1337 1862 1442 1899 uno
1459 1848 1673 1915 facilius
1692 1848 1803 1898 dis-

203 1920 376 1970 cerni.-
414 1921 588 1972 odium
625 1926 673 1973 ct
710 1922 963 1975 invidiam
999 1922 1144 1989 apud
1169 1922 1358 1975 multos
1383 1924 1572 1975 valere.
1649 1918 1804 1973 Haud

204 1986 417 2046 fallebat
434 1990 708 2049 Tiberium
729 1993 897 2051 moles
914 1994 1234 2069 cognitionis
1249 2036 1262 2061 ,
1291 2011 1508 2067 quaque
1528 1995 1645 2066 ipse
1663 1993 1804 2048 fama

201 2064 603 2123 distraheretur.
682 2068 877 2142 Igitur,
915 2068 1104 2143 paucis
1142 2066 1488 2125 familiarium
1526 2067 1800 2133 adhibitis,

203 2142 379 2199 minas
407 2142 775 2199 accusantium
800 2152 852 2200 et
878 2142 1008 2199 hinc
1023 2160 1207 2219 preces
1228 2144 1403 2211 audit,
1435 2144 1804 2219 integramque
1891 2151 1904 2169 ·

201 2232 446 2273 caussam
467 2218 535 2274 ad
552 2226 795 2274 senatum
818 2220 1057 2275 remittit.

313 2295 366 2347 u
380 2332 395 2349 .
436 2292 614 2367 Atque
632 2294 847 2350 interim
865 2294 1096 2361 Drusus,
1117 2292 1328 2351 rediens
1349 2291 1561 2369 Illyrico
1575 2334 1590 2359 ,
1613 2308 1807 2367 quam-

204 2384 368 2441 quam
386 2374 564 2441 patres
584 2370 946 2437 censuissent,
969 2373 1031 2425 ob
1048 2379 1309 2441 receptum
1328 2370 1731 2439 Maroboduum,
1758 2378 1807 2423 et

203 2460 287 2498 ros
300 2444 482 2513 priore
498 2450 693 2499 aestate
709 2452 900 2517 gestas,
910 2454 971 2501 ut
990 2463 1154 2501 ovans
1171 2448 1346 2509 iniret,
1366 2443 1568 2517 prolato
1587 2443 1802 2510 honore,

206 2517 395 2573 urbem
414 2519 648 2575 intravit.
706 2518 831 2576 Post
847 2536 987 2595 quae
1003 2536 1116 2587 reo,
1138 2520 1197 2575 L.
1218 2522 1545 2583 Arruntium,
1572 2518 1630 2574 T.
1661 2518 1807 2574 Vini-

208 2596 366 2657 cium,
407 2594 643 2649 Asinium
675 2594 912 2661 Gallum,
938 2595 1280 2652 Aeserninum
1306 2594 1639 2673 Marcottum,
1680 2594 1804 2649 Sex.

210 2668 494 2737 Pompeium
516 2678 767 2737 patronos
792 2670 1018 2742 petenti,
1060 2669 1240 2741 iisque
1269 2668 1480 2724 diversa
1507 2669 1810 2725 excusanti-

210 2740 338 2809 buS,
368 2744 442 2798 Μ.
474 2744 708 2815 Lepidus
738 2754 788 2801 et
815 2747 877 2801 L.
910 2747 1033 2803 Piso
1065 2752 1116 2799 et
1146 2744 1422 2800 Livineius
1455 2744 1691 2821 Regulus
1717 2742 1809 2797 ad-
