2081 3038
303 271 404 328 256
541 243 548 250 ’
870 274 1341 324 ANNAmtm
1634 261 1887 341 (nasus

301 395 422 434 rum
439 379 644 446 inpetus
661 391 812 433 acres
831 380 1157 434 cunctatione
1176 381 1524 448 lanqueum,
1551 385 1647 434 aut
1672 381 1731 433 in
1742 376 1912 448 perfi-

301 457 446 509 diam
473 457 701 508 mutari.-
742 457 921 524 itaque
957 461 1165 524 urqeret
1204 462 1399 523 coepta.
1472 450 1629 520 Quod
1665 459 1910 527 spretum

302 526 489 586 fraude
509 526 723 593 Acbari,
746 527 842 601 qui
865 529 1117 584 iuvenem
1136 529 1386 604 ignarum
1402 571 1416 596 ,
1440 527 1491 584 e't
1508 545 1781 585 summam
1802 525 1911 583 for-

302 608 489 661 tunam
518 603 574 659 in
607 602 743 660 luxu
771 611 946 660 ratum
963 645 976 670 ,
1017 602 1217 660 multos
1241 621 1337 676 per
1363 603 1479 672 dies
1506 603 1737 660 adtinuit
1765 602 1912 676 apud

301 679 562 756 oppidum
582 678 859 736 Edessam.
909 677 977 738 Et
999 687 1215 736 vocante
1234 677 1521 749 Carrhene,
1538 687 1912 750 promptasque

302 772 389 812 res·
411 761 732 827 ostentante,
763 759 814 810 si
834 758 926 810 citi
951 759 1303 822 advenissent,
1335 773 1441 811 non
1469 755 1716 812 cominus
1734 751 1914 810 Meso-

302 831 611 903 potamiam,
633 827 730 886 sed
746 828 888 885 flexu
910 829 1221 888 ArmenIam
1238 837 1445 904 petunt,
1475 829 1531 886 id
1552 829 1806 904 temporis
1824 829 1914 885 in-

303 913 609 980 portunam,
632 905 761 980 quia
781 902 957 962 hiems
976 905 1285 978 occipiebat.

418 983 500 1036 ⁴3.
540 979 683 1034 Exin
702 977 923 1037 nivibus
943 987 995 1036 et
1013 979 1287 1038 montibus
1302 978 1449 1045 fessi,
1464 987 1746 1053 postquam
1763 997 1913 1038 cam-

305 1070 402 1129 pos
448 1053 905 1132 propinquabant,
964 1055 1134 1129 copiis
1178 1053 1464 1114 Carrhenis
1510 1053 1908 1129 adiunguntur:

305 1130 727 1204 transmissoque
743 1149 902 1188 amne
921 1131 1071 1208 Tigri
1085 1175 1098 1199 ,
1129 1137 1404 1206 permeant
1419 1129 1720 1186 Adiabenos
1733 1173 1747 1198 ,
1773 1147 1913 1206 quo-

281 1220 429 1285 ·rum
459 1221 556 1262 rex
573 1205 739 1262 Izates
765 1207 1066 1264 societatem
1089 1207 1407 1266 Meherdatis
1434 1205 1615 1280 palam
1640 1205 1909 1271 induerat,

305 1281 363 1336 in
392 1279 652 1338 Gotarzen
679 1299 777 1356 per
801 1281 1004 1339 occulta
1031 1291 1083 1338 et
1101 1284 1274 1358 magis
1292 1282 1398 1339 fida
1417 1280 1725 1338 inclinabat.
1805 1279 1912 1336 Sed

305 1363 455 1430 capta
475 1355 532 1413 in
553 1357 779 1414 transitu
801 1357 932 1413 urbs
951 1357 1120 1415 Ninos
1134 1400 1147 1425 ‚
1180 1356 1545 1416 vetustissima
1564 1355 1719 1412 sedes
1738 1356 1912 1430 Assy-

306 1431 434 1498 riae,
458 1439 510 1486 et
527 1429 739 1500 Arbela,
763 1430 1038 1488 castellum
1060 1431 1273 1508 insigne
1297 1429 1457 1500 fama,
1479 1431 1625 1506 quod
1644 1439 1913 1508 postremo

307 1507 442 1563 inter
459 1505 680 1564 Darium
702 1513 861 1583 atque
877 1505 1243 1567 Alexandrum
1266 1507 1468 1581 proelio
1485 1508 1769 1565 Persarum
1799 1505 1915 1564 illic

304 1598 432 1657 opes
452 1582 806 1639 conciderant.
868 1584 1069 1641 Interea
1088 1585 1355 1651 Gotarzes,
1378 1582 1523 1656 apud
1540 1591 1797 1649 montem,
1821 1583 1913 1638 cui

308 1675 502 1715 nomen
522 1656 806 1715 Samhulos
822 1700 835 1725 ,
859 1667 980 1718 vota
997 1660 1103 1716 diis
1125 1659 1225 1716 loci
1243 1658 1596 1731 suscipiebat,
1623 1658 1913 1731 praecipua

308 1732 564 1809 religione
581 1732 826 1790 Herculi:
855 1734 972 1806 qui,
997 1742 1231 1807 tempore
1250 1742 1402 1801 stato,
1424 1752 1520 1807 per
1538 1734 1774 1808 quietem
1796 1751 1916 1789 mo-

307 1816 396 1866 net
425 1807 718 1865 sacerdotes
733 1851 747 1876 ,
778 1813 838 1865 ut
867 1809 1128 1884 templum
1158 1810 1309 1868 iuxta
1332 1813 1507 1884 equos
1523 1808 1739 1867 venatui
1758 1808 1915 1865 ador-

309 1892 457 1941 natos
477 1882 687 1941 sistant.
765 1878 910 1962 Equi
924 1894 952 1954 ,'
970 1885 1068 1942 ubi
1090 1885 1364 1959 pharetras
1386 1884 1503 1940 telis
1522 1890 1743 1944 onustas
1764 1900 1915 1941 acce-

307 1976 461 2035 pere,
486 1976 584 2033 per
603 1959 770 2017 saltus
792 1960 945 2036 vagi,
968 1969 1118 2018 nocte
1136 1960 1356 2019 demum
1372 2001 1387 2028 ,
1418 1959 1605 2017 vacuis
1622 1956 1910 2032 pharetris,

309 2032 478 2092 multo
497 2052 622 2094 cum
642 2034 882 2092 anhelitu
901 2036 1141 2107 redeunt.
1210 2036 1423 2093 Rursus
1440 2035 1595 2105 deus,
1617 2052 1726 2109 qua
1746 2033 1914 2091 silvas

310 2112 659 2185 peren-averit
672 2152 686 2178 ,
718 2119 976 2170 nocturno
1006 2114 1127 2169 visu
1149 2112 1502 2169 demonstrat:
1547 2110 1916 2185 reperiuntur-

308 2202 418 2261 que
436 2185 589 2242 fusae
606 2188 814 2260 passim
834 2186 991 2244 ferae.

424 2262 506 2318 u.
549 2260 796 2319 Ceterum
817 2263 1067 2319 Gotarzes
1082 2304 1095 2330 ,
1128 2260 1368 2319 nondum
1388 2262 1519 2318 satis
1537 2268 1691 2318 aucto
1710 2260 1916 2317 exerci-

308 2344 387 2405 tu,
411 2332 636 2395 flumine
652 2338 839 2395 Corma
858 2352 954 2409 pro
975 2338 1311 2394 munimento
1330 2337 1440 2394 uti:
1482 2344 1551 2404 et,
1579 2352 1916 2412 quamquam

309 2424 404 2485 per
423 2414 789 2471 insectationes
809 2419 861 2466 et
880 2412 1098 2468 nuntios
1119 2412 1187 2473 ad
1202 2412 1468 2485 proelium
1490 2420 1764 2469 vocaretur
1777 2453 1790 2479 ,
1821 2428 1920 2467 ne-

309 2496 448 2545 ctere
470 2504 664 2552 moras,
688 2484 827 2542 locos
847 2496 1075 2555 mutare,
1098 2493 1151 2543 et
1169 2487 1353 2551 missis
1370 2483 1770 2561 corruptoribus
1784 2529 1797 2555 ,
1822 2502 1921 2543 ex-

312 2558 542 2618 uendam
580 2560 646 2618 ad
690 2558 852 2618 fldem
891 2562 1071 2621 hostes
1110 2564 1386 2621 emercari.
1463 2564 1549 2619 Ex
1574 2564 1713 2651 quis
1748 2560 1920 2618 Izates

310 2634 598 2701 Adiabene,
621 2652 750 2694 mox
766 2636 1028 2707 Acbarus,
1051 2638 1291 2695 Arabum
1308 2654 1435 2695 cum
1456 2644 1709 2704 exercitu,
1730 2637 1923 2693 absce-

309 2707 470 2771 dunt,
507 2706 718 2767 levitate
745 2713 964 2787 gentili,
997 2722 1048 2769 et
1076 2714 1207 2787 quia
1233 2714 1611 2788 experimentis
1778 2710 1917 2768 itum

307 2786 417 2845 ⁸⁶*-
446 2778 701 2843 barbaros
731 2786 889 2845 malle
905 2788 1074 2845 Roma
1096 2797 1276 2863 petere
1301 2806 1452 2865 reges
1468 2830 1483 2857 ,
1510 2804 1677 2863 quam
1736 2782 1916 2844 abere.

2048 2308 2051 2464 ι
