2081 3038
202 227 211 232 .
292 174 391 232 394
849 179 1317 230 ANNAMUM
1607 171 1894 248 (nuato.

294 282 473 338 Tradit
508 281 709 340 Fabius
736 281 1005 346 Rusticus,
1047 299 1152 340 non
1181 300 1261 347 co,
1303 299 1411 354 quo
1439 291 1670 348 venerat,
1701 284 1896 343 itinere

292 359 541 423 reditum,
564 358 659 412 sed
676 357 889 414 flexisse
908 359 977 414 ad
993 359 1034 414 F
1038 360 1222 413 enium
1242 358 1586 430 praesectum,
1607 367 1657 413 et
1675 361 1895 432 exposi-

291 436 361 488 tis
397 433 637 490 Caesarie
677 435 861 499 iussis,
906 451 977 490 an
1004 434 1404 506 obtemperaret,
1447 435 1888 508 interrogavisse:

291 510 663 581 monitumque
698 510 766 566 eb
803 525 881 573 eo,
924 515 985 564 ut
1018 516 1426 581 exsequeretur3
1467 508 1612 564 fatali
1639 511 1888 566 omnium

290 584 523 656 ignavia.
591 585 726 642 Nam
748 593 799 640 et
816 583 1068 640 Silvanus
1092 585 1231 640 inter
1249 585 1546 642 coniuratos
1567 593 1695 649 erat,
1723 603 1892 660 auge-

291 659 487 731 batque
504 659 723 726 scelera,
745 661 802 716 in
823 675 1054 731 quorum
1075 659 1330 716 ultionem
1349 669 1705 716 consenserat.
1759 661 1888 716 Voci

293 742 465 790 temen
488 742 539 790 et
552 734 825 806 adspectui
846 736 1099 807 pepercit,
1130 735 1527 809 intromisitque
1545 735 1612 790 ad
1629 734 1886 790 Senecam

293 826 463 864 unum
492 827 522 864 e
550 809 969 876 centurionibus,
998 811 1095 882 qui
1124 811 1489 866 necessitatem
1515 809 1762 866 ultimam
1793 811 1890 866 de·

292 885 573 942 nuntiaret.
1117 912 1126 919 -
1795 930 1800 936 .

398 962 482 1016 62.
525 958 619 1014 Ille
637 960 910 1016 interritus
927 961 1098 1032 poscit
1115 962 1412 1017 testamenti
1433 959 1668 1016 tabulas:
1697 959 1889 1028 ac,de-

291 1044 513 1108 negante
530 1034 1157 1100 centurione,oonversus
1177 1035 1244 1090 ad
1263 1036 1702 1108 amicos,quando
1722 1037 1889 1092 meri-

290 1111 358 1166 tis
394 1125 577 1168 eorum
614 1108 809 1168 referre
842 1110 1069 1183 gratiam
1107 1110 1494 1182 prohiberetur,
1525 1109 1672 1182 quod
1710 1129 1883 1167 unum

290 1185 396 1240 iam
418 1192 469 1238 et
485 1182 911 1256 pulcherrimum
930 1184 1176 1252 habebat,
1195 1185 1483 1260 imaginem
1495 1186 1633 1242 vitae
1651 1203 1784 1242 suae
1803 1204 1889 1241 re-

288 1257 551 1330 linquere,
582 1267 828 1322 testatur:
870 1260 1027 1316 cuius
1053 1262 1102 1316 si
1123 1277 1390 1328 memores
1405 1268 1600 1324 essent,
1623 1261 1908 1340 bonerum·

290 1335 485 1390 artium
512 1333 731 1399 famam,
759 1344 875 1392 tum
908 1336 1196 1392 constantis
1214 1337 1476 1402 amicitiae
1503 1335 1721 1392 laturos.
1801 1336 1888 1392 Si-

290 1408 405 1467 mul
426 1408 673 1467 lacrimas
690 1427 895 1475 eorum,
919 1411 1076 1466 modo
1093 1427 1356 1476 sermone,
1369 1411 1526 1468 modo
1543 1411 1815 1478 intentior,
1827 1413 1884 1466 in

290 1484 511 1541 modum
540 1487 845 1552 coercentiS,
878 1487 945 1543 ad
966 1485 1348 1543 firmitudinem
1369 1494 1596 1553 revocat,
1617 1488 1882 1561 rogitans:

287 1565 378 1617 ubi
390 1572 668 1629 praecepta
684 1562 1007 1630 sapientiae?
1031 1566 1123 1617 ubi
1141 1571 1213 1615 tot
1225 1580 1325 1631 per
1341 1580 1507 1617 annos
1525 1567 1774 1619 meditata
1793 1582 1888 1618 ra·-

285 1641 362 1691 tio
378 1640 655 1693 adversum
672 1635 1015 1692 inminentia?
1059 1636 1156 1691 Cui
1174 1642 1309 1691 enim
1327 1642 1570 1707 {quaram
1587 1643 1751 1707 [uisse
1769 1656 1886 1695 sae-

286 1708 469 1764 vitiam
506 1708 767 1766 Neronis?
804 1712 981 1781 Neque
1017 1708 1167 1767 aliud
1202 1729 1479 1781 superesse,
1513 1721 1632 1781 post
1668 1722 1885 1767 matrem

285 1790 603 1854 fratremque
620 1790 929 1855 interfectos,
944 1804 1100 1855 quam
1118 1795 1176 1841 ut
1195 1790 1490 1843 educatoris
1499 1793 1883 1857 praeceptoris-

234 1892 241 1901 ·
285 1877 387 1927 >que
405 1876 577 1923 necem
592 1862 857 1918 adiiceret.
1035 1917 1042 1929 f

396 1938 485 1989 63.
523 1933 625 1989 Ubi
664 1934 795 1989 haec
830 1942 991 2007 atque
1023 1934 1148 1991 talia
1184 1937 1242 1991 in
1281 1949 1564 1991 commune
1605 1935 1880 2003 disseruit,

288 2007 654 2081 complectitur
676 2027 917 2075 uxorem,
940 2018 1009 2075 et,
1030 2009 1338 2082 paullulum
1355 2010 1612 2070 adversus
1627 2029 1884 2085 praesen-

289 2093 394 2139 tem
433 2083 790 2141 fortitudinem
822 2085 1080 2152 mollituS,
1121 2094 1270 2160 rogat
1295 2094 1532 2159 oratque,
1577 2096 1882 2157 temperaret

286 2162 473 2224 dolori,
512 2177 605 2215 nee
640 2170 905 2217 aeternum
935 2166 1234 2231 susciperet,
1261 2165 1354 2217 sed
1378 2167 1434 2217 in
1461 2164 1884 2234 contemplatione

286 2240 423 2291 vitae
435 2252 534 2303 per
552 2240 793 2292 virtutem
814 2245 964 2291 actae
980 2240 1291 2291 desiderium
1308 2241 1490 2291 mariti
1503 2241 1708 2293 solatiis
1727 2242 1885 2291 hone-

286 2316 381 2365 stis
400 2313 658 2366 toleraret.
732 2310 828 2365 Illa
848 2318 1025 2367 contra
1040 2310 1152 2367 sibi
1169 2328 1386 2385 quoque
1405 2311 1718 2367 destinatam
1740 2330 1886 2367 mor-

288 2391 393 2439 tem
412 2383 703 2450 adseverat,
726 2402 1059 2457 manumque
1075 2386 1404 2457 percussoris
1423 2386 1678 2459 exposcit.
1741 2386 1882 2441 Tum

287 2456 503 2524 Seneca,
560 2457 723 2515 loriee
738 2461 857 2515 eius
874 2477 981 2516 non
1000 2460 1278 2526 adversus,
1291 2460 1454 2527 simul
1477 2478 1672 2527 amore,
1688 2478 1756 2517 ne
1775 2460 1882 2516 sibi

286 2532 443 2586 unice
470 2533 525 2588 di
546 2541 715 2589 ectam
742 2536 811 2591 nd
839 2536 1067 2591 iniurias
1096 2534 1443 2607 relinqueret:
1494 2542 1648 2603 vitae,
1679 2537 1880 2609 inquit,

286 2608 621 2665 delenimenta
646 2619 1056 2665 monstraveram
1084 2614 1192 2674 tibi,
1238 2620 1294 2667 tu
1317 2617 1500 2667 mortis
1523 2615 1679 2665 decus
1695 2615 1883 2669 mavis.

296 2676 405 2733 Non
422 2684 656 2747 invidebo
674 2689 921 2753 eaeemplo.
962 2724 971 2731 -
996 2685 1077 2741 Sit
1097 2688 1250 2741 huius
1265 2695 1374 2743 tam
1391 2690 1544 2757 sortis
1563 2691 1739 2741 exitus
1759 2703 1886 2741 con-
