2081 3038
229 247 471 320 meno.)
502 287 536 305 -
659 253 799 300 ΗΒ.
837 253 910 301 11.
952 249 1113 302 CAP.
1155 249 1400 300 15—17.
1616 289 1627 299 ,
1771 249 1836 301 67

228 355 435 412 Galliae
454 353 841 426 municipium3
872 354 1158 410 Othoniani
1182 349 1546 427 Albigaunum
1567 353 1836 412 interioris

234 432 502 505 Liguriae,
527 438 809 484 revertere.
1509 485 1514 492 ,

345 509 425 561 16.
469 504 739 560 Corsicam
778 521 839 559 ac
874 503 1204 570 Sardiniam,
1258 511 1565 576 ceterasque
1601 508 1835 580 proximi

233 578 397 635 maris
416 579 642 645 insulae,
658 578 797 634 fama
820 579 1053 634 victricis
1073 578 1261 634 classis
1282 581 1338 633 in
1359 581 1600 651 partibus
1611 580 1837 637 Othonis

232 659 417 712 tenuit.
497 654 601 710 Sed
640 653 909 710 Corsicam
947 671 1114 726 prope
1153 653 1356 709 adflixit
1394 655 1598 710 Decimi
1636 657 1838 712 Pacarii

183 795 198 804 ·
231 731 585 804 procuratoris
612 730 900 796 temeritaS,
944 737 1084 784 tanta
1113 729 1253 784 mole
1282 729 1409 784 belli
1440 730 1575 784 nihil
1607 733 1665 785 in
1685 749 1840 786 sum-

230 825 376 862 mam
394 805 689 879 profutura,
712 807 817 878 ipsi
834 806 1078 861 exitiosa.
1159 807 1426 877 Namque,
1449 803 1675 861 Othonis
1694 807 1834 873 odie,

230 885 417 939 iuvare
435 882 709 938 Vitellium
728 879 1016 937 Corsorum
1040 877 1248 935 Viribus
1278 881 1479 947 statuit,
1512 881 1661 936 inani
1682 883 1841 937 auxi-

232 958 321 1024 llo,
344 960 500 1012 etiam
521 959 569 1012 si
587 958 955 1029 provenisset..
1016 955 1228 1012 Vocatis
1243 955 1584 1034 principibus
1604 957 1834 1024 insulae,

229 1033 515 1089 consilium
556 1033 750 1105 aperit:
803 1041 853 1088 et
892 1041 1072 1088 contra
1112 1032 1289 1086 dicere
1327 1051 1505 1103 auSOS,
1549 1031 1836 1088 Claudium

234 1110 577 1184 Pyrrhicum,
628 1107 978 1164 trierarchum
1018 1107 1432 1162 Liburnicarum
1475 1108 1551 1162 ibi
1589 1111 1834 1176 navium,

228 1184 539 1252 Quinctium
552 1183 789 1251 Certum,
813 1185 1050 1257 equitem
1071 1181 1392 1253 Romanum,
1417 1185 1641 1240 interfici
1667 1185 1832 1241 iubet.

228 1260 467 1327 Quorum
498 1270 665 1315 morte
693 1260 948 1324 exterriti,
991 1261 1090 1332 qui
1119 1259 1354 1323 aderant,
1396 1259 1561 1314 simul
1582 1262 1765 1334 ignara
1787 1271 1839 1316 et

229 1335 387 1391 alieni
416 1345 593 1390 metus
623 1337 764 1390 socia
793 1335 1146 1408 inperitorum
1169 1334 1345 1399 turba,
1371 1335 1428 1388 in
1451 1335 1611 1390 verba
1635 1336 1836 1392 Vitellii

228 1413 489 1472 iuravere.
566 1409 687 1475 Sed,
712 1411 808 1464 ubi
826 1409 1093 1464 delectum
1115 1425 1268 1482 agere
1289 1407 1560 1474 PacariuS,
1584 1419 1633 1464 et
1654 1413 1838 1467 incon·

228 1487 367 1542 ditos
399 1485 642 1541 homines
673 1485 889 1558 fatigare
918 1483 1138 1539 militiae
1169 1481 1489 1538 muneribus
1517 1487 1736 1557 occepit,
1762 1485 1838 1541 la-

230 1564 412 1617 borem
433 1560 708 1615 insolitum
729 1558 1304 1633 perosi,infirmitatem
1321 1575 1474 1613 suam
1492 1562 1832 1631 reputabant:

229 1639 457 1692 ins-ulam
484 1653 607 1700 esse,
640 1652 797 1705 quam
826 1639 1124 1699 incolerent,
1156 1644 1204 1689 et
1231 1638 1378 1703 lonqe
1403 1635 1736 1691 Germaniam
1755 1642 1838 1692 υἰ-

227 1729 413 1781 resque
460 1714 742 1780 leyionum:
798 1716 1028 1781 direptos
1075 1720 1406 1781 vastatosque
1449 1714 1639 1776 classe,
1681 1716 1838 1767 eliam

230 1804 359 1857 quos
399 1790 628 1840 cohortes
664 1788 881 1857 alaeque
913 1796 1256 1857 protegerent.
1332 1782 1401 1840 Et
1430 1788 1602 1841 aversi
1625 1797 1839 1859 repente

230 1862 426 1917 animi:
470 1878 567 1915 nec
586 1870 763 1915 tamen
782 1871 959 1933 aperta
980 1863 1055 1927 vi,
1080 1870 1265 1933 aptum
1287 1872 1500 1933 tempus
1526 1862 1740 1931 insidiis
1762 1864 1837 1918 le-

228 1953 373 2011 gere.
450 1936 737 2010 DigressiS,
766 1939 863 2009 qui
893 1938 1172 1993 Pacarium
1202 1937 1627 2011 frequentabant,
1657 1938 1838 1993 nudus

230 2020 281 2067 et
310 2011 499 2067 auxilii
529 2014 703 2084 inopS,
727 2010 953 2067 balineis
973 2010 1309 2080 interficitur,
1339 2013 1581 2069 trucidati
1604 2022 1654 2069 et
1673 2015 1840 2069 comi-

232 2099 327 2143 tes,
408 2088 609 2161 Capita,
634 2097 693 2143 ut
715 2088 970 2154 hostium,
994 2088 1102 2161 ipsi
1123 2089 1478 2144 interfectores
1497 2088 1565 2143 ad
1575 2088 1835 2143 Othonem

230 2163 425 2219 tulere:
470 2182 645 2237 neque
674 2180 762 2219 eos
792 2174 883 2219 aut
910 2162 1047 2217 Otho
1075 2165 1312 2236 praemio
1334 2163 1540 2225 adfecit,
1564 2172 1656 2219 aut
1674 2166 1838 2236 puni-
1886 2176 1892 2182 '

234 2241 307 2294 vit
327 2238 593 2305 Vitellius,
625 2240 682 2293 in
705 2238 872 2294 multa
900 2238 1147 2294 conluvie
1168 2257 1344 2295 rerum
1374 2239 1666 2294 maioribus
1688 2238 1838 2315 flagi-

228 2316 317 2369 tiis
337 2318 647 2385 permixtos,

268 2400 271 2403 ’
340 2392 422 2446 47.
466 2392 759 2464 Aperuerat
783 2390 895 2445 iam
926 2386 1152 2456 Italiam,
1184 2388 1499 2463 bellumque
1526 2392 1839 2445 transmise-

230 2474 327 2530 rat,
368 2474 430 2521 ut
456 2484 618 2537 supra
646 2466 1088 2532 memoravimus,
1133 2464 1214 2520 ala
1245 2464 1482 2541 Syllana,
1526 2464 1674 2521 nullo
1695 2466 1838 2538 apud

228 2558 561 2614 quemquam
584 2539 809 2596 Othonis
848 2540 1053 2597 favore:
1098 2560 1196 2596 nec
1233 2542 1361 2613 quia
1388 2540 1662 2597 Vitellium
1703 2542 1838 2596 mal-

232 2616 364 2687 lent3
408 2617 500 2671 sed
520 2611 675 2691 longa
696 2634 801 2689 pax
822 2616 888 2671 ad
906 2634 1066 2672 omne
1085 2618 1366 2673 servitium
1388 2616 1630 2691 fregerat,
1657 2616 1836 2672 faciles

228 2693 613 2764 occupantibus
653 2702 703 2747 et
742 2692 1056 2748 melioribus
1103 2694 1418 2749 incuriosos·
1501 2692 1539 2747 F
1545 2692 1837 2749 lorentissi·

231 2784 383 2823 mum
426 2766 599 2824 [taliae
638 2767 796 2837 latus,
844 2778 1107 2843 quantum
1148 2770 1285 2827 inter
1323 2764 1524 2905 {egum
1568 2767 1836 2843 Alpesque
