2081 3038
224 192 469 288 rcjt.)
609 220 765 271 mn.
812 218 907 271 tv.
950 220 1126 271 cnr.
1169 221 1413 273 62—64.
1723 217 1818 275 244

223 326 437 381 cuniam
458 333 550 379 aut
568 325 843 379 carissima
862 324 1186 397 sibimetipsi
1205 325 1550 382 circumdare.
1594 325 1824 393 Quidam

224 400 473 471 expedire
511 418 679 465 arma,
722 400 951 473 telisque
990 408 1267 473 tamquam
1306 402 1363 455 in
1403 402 1568 456 aciem
1599 403 1824 475 accingi.

225 476 364 531 Haec
394 475 777 530 meditantibus
804 476 1020 531 advenit
1045 475 1415 547 proficiscendi
1443 476 1598 542 bora,
1637 495 1828 549 exspe-

226 552 447 605 ctatione
469 552 683 607 tristior.
744 550 956 623 Quippe
979 552 1114 605 intra
1139 550 1337 605 vallum
1359 550 1662 607 deformitas
1683 552 1826 607 haud

226 625 446 697 perinde
466 626 745 682 notabilis:
787 625 985 681 detexit
1004 626 1358 699 ignominiam
1379 644 1602 698 campus
1623 634 1674 681 et
1690 627 1824 681 dies.

226 700 489 755 Revulsae
514 702 893 772 imperatorum
918 702 1202 775 imagineS,
1236 701 1493 757 inhonora
1519 702 1694 774 signa,
1725 700 1831 756 ful-

225 776 477 849 gentibus
498 776 626 831 hinc
640 775 767 831 inde
778 776 1054 832 Gallorum
1076 775 1319 832 vexillis:
1363 776 1528 831 silens
1549 792 1761 850 agmen,
1781 785 1833 832 et

230 851 373 906 velut
393 851 579 925 longae
598 853 912 923 exsequiae:
954 851 1069 907 dux
1089 850 1348 907 Claudius
1367 850 1611 917 Sanctus,
1642 852 1830 907 effosso
1911 862 1916 867 “

225 925 405 981 oculo:
448 926 599 983 dirus
624 943 734 993 ore,
764 927 979 1001 ingenio
1011 926 1255 983 debilior.
1335 925 1647 999 Duplicatur
1677 926 1828 1001 flagi-

226 1003 382 1067 tium,
405 1011 711 1075 postquam,
733 1002 955 1057 desertis
974 1002 1347 1057 Bonnensibus
1367 1004 1573 1069 castris,
1590 1002 1749 1057 altera
1771 1020 1830 1059 se

226 1077 363 1151 legio
383 1079 686 1135 miscuerat.
728 1078 813 1143 Et,
842 1076 1054 1151 vulgata
1075 1086 1348 1150 captarum
1372 1077 1641 1152 legionum
1665 1078 1824 1143 fama,

223 1154 421 1219 cuncti,
454 1154 551 1226 qui
576 1151 761 1225 paullo
786 1160 905 1207 ante
924 1152 1284 1209 Romanorum
1308 1171 1501 1209 nomen
1521 1154 1823 1219 horrebant,

223 1236 593 1299 procurrentes
624 1245 692 1283 ex
718 1229 863 1301 agris
893 1230 1150 1301 tectisque
1177 1237 1228 1283 et
1248 1229 1489 1302 undique
1507 1230 1662 1285 effusi
1681 1230 1829 1285 inso-

226 1304 316 1359 lito
346 1301 646 1375 spectaculo
676 1303 907 1357 nimium
938 1300 1270 1358 fruebantur.
1347 1304 1466 1359 Non
1495 1304 1615 1360 tulit
1639 1304 1720 1359 ala
1739 1306 1830 1359 Pi-

224 1380 432 1433 centina
462 1378 722 1451 gaudium
755 1376 1062 1431 insultantis
1094 1376 1272 1450 vulgi:
1321 1380 1622 1449 spretisque
1650 1379 1828 1435 Sancti

224 1454 505 1526 promissis
526 1460 617 1506 aut
638 1452 821 1517 minis,
836 1452 1227 1526 Magontiacum
1247 1452 1468 1507 abeunt:
1506 1469 1566 1507 ac
1586 1452 1715 1507 forte
1733 1455 1828 1509 ob—

228 1529 315 1584 vio
334 1527 663 1583 interfectore
682 1527 930 1593 Voculae,
960 1527 1222 1601 Longino,
1253 1529 1502 1583 coniectis
1523 1530 1578 1583 in
1600 1546 1724 1583 eum
1754 1539 1827 1584 te-

227 1603 322 1668 lis,
365 1604 579 1658 initium
621 1602 971 1658 exsolvendae
1006 1605 1064 1658 in
1104 1610 1374 1676 posterum
1415 1601 1602 1675 culpae
1638 1603 1823 1660 secere.

226 1679 505 1753 Legiones,
546 1677 683 1734 nihil
715 1686 917 1734 mutato
944 1679 1150 1744 itinere,
1195 1687 1316 1734 ante
1343 1681 1550 1734 moenia
1575 1680 1828 1735 Trevero-

226 1773 347 1810 rum
370 1754 671 1811 considunt.

336 1834 419 1885 63.
463 1828 652 1886 Civilis
678 1837 728 1883 et
748 1827 1037 1894 ClassicuS,
1067 1827 1228 1884 rebus
1248 1827 1499 1884 secundis
1518 1829 1733 1895 sublati,
1759 1849 1826 1886 an

226 1905 485 1962 coloniam
516 1904 964 1980 Agrippinensem
991 1904 1349 1976 diripiendam
1369 1904 1688 1958 exercitibus
1711 1907 1826 1960 suis

226 1982 605 2054 permitterent,
629 1980 957 2036 dubitavere.
1034 1979 1262 2037 Saevitia
1283 1978 1486 2052 ingenii
1507 1987 1559 2034 et
1576 1980 1828 2050 cupidine

223 2057 447 2130 praedae
487 2056 552 2111 ad
590 2054 859 2111 excidium
898 2055 1128 2111 civitatis
1167 2054 1536 2111 trahebantur:
1587 2055 1826 2109 obstabat

225 2135 354 2189 ratio
374 2131 521 2196 belli,
547 2139 597 2186 et
616 2149 817 2187 novum
839 2131 1129 2202 imperium
1149 2128 1525 2186 inchoantibus
1543 2129 1694 2184 utilis
1721 2129 1828 2184 cle-

224 2209 451 2263 mentiae
478 2211 636 2262 tama.
716 2205 943 2262 Civilem
982 2207 1141 2260 etiam
1179 2205 1424 2259 beneficii
1455 2207 1708 2260 memoria
1733 2204 1827 2260 sse-

224 2284 319 2349 xit,
360 2282 506 2354 quod
536 2281 709 2336 filium
739 2282 877 2346 eius,
920 2281 1096 2353 primo
1123 2283 1305 2336 rerum
1335 2287 1502 2345 motu,
1546 2281 1602 2335 in
1623 2280 1826 2336 colonia

223 2357 604 2432 Agrippinensi
624 2355 1037 2427 deprehensum,
1053 2356 1302 2411 honorate
1318 2355 1692 2411 custodierant.
1723 2355 1827 2410 Sed

224 2433 647 2490 Transrhenanis
664 2433 917 2505 gentibus
944 2433 1118 2487 invisa
1139 2433 1327 2487 civitas
1351 2430 1621 2502 opulentia
1639 2439 1827 2486 auctu-

222 2525 347 2579 que.
426 2507 616 2580 Neque
632 2507 801 2562 alium
822 2506 984 2562 finem
1006 2506 1134 2564 belli
1155 2507 1424 2571 rebantur,
1450 2525 1612 2579 quam
1634 2509 1681 2562 si
1701 2524 1826 2578 pro-

224 2583 431 2638 miscua
448 2600 510 2638 ea
530 2582 683 2638 sedes
700 2581 955 2638 omnibus
975 2582 1261 2639 Germanis
1282 2580 1429 2648 foret,
1454 2591 1564 2648 aut,
1582 2582 1822 2648 disiecta,

224 2657 384 2713 Ubios
404 2675 621 2732 quoque
642 2658 999 2732 dispersisset.

254 2783 261 2791 .
331 2736 414 2789 64.
457 2735 624 2808 Igitur
634 2735 893 2802 Tencteri,
917 2735 1102 2792 Rheno
1121 2732 1346 2865 discrega
1363 2749 1516 2808 gens,
1542 2733 1724 2790 missis
1749 2729 1824 2789 le-
