2081 3038
281 232 391 306 Ἠι
758 210 1407 331 Ἠῐετοιυᾼιιυΐπ

289 374 411 415 sae:
437 360 560 431 ipse
572 358 886 415 Ravennam
907 358 1159 419 devertit,
1185 366 1465 429 praetexto
1484 358 1715 413 classem
1738 358 1895 416 adlo-

290 434 523 507 quendi.
571 436 696 490 Mox
725 435 934 491 Patavii
965 444 1237 489 secretum
1265 432 1673 505 componendae
1702 436 1895 507 prodi-

291 512 458 566 tionis
495 512 829 581 quaesitum.
908 510 1159 580 Namque
1206 508 1456 563 Lucilius
1493 508 1721 574 BassuS,
1769 520 1895 582 post

289 583 688 658 praefecturam
735 587 882 649 alae,
929 584 1231 639 Ravennati
1278 584 1445 638 simul
1486 602 1549 638 ac
1594 584 1893 641 Misenensi

289 662 565 716 classibus
611 679 640 714 a
685 658 902 716 vitellio
941 662 1315 731 praeposituS‚
1366 659 1515 731 quod
1558 677 1663 714 non
1706 661 1894 717 statim

293 736 687 807 praefecturam
709 736 966 808 praetorii
983 734 1216 806 adeptus
1238 734 1391 798 foret,
1408 736 1656 806 iniquam
1679 736 1894 791 iracun-

289 812 438 867 diam
461 806 727 885 flagitiosa
749 810 978 883 perfidia
999 809 1388 864 ulciscebatur.
1409 811 1521 863 Nec
1541 812 1672 864 sciri
1692 818 1891 883 potest,

293 890 588 941 traxeritne
611 886 899 941 Caecinam
918 926 932 948 ‚
963 901 1029 940 an
1054 884 1221 957 (quod
1246 886 1431 938 evenit
1452 886 1596 939 inter
1618 886 1808 951 maloS‚
1834 895 1897 943 ut

291 973 345 1017 et
371 962 585 1015 similes
613 962 754 1032 sint)
781 960 980 1015 eadem.
1001 959 1129 1015 illos
1158 961 1399 1031 pravitas
1427 961 1711 1031 inpulerit.

413 1042 525 1092 lot.
565 1036 872 1107 Scriptores
910 1046 1245 1106 temporum,
1288 1036 1387 1107 qui
1428 1037 1670 1107 potiente
1708 1045 1895 1091 rerum

295 1112 480 1167 Flavia
513 1110 702 1174 domu,
749 1120 1101 1166 monumenta
1138 1110 1273 1165 belli
1305 1108 1537 1165 huiusce
1568 1128 1896 1182 composue-

293 1197 436 1243 runt.
465 1202 644 1240 curum
671 1194 821 1253 pacis
847 1196 892 1240 et
913 1202 1141 1240 amorem
1160 1188 1493 1253 reipublicae,
1520 1196 1814 1258 conruptas
1836 1188 1897 1242 in

292 1260 661 1314 adulationem
679 1301 692 1322 ‚
729 1276 942 1315 caussas
970 1260 1265 1315 tradidere.
1325 1261 1529 1325 Nobis,
1557 1278 1726 1334 super
1753 1262 1901 1316 insi-

292 1347 398 1390 tam
434 1338 728 1399 levitatem,
767 1344 839 1399 et,
873 1336 1087 1407 prodito
1118 1336 1311 1401 Galba,
1346 1334 1515 1389 vilem
1546 1351 1674 1391 mox
1706 1335 1894 1404 fidem,

292 1413 659 1466 aemulatione
688 1414 855 1466 etiam
887 1411 1232 1482 invidiaque,
1267 1425 1334 1464 ne
1370 1410 1441 1465 ab
1470 1411 1596 1465 aliis
1627 1411 1775 1485 apud
1797 1413 1901 1467 vi-

293 1489 506 1544 tellium
535 1488 851 1553 anteit-etur,
888 1488 1219 1560 pervertisse
1248 1486 1433 1558 ipsum
1465 1486 1705 1542 videtur.
1760 1484 1901 1544 Cae·-

291 1567 444 1626 cina‚
483 1564 726 1638 legiones
756 1561 1079 1626 adseclam,
1122 1563 1504 1617 centurionum
1544 1559 1901 1636 militumque

293 1642 533 1700 animos,
573 1639 878 1694 obstinatos
908 1656 1006 1710 pro
1037 1638 1287 1701 Vitellio,
1319 1638 1489 1693 variis
1518 1638 1732 1692 artibus
1761 1639 1904 1694 sub-

291 1716 511 1769 ruebat:
562 1715 726 1769 Basso
748 1715 936 1768 eadem
963 1713 1212 1768 molienti
1236 1713 1413 1768 minor
1434 1711 1736 1767 difficultas
1756 1724 1895 1780 erat,

295 1791 506 1846 lubrica
544 1789 610 1844 ad
652 1789 968 1844 mutandam
1013 1787 1177 1842 iidem
1218 1787 1422 1853 classe,
1462 1787 1534 1842 ob
1576 1789 1903 1844 memoriam

293 1866 527 1922 recentis
555 1883 654 1938 pro
679 1865 892 1920 Othone
919 1865 1172 1920 militiae.

865 2029 1321 2064 &ocensis—-

713 2163 987 2222 LIBER
1066 2161 1483 2221 TERTIUS.

393 2359 740 2399 Breviarium.
787 2359 894 2408 Cap.
923 2361 962 2400 1.
987 2359 1203 2398 Flavianis
1222 2358 1277 2397 de
1300 2360 1465 2398 rationo
1492 2358 1595 2398 bem
1620 2359 1901 2402 daubei-snti-

292 2426 372 2464 bus
392 2435 550 2464 moram
571 2427 656 2470 alii,
689 2429 728 2467 2.
745 2428 1058 2466 festinationem
1070 2426 1283 2464 Antonius
1298 2425 1465 2464 Primus
1482 2425 1637 2466 suadet
1666 2427 1706 2466 3.
1722 2432 1766 2467 et
1784 2427 1900 2468 obtr-

290 2499 377 2530 net.
421 2495 460 2530 4.
489 2493 686 2532 Proxima
707 2493 834 2533 Corn.
856 2494 980 2533 Fusci
999 2495 1247 2532 auctoritas.
1292 2494 1330 2532 5.
1360 2493 1577 2541 Principes
1604 2493 1900 2534 Sarmatarum

289 2558 494 2606 Iazygum
516 2561 558 2598 in
578 2563 872 2601 commilitium
899 2562 1067 2600 adsciti.
1113 2559 1213 2598 Sido
1233 2563 1277 2598 et
1302 2559 1478 2598 Italicus
1505 2558 1749 2600 Suevorum-
1772 2571 1901 2610 reges

279 2625 414 2662 ἠοω
445 2625 486 2663 in
515 2633 672 2674 partes.
717 2627 757 2668 ⁶.
776 2631 816 2668 7.
841 2628 1029 2668 Antonio
1056 2627 1223 2666 Italiam
1251 2625 1469 2664 invadenti
1496 2637 1641 2666 comes
1660 2631 1729 2666 est
1746 2627 1904 2667 Arrius

415 2701 445 2729 -ι,
492 2689 646 2732 Multas
674 2696 802 2734 nrbes
827 2700 1053 2744 occupant.
1105 2695 1145 2734 8.
1172 2691 1343 2732 Verona
1368 2691 1415 2732 flt
1442 2693 1540 2732 belli
1567 2694 1709 2734 sedes.
1757 2695 1903 2735 Mox-sn

466 2765 541 2796 aut
557 2769 653 2800 sero
672 2768 850 2802 nectunt
867 2761 1156 2810 Vespasianus
1175 2767 1220 2799 et
1236 2758 1473 2799 Mucianus.
1508 2761 1548 2800 9.
1567 2759 1746 2800 Interim
1766 2762 1902 2802 ducos

477 2825 671 2872 epistolis
697 2828 859 2868 bellum
889 2831 1057 2878 gerunt.
1112 2825 1175 2866 10.
1202 2827 1250 2866 Τ.
1276 2823 1456 2877 Ampius
1480 2825 1731 2878 Flavianus,
1770 2829 1903 2868 militi
