2081 3038
295 258 360 309 ⁴2
845 260 1325 307 ANNALIUM
1619 251 1765 326 (μυ.
1791 262 1897 311 m.

295 382 326 417 n
336 363 430 417 uit.
481 359 728 430 Necideo
745 361 880 417 iram
903 362 1022 417 eius
1044 360 1250 425 lenivit,
1272 358 1481 431 pridem
1502 360 1735 426 invisus,
1758 366 1903 417 tam·-

291 454 454 509 quam
473 478 486 501 ,
517 436 674 491 ducta
702 437 759 490 in
791 437 1192 492 matrimonium
1214 436 1499 507 Vipsania,
1530 434 1901 509 M.'Agrippae

295 510 400 565 filia
418 552 430 575 ,
473 527 614 582 quae
641 511 912 583 quondam
944 512 1142 565 Tiberii
1172 526 1309 567 uxor
1336 510 1533 576 fuerat,
1572 509 1698 581 plus
1726 528 1897 582 quam

292 586 470 641 civilia
502 587 748 659 agitaret,
793 586 1153 657 Pollionisque
1180 585 1385 660 Asinii,
1416 586 1614 656 patriai,
1646 585 1895 641 ferociam

292 662 553 717 retineret.

405 738 488 791 13.
531 738 654 791 Post
672 753 812 808 quae
831 737 891 790 L.
917 735 1207 791 Arruntius
1222 776 1236 800 ,
1268 734 1415 789 haud
1442 734 1677 789 multum
1695 734 1899 789 discre-

293 830 427 883 pans
466 831 498 865 a
535 812 674 867 Galli
713 812 976 877 oratione,
1019 810 1242 881 perinde
1278 810 1519 867 offendit:
1562 827 1896 883 quamquam

293 887 504 943 Tiberio
543 886 690 940 nulla
728 893 883 940 vetus
923 888 980 941 in
1009 886 1328 941 Arruntium
1368 887 1473 955 ira;
1516 885 1612 941 sed
1649 884 1894 951 divitem,

293 970 600 1033 promptum
616 1003 629 1027 ,
661 960 866 1015 artibus
887 960 1117 1035 egregiis
1136 968 1189 1015 et
1208 961 1323 1031 pari
1346 960 1484 1015 fama
1515 960 1760 1033 publice,
1802 978 1900 1015 su·-

293 1037 576 1109 spectabat.
657 1034 868 1107 Quippe
895 1038 1204 1109 Augustus,
1246 1037 1517 1107 supremis
1555 1035 1897 1092 sermonibus

293 1129 418 1165 cum
447 1119 720 1175 tractaret,
747 1112 971 1182 quinam
999 1110 1225 1182 adipisci
1254 1111 1551 1181 principem
1582 1110 1758 1165 locum
1780 1109 1898 1165 sus-

296 1186 478 1241 fecturi
501 1186 819 1249 abnuerent,
852 1196 946 1240 aut
964 1187 1199 1257 impares
1222 1184 1442 1250 vellent,
1480 1186 1565 1241 vel
1588 1186 1751 1239 iidem
1771 1202 1898 1257 pos-

293 1271 412 1315 sent
439 1269 800 1331 cuperentque
817 1303 829 1326 ,
871 1263 944 1316 M.
975 1263 1225 1328 Lepidum
1252 1260 1458 1315 dixerat
1498 1278 1767 1329 capacem,
1808 1264 1897 1314 sed

292 1344 654 1404 aspernantem
663 1356 681 1404 ;
729 1337 939 1390 Gallum
963 1336 1205 1391 Asinium
1234 1340 1474 1401 avidum,
1504 1340 1594 1389 sed
1621 1340 1894 1403 ηιίηονεηις

295 1410 351 1465 L.
374 1412 686 1465 Arruntium
705 1428 808 1465 non
827 1416 1122 1479 indiqnum,
1146 1420 1212 1475 et,
1234 1415 1284 1467 si
1304 1428 1457 1465 casus
1474 1416 1709 1472 daretur,
1732 1426 1894 1465 ausu·

293 1502 431 1542 rum.
509 1486 584 1540 De
603 1485 872 1558 prioribus
891 1485 1245 1542 consentitur:
1286 1503 1385 1558 pro
1404 1484 1656 1542 Arruntio
1674 1483 1895 1557 quidam

295 1561 392 1616 Cn.
415 1562 662 1618 Pisonem
693 1558 976 1630 tradidere3
1019 1579 1346 1634 omnesque,
1376 1569 1582 1633 praeter
1609 1558 1895 1632 Lepidum,

294 1639 459 1693 variis
481 1655 608 1692 mox
637 1637 956 1691 criminibus
973 1679 986 1702 ,
1017 1645 1256 1692 struente
1274 1636 1513 1702 Tiberio,
1546 1636 1898 1690 circumventi

293 1720 437 1781 sunt.
517 1713 690 1766 Etiam
715 1711 778 1776 Q.
803 1713 1047 1766 Haterius
1067 1720 1121 1767 et
1138 1713 1435 1768 Mamercus
1456 1712 1689 1766 Scaurus
1718 1711 1900 1780 suspi-

294 1805 471 1842 cacem
500 1788 742 1841 animum
773 1788 1158 1856 perstrinxere:
1204 1788 1478 1852 HateriuS‚
1502 1803 1629 1841 cum
1649 1784 1895 1850 dixisset,

299 1863 573 1930 Quousque
589 1865 832 1928 patieris,
851 1861 1089 1924 ‚Cae-sar,
1120 1881 1225 1918 non
1249 1867 1429 1918 adesse
1452 1871 1607 1930 eaput
1627 1865 1708 1916 rei
1725 1863 1901 1936 publi-

297 1935 424 1992 cae?
443 1936 694 2001 Scaurus,
719 1937 848 2007 quia
866 1935 1091 2002 dixerat,
1112 1955 1254 2005 spem
1272 1955 1377 1992 esse
1396 1956 1465 1992 ex
1486 1955 1560 2001 ee,
1583 1953 1689 1990 non
1707 1939 1903 1990 inritas

294 2017 405 2082 sore
423 2021 632 2066 senatus
649 2028 850 2080 precer,
885 2016 1021 2080 quod
1040 2015 1287 2068 relationi
1308 2015 1575 2068 consulum
1594 2016 1711 2066 iure
1730 2015 1901 2066 tribu-

296 2093 466 2144 niciae
483 2090 757 2156 potestatis
776 2103 879 2142 mm
899 2089 1283 2142 intercessisset.
1342 2089 1403 2142 In
1424 2087 1697 2142 Haterium
1718 2086 1901 2142 statim

296 2165 539 2218 invectus
567 2168 674 2229 est;
703 2159 995 2226 Scaurum,
1027 2162 1118 2216 cui
1138 2161 1533 2234 implacabilius
1550 2161 1901 2228 irascebatur,

296 2237 508 2292 silentio
529 2237 783 2292 tramisit:
807 2234 1092 2308 fessusque
1112 2237 1340 2292 clamore
1358 2237 1624 2302 omnium,
1648 2245 1906 2308 expostu-

297 2312 490 2368 latione
516 2310 884 2384 singulorum,
919 2309 1064 2366 flexit
1091 2312 1400 2383 paullatim,
1432 2329 1539 2367 non
1570 2321 1629 2366 ut
1654 2310 1906 2368 fateretur

297 2387 501 2457 suscipi
529 2404 559 2441 a
587 2403 645 2442 se
671 2385 960 2457 imperium
976 2428 990 2451 ,
1019 2387 1116 2442 sed
1136 2395 1195 2441 ut
1214 2404 1407 2460 negare
1426 2396 1479 2440 et
1497 2387 1670 2459 rogari
1688 2385 1909 2440 desine-

298 2470 395 2515 ret.
475 2461 708 2525 Constat,
731 2461 1002 2528 Haterium
1018 2503 1031 2526 ,
1056 2479 1180 2516 cum
1200 2461 1521 2532 deprecandi
1540 2478 1733 2516 caussa
1750 2460 1905 2532 pala-

298 2535 436 2590 tium
455 2536 751 2600 introisset,
775 2534 1210 2607 ambulantisque
1226 2537 1428 2597 ,Tiberii
1448 2533 1621 2610 genua
1653 2533 1909 2593 advolve-
1976 2557 1981 2560 ·
2067 2521 2068 2537 ¹

299 2617 470 2674 retur,
510 2626 675 2680 prope
703 2626 734 2664 a
763 2609 1026 2664 militi-bus
1054 2609 1387 2666 interfectum
1406 2653 1419 2676 ,
1462 2612 1607 2682 quia·
1632 2609 1907 2676 Tiberius,

299 2701 428 2738 casu
455 2701 526 2736 an
555 2683 807 2739 manibus
837 2685 954 2738 eius
983 2685 1303 2756 impeditus,
1324 2686 1635 2758 prociderat.
1717 2677 1912 2756 Neque

301 2768 474 2814 tamen
503 2757 741 2830 periculo
767 2757 888 2814 talis
917 2757 1018 2816 viri
1042 2758 1316 2833 mitigatus
1334 2769 1445 2827 est,
1474 2760 1641 2824 donec
1656 2759 1913 2817 Haterius
