2081 3038
258 223 359 280 2³2
741 226 1391 275 HISTORIARUM
1580 184 1855 292 (smne

259 344 461 386 morem
494 344 679 385 eorum
706 326 849 383 idem
879 336 1158 401 usurpant.
1237 330 1348 383 Nec
1376 328 1676 400 quidquam
1705 328 1858 401 prius

256 404 577 469 inbuuntur,
620 420 784 477 quam
822 413 1159 461 contemnere
1193 402 1338 470 deos,
1379 420 1574 459 exuere
1608 404 1852 475 patriam,

256 488 523 553 parentes,
548 478 761 544 liberos,
789 476 973 534 fratres
1026 477 1155 535 vilia
1181 478 1392 534 habere.
1471 478 1762 553 Augendae
1781 486 1859 533 ta-

258 573 383 611 men
406 553 737 611 multitudini
759 554 1073 609 consulitur.
1098 554 1234 609 Nam
1255 562 1306 609 et
1327 570 1512 609 necare
1525 570 1857 626 quemquam

258 648 325 687 ex
354 631 617 704 adgnatiS‚
662 628 836 685 nefas:
880 632 1197 701 animasque
1223 628 1423 700 proelio
1453 638 1548 683 aut
1575 628 1859 699 suppliciis

258 716 654 779 peremptorum
682 714 917 759 aeternas
946 712 1153 776 putant.
1235 704 1370 759 Hinc
1394 705 1683 778 generandi
1713 720 1859 758 amor

259 791 309 837 et
328 782 589 837 moriendi
610 781 962 851 oonoemptus.
1043 779 1274 851 Corpora
1293 780 1536 844 condere,
1559 797 1726 851 quam
1745 778 1860 834 cre-

262 875 424 922 mare,
450 874 479 911 e
501 874 646 911 more
665 855 954 929 Aegyptio:
998 854 1292 927 eademque
1309 872 1455 919 cura,
1479 862 1530 909 et
1548 856 1614 908 de
1636 853 1858 909 infernis

257 933 553 1005 persuasio,
603 930 922 985 Coelestium
947 938 1144 985 contra.
1199 929 1448 1003 Aegyptii
1469 929 1724 1002 pleraque
1742 930 1861 984 ani·-

261 1007 419 1063 malia
440 1006 753 1079 effigiesque
770 1006 1090 1077 compositas
1109 1014 1427 1060 venerantur
1443 1023 1454 1071 ;
1485 1004 1662 1058 ludaei
1683 1012 1860 1059 mente

258 1082 367 1138 sola
391 1096 672 1151 unumque
694 1096 893 1135 numen
918 1080 1250 1153 intelligunt:
1291 1079 1557 1151 profanos,
1579 1081 1678 1151 qui
1695 1078 1858 1134 deum

257 1158 523 1228 imagines
552 1154 867 1210 mortalibus
896 1156 1134 1210 materiis
1162 1156 1221 1210 in
1251 1156 1458 1226 species
1479 1154 1760 1209 hominum
1781 1153 1862 1209 ef·

260 1230 487 1303 fingant:
530 1246 810 1285 summum
846 1228 981 1285 illud
1020 1238 1072 1285 et
1098 1239 1371 1286 aeternum
1401 1246 1578 1302 neque
1603 1229 1862 1285 mutabile

258 1322 434 1377 neque
472 1306 833 1361 interiturum.
914 1306 1082 1379 igitur
1119 1305 1268 1363 nulla
1304 1304 1589 1361 simulacra
1629 1305 1861 1359 urbibus

258 1383 393 1445 suis,
427 1380 623 1437 nedum
657 1380 889 1452 templis»,
918 1383 1123 1436 sinunt.
1203 1383 1321 1437 Non
1340 1382 1557 1455 regibus
1579 1380 1710 1435 haec
1727 1381 1864 1434 adu-

260 1454 399 1519 latio,
432 1474 537 1513 non
569 1455 886 1512 Caesaribus
917 1456 1104 1513 honor.
1183 1455 1286 1511 Sed
1313 1458 1445 1529 quia
1459 1455 1752 1510 sacerdotes
1771 1472 1861 1509 eo-

258 1551 381 1588 rum
402 1533 530 1588 tibia
556 1534 934 1606 tympanisque
952 1532 1314 1596 concinebant,
1340 1531 1528 1585 hedera
1551 1530 1863 1585 vincieban-

261 1616 364 1671 tur,
405 1610 641 1679 vitisque
680 1625 837 1662 aurea
880 1606 1076 1678 templo
1105 1615 1325 1677 reperta,
1367 1605 1622 1660 Liberum
1650 1606 1860 1660 Patrem

258 1681 379 1746 coli,
402 1682 715 1738 domitorem
726 1681 1212 1753 Orientis‚q11idam
1233 1681 1466 1736 arbitrati
1485 1687 1630 1745 sunt,
1655 1697 1758 1752 neq
1767 1699 1864 1735 ua-

258 1774 423 1828 quam
462 1757 878 1830 congruentibus
918 1757 1202 1811 institutis:
1263 1756 1466 1827 quippe
1502 1755 1659 1809 Liber
1699 1755 1860 1810 festos

259 1829 529 1962 laeltosque
557 1833 691 1888 ritus
720 1833 923 1904 posuit3
966 1830 1283 1885 Iudaeorum
1313 1847 1429 1886 mos
1457 1829 1724 1885 absurdus
1746 1848 1862 1885 sor-

257 1906 313 1960 di
356 1925 419 1962 us
459 1924 545 1962 ue.
1828 1945 1838 1953 .

368 1926 621 2036 6.qTerra
650 1981 909 2052 finesque,
939 1998 1047 2052 qua
1077 1979 1144 2037 ad
1166 1979 1435 2036 Orientem
1458 1987 1704 2054 vergunt,
1729 1981 1862 2036 Ara-

260 2057 345 2112 bia
377 2057 755 2124 terminantur;
798 2073 828 2110 a
858 2055 1082 2111 meridie
1109 2055 1386 2129 Aegyptus
1413 2055 1640 2124 obiacet;
1684 2056 1752 2110 ab
1770 2073 1860 2111 oc-

258 2150 384 2187 casu
408 2132 695 2186 Phoenices
715 2139 765 2186 et
792 2147 962 2199 mare;
1001 2132 1416 2202 septentrionem
1436 2125 1468 2185 a
1494 2130 1655 2184 latere
1673 2129 1859 2203 Syriae

260 2207 415 2280 longe
444 2214 791 2278 prospectant.
871 2206 1100 2278 Corpora
1129 2207 1412 2262 hominum
1441 2205 1677 2272 salubria
1707 2213 1760 2260 et
1783 2203 1860 2258 fe-

259 2285 423 2336 rentia
446 2281 707 2338 laborum.
788 2281 908 2336 Rari
950 2279 1170 2346 imbres,
1209 2281 1344 2336 uber
1375 2280 1570 2336 solum.
1651 2281 1858 2354 Fruges

260 2365 499 2409 nostrum
531 2356 596 2410 ad
624 2374 853 2412 morem:
896 2365 1211 2427 praeterque
1237 2373 1326 2410 eas
1351 2355 1652 2411 balsamum
1673 2363 1724 2410 et
1743 2353 1859 2425 pal-

258 2445 393 2481 mae.
458 2428 707 2484 Palmetis
726 2432 1009 2501 proceritas
1032 2438 1085 2482 et
1101 2430 1272 2484 decor.
1323 2430 1630 2485 Balsamum
1649 2431 1858 2485 modica

256 2501 437 2556 arbor:
482 2511 541 2556 ut
568 2505 805 2575 quisque
831 2521 1013 2558 ramus
1045 2503 1320 2567 intumuit,
1352 2505 1399 2556 si
1424 2507 1534 2557 vim
1557 2503 1682 2559 ferri
1701 2504 1858 2559 adhi-

256 2573 403 2638 beas,
443 2583 641 2644 pavent
657 2595 849 2646 venae;
892 2576 1154 2649 fragmine
1180 2575 1374 2647 lapidis
1400 2585 1494 2631 aut
1523 2585 1651 2632 testa
1681 2579 1856 2648 aperi-

258 2652 447 2700 untur:
490 2648 686 2704 humor
721 2652 781 2705 in
815 2669 921 2706 usu
958 2651 1286 2706 medentium
1323 2658 1418 2704 est.
1501 2652 1853 2722 Praecipuum

255 2718 515 2774 montium
538 2721 807 2790 Libanum
828 2725 1001 2796 erigit,
1022 2725 1226 2780 mirum
1243 2724 1408 2790 dictu,
1421 2731 1594 2780 tantos
1611 2727 1749 2780 inter
1767 2741 1855 2777 ar·-
