2081 3038
277 214 373 265 ⁴88
755 214 1400 261 HISTORIARUM
1603 204 1874 279 (A.u.823.

272 319 386 383 Ille,
413 325 472 373 ut
507 318 705 390 cuique
731 318 1062 389 proximum,
1091 315 1287 371 vastari
1303 314 1468 370 Ubios
1488 316 1872 387 Treverosque,

274 401 323 449 et
350 393 509 447 aliam
538 410 761 447 manum
794 394 996 448 Mosam
1015 408 1228 446 amnem
1249 393 1476 445 transire
1495 390 1662 455 iubet,
1685 399 1746 444 ut
1764 391 1877 445 Me-

273 470 461 540 napios
478 476 531 521 et
549 469 781 523 Morinos
797 476 853 523 et
868 476 1102 523 extrema
1115 464 1414 521 Galliarum
1431 472 1688 539 quateret.
1717 466 1878 520 Actae

272 545 557 615 utrobique
574 543 828 615 praedee3
872 542 1122 598 infestius
1149 541 1209 595 in
1227 541 1402 607 Ubiis,
1426 541 1572 614 quod
1588 557 1722 615 gens
1743 541 1879 597 Ger-

271 621 512 675 manicae
538 620 783 693 originis,
814 620 1012 673 eiurata
1042 617 1230 689 patria,
1261 617 1623 673 Romanorum
1658 634 1874 682 nomen,

271 695 712 769 Agrippinenses,
741 701 1072 749 vocarentur.
1141 691 1335 747 Caesae
1349 692 1590 749 cohot'tes
1607 708 1792 748 eorum
1815 693 1877 747 in

271 771 390 826 vico
417 770 746 835 Marcoduro,
779 769 1104 824 incuriosius
1131 775 1366 840 agenoee,
1397 769 1526 841 quia
1549 768 1734 839 procul
1757 768 1878 839 ripa

270 846 505 901 aberant.
568 847 677 900 Nec
694 844 947 916 quievere
966 844 1108 908 Ubii,
1133 844 1426 915 quominus
1445 834 1665 915 praedes
1690 860 1720 897 e
1739 843 1880 898 Ger-

272 922 449 977 mania
496 927 759 993 peterent:
830 921 1006 991 primo
1051 919 1282 990 inpune3
1352 919 1477 975 dein
1521 919 1879 976 circumventi

272 1005 425 1065 sunt3
467 1013 563 1067 per
590 1012 749 1051 omne
778 995 832 1050 id
852 994 1056 1051 bellum
1076 994 1296 1049 meliore
1321 995 1410 1049 usi
1433 992 1555 1059 fide,
1576 1010 1743 1066 quam
1767 993 1881 1048 for-

272 1080 418 1127 tuna.
495 1071 743 1126 Contusis
764 1070 935 1135 Ubiis,
958 1071 1172 1143 gravior
1189 1076 1242 1124 et
1261 1086 1516 1125 successu
1533 1086 1714 1123 rerum
1735 1067 1884 1125 fam-

237 1214 250 1220 ,
268 1146 377 1201 cior
406 1144 615 1208 Civilis,
644 1144 917 1199 obsidium
947 1144 1219 1219 legionum
1247 1145 1497 1218 urgebat:
1541 1145 1756 1199 intentis
1777 1160 1882 1197 cu·-

269 1220 476 1285 stodiis,
490 1236 559 1274 ne
576 1220 703 1290 quis
720 1219 963 1275 occultus
984 1221 1207 1275 nuntius
1217 1221 1479 1275 venientis
1498 1218 1689 1275 auxilii
1709 1236 1883 1290 pene-

269 1302 445 1349 traret.
524 1294 798 1349 Machinas
827 1295 1134 1367 molemque
1159 1312 1382 1367 operum
1403 1295 1614 1351 Batavis
1624 1294 1874 1367 delegat:

268 1368 731 1435 Transrhenanos,
772 1370 1035 1442 proelium
1071 1372 1364 1441 poscentis,
1403 1370 1472 1425 ad
1514 1369 1878 1425 scindendum

268 1445 471 1501 vallum
502 1446 599 1512 ire,
630 1446 985 1517 detrusosque
1011 1445 1368 1518 redintegrare
1395 1453 1660 1500 certamen
1689 1445 1874 1513 iubet3

268 1530 551 1594 superante
578 1522 923 1578 multitudine
948 1529 999 1576 et
1024 1518 1168 1576 facili
1187 1521 1400 1578 damno·
1480 1522 1590 1578 Nec
1607 1521 1772 1578 finem
1795 1519 1880 1575 la-

265 1598 380 1652 bori
400 1615 506 1652 nox
524 1597 730 1652 adtulit.

376 1675 461 1728 29.
522 1672 799 1746 Congestis
838 1671 1044 1726 circum
1083 1669 1248 1744 lignis
1286 1671 1659 1744 accensisque,
1702 1672 1874 1726 simul

266 1746 575 1818 epulantes,
614 1755 675 1802 ut
710 1749 944 1820 quisque
984 1747 1112 1801 vino
1149 1745 1467 1811 incaluerat,
1513 1747 1582 1802 ad
1627 1764 1874 1820 pugnam

267 1823 555 1878 temeritate
600 1822 749 1878 inani
794 1821 1114 1878 ferebantur.
1214 1820 1426 1894 Quippe
1473 1823 1714 1893 ipsorum
1762 1821 1874 1878 tela

264 1915 360 1970 per
388 1899 632 1953 tenebras
671 1916 836 1954 vana:
877 1890 1102 1952 Romani
1139 1898 1484 1970 conspicuam
1519 1897 1871 1954 harbarorum

265 1975 454 2038 aciem,
486 1982 555 2038 et,
578 1975 773 2045 siquis
791 1971 1011 2028 audacia
1039 1981 1132 2028 aut
1151 1972 1458 2046 insignibus
1487 1971 1766 2046 effulgenS,
1801 1974 1874 2028 ad

264 2050 430 2105 ictum
452 2047 803 2104 destinabant.
866 2046 1196 2104 Intellectum
1217 2049 1274 2104 id
1293 2046 1485 2104 Civili:
1528 2055 1597 2113 et,
1620 2048 1874 2104 restincto

263 2126 408 2198 igne,
450 2123 663 2178 misceri
702 2130 891 2177 oilncta
929 2123 1162 2178 tenebris
1201 2133 1252 2178 et
1285 2124 1452 2177 armis
1480 2123 1644 2178 iubet.
1725 2124 1868 2179 Tum

266 2213 389 2253 vero
426 2199 679 2269 strepitus
706 2197 931 2262 dissoni,
972 2208 1130 2253 casus
1159 2199 1366 2262 incerti,
1409 2215 1588 2269 neque
1619 2197 1868 2263 feriendi,

265 2290 440 2344 neque
464 2273 761 2328 declinandi
781 2272 1130 2344 providentia.
1199 2273 1349 2328 Unde
1368 2272 1566 2329 clamor
1585 2273 1866 2339 acciderat,

262 2348 623 2419 circumagere
656 2364 893 2418 corpora,
937 2347 1151 2402 tendere
1179 2365 1353 2404 arcus.
1433 2346 1581 2404 Nihil
1614 2350 1872 2420 prodesse

264 2424 456 2487 virtue,
497 2423 602 2477 fors
626 2432 818 2479 cuncta
845 2423 1064 2478 turbare
1079 2464 1091 2486 ,
1135 2431 1186 2478 et
1211 2424 1531 2497 ignavorum
1559 2441 1718 2494 saepe
1746 2426 1872 2482 telis

263 2495 541 2552 fortissimi
582 2497 789 2554 cadem.
868 2497 1028 2570 Apud
1077 2497 1370 2554 Germanos
1415 2498 1714 2556 inconsulta
1751 2502 1864 2559 ira:

262 2571 533 2626 Romanus
559 2572 734 2637 miles,
776 2571 1138 2644 periculorum
1165 2591 1388 2647 gnarus,
1429 2572 1648 2630 ferratas
1675 2576 1868 2643 sudeS,

261 2645 445 2714 gravia
464 2661 611 2710 saxa,
634 2663 740 2703 non
760 2647 892 2704 forta
910 2647 1150 2704 iaciebat.
1193 2649 1295 2706 Ubi
1316 2666 1484 2706 sonus
1503 2649 1868 2718 molientium,

262 2723 353 2768 aut
372 2717 639 2787 adpositae
656 2721 831 2778 scalae
849 2723 1056 2780 hostem
1077 2723 1135 2778 in
1153 2741 1349 2780 manns
1365 2723 1638 2790 dederant,
1650 2728 1874 2797 propel-
