2081 3038
172 209 299 248 με.
327 188 423 265 το.)
607 199 765 244 mn.
805 200 845 246 1.
886 199 1067 246 car.
1107 197 1349 245 43—45.
1711 191 1780 250 27

172 299 356 358 Pisoni
380 297 639 373 effugium
659 299 822 355 dedit.
892 299 1017 356 Piso
1036 298 1096 355 in
1115 299 1299 354 aedem
1318 299 1508 356 Vestae
1525 302 1777 374 pervasit,

174 384 540 450 exceptusque
567 374 929 431 misericordia
956 375 1162 447 publici
1193 376 1336 430 servi
1365 385 1418 430 et
1435 377 1782 435 contubernio

175 453 295 510 eius
317 451 551 516 abditus,
575 469 677 506 non
701 451 956 524 religione
974 468 1072 506 nec
1089 451 1448 514 caerimoniis,
1471 453 1564 507 sed
1587 452 1782 508 latebra

173 528 451 586 inminens
488 527 713 582 exitium
752 525 1052 582 differebat:
1113 543 1238 580 cum
1277 526 1536 581 advenere
1551 570 1563 592 ,
1609 529 1782 583 missu

176 603 423 668 Othonis,
448 603 763 658 nominatim
786 604 844 657 in
864 601 1080 656 caedem
1097 603 1216 657 eius
1237 601 1496 665 ardenteS,
1510 601 1782 674 Sulpicius

174 679 389 746 Florus,
413 695 442 734 e
460 677 779 734 Britannicis
799 677 1126 743 cohortibus,
1149 695 1322 749 nuper
1342 695 1370 731 a
1384 675 1552 732 Galba
1573 680 1785 732 civitate

175 757 424 820 donatae,
455 762 507 810 et
532 752 731 810 Statius
751 753 989 819 Murcus,
1016 752 1343 824 speculator:
1385 771 1416 808 a
1437 753 1642 826 quibus
1662 771 1784 825 pro-

174 841 375 889 tractus
395 831 536 896 Piso,
558 831 617 886 in
640 829 844 886 foribus
864 828 1046 900 templi
1071 829 1381 884 trucidatur.

289 909 373 964 tt.
415 905 634 962 Nullam
659 906 873 962 caedem
895 903 1032 960 Otho
1053 906 1251 960 maiore
1274 904 1465 960 laetitia
1487 905 1782 976 excepisse,

176 981 389 1040 nullum
410 991 569 1056 caput
588 991 697 1038 tam
717 981 1112 1037 insatiabilibus
1131 979 1302 1036 oculis
1323 980 1676 1053 perlustrasse
1699 980 1786 1035 di-

174 1060 337 1115 citur:
381 1075 477 1114 seu
498 1067 615 1114 tum
634 1059 875 1130 primum
898 1056 1068 1112 levata
1088 1057 1234 1112 omni
1251 1056 1609 1113 sollicitudine
1629 1073 1782 1112 mens

173 1151 361 1191 vacare
397 1134 595 1210 gaudio
632 1143 899 1206 coeperat:
951 1150 1047 1188 seu
1087 1132 1376 1189 recordatio
1403 1135 1695 1188 maiestatis
1725 1133 1781 1188 in

174 1210 363 1277 Galba,
378 1210 641 1266 amicitiae
663 1210 719 1266 in
731 1210 792 1264 Τ.
809 1209 985 1274 Vinio,
1000 1211 1252 1281 quamvis
1274 1210 1517 1264 inmitem
1536 1211 1782 1265 animum

172 1289 409 1361 imagine
429 1287 567 1342 tristi
583 1285 918 1342 confuderat:
942 1285 1172 1350 Pisonis,
1188 1293 1247 1339 ut
1265 1285 1473 1340 inimici
1494 1295 1546 1340 et
1561 1284 1781 1350 aemuli,

174 1363 332 1420 caede
352 1361 553 1427 laetari,
584 1363 673 1418 ius
696 1359 883 1432 fasque
906 1359 1169 1414 credebat.
1249 1359 1485 1414 Praefixa
1507 1362 1678 1414 contis
1697 1378 1784 1416 ca-

174 1441 285 1513 pita
303 1437 667 1512 gestabantur,
698 1437 835 1491 inter
855 1435 1010 1508 signa
1030 1434 1351 1498 cohortium,
1375 1437 1523 1492 iuxta
1545 1435 1782 1507 aquilam

175 1515 432 1589 legionis:
482 1512 721 1568 certatim
748 1509 1139 1566 ostentantibus
1168 1517 1414 1566 cruentas
1443 1528 1657 1572 manus,
1687 1512 1784 1583 qui

172 1589 493 1652 occiderant,
515 1588 612 1659 qui
633 1585 999 1651 interfuerant,
1023 1587 1120 1658 qui
1143 1588 1394 1658 vere,qui
1418 1584 1568 1650 falso,
1583 1596 1640 1642 ut
1661 1586 1785 1658 pul-

174 1667 369 1724 chrum
390 1673 441 1720 et
462 1661 824 1727 memorabile,
851 1661 1058 1717 facinus
1079 1662 1358 1718 iactabant.
1413 1662 1596 1734 Plures
1616 1681 1781 1736 quam

174 1742 327 1799 CXX
350 1738 557 1796 libellos
576 1739 813 1811 praemia
842 1740 1264 1810 exposcentium,
1285 1739 1355 1795 ob
1375 1737 1612 1812 aliquam
1636 1749 1785 1795 nota-

173 1817 341 1875 bilem
362 1814 457 1871 illa
473 1814 562 1870 die
578 1832 814 1887 operam,
837 1813 1085 1870 Vitellius
1103 1825 1281 1887 postea
1305 1817 1538 1870 invenit:
1568 1833 1783 1870 omnes-

173 1911 284 1967 que
322 1891 568 1964 conquiri
606 1901 657 1946 et
693 1889 918 1947 interfici
956 1890 1142 1946 iussit:
1186 1908 1292 1945 non
1332 1890 1529 1946 bonore
1560 1890 1779 1958 Galbae,

175 1968 273 2025 sed
314 1968 503 2023 tradito
540 1966 877 2039 principibus
904 1982 1070 2033 more,
1111 1967 1510 2022 munimentum
1538 1966 1605 2021 ad
1629 1984 1783 2039 prae-

174 2045 402 2111 sens,.in
421 2051 693 2116 posterum
718 2041 996 2098 ultionem.

287 2124 371 2177 45.
413 2118 597 2175 Alium
618 2118 859 2175 crederes
880 2123 1146 2182 senatum,
1170 2117 1336 2173 alium
1357 2116 1640 2191 populum.
1669 2117 1784 2173 Ru-

175 2215 263 2253 ere
300 2196 479 2252 cuncti
519 2196 575 2249 in
615 2203 805 2261 castra,
845 2194 1044 2249 anteire
1081 2190 1373 2265 proximos,
1415 2202 1613 2249 certare
1655 2210 1780 2250 cum

173 2270 664 2347 praecurrentibus,
702 2272 979 2342 increpare
1008 2268 1256 2335 Galbam,
1297 2268 1515 2325 laudare
1545 2268 1780 2326 militum

174 2348 461 2414 iudicium,
485 2345 783 2402 exosculari
801 2345 1027 2401 Othonis
1045 2363 1296 2400 manum:
1339 2356 1649 2419 quantoque
1668 2364 1783 2401 ma-

174 2425 261 2499 gis
291 2422 423 2478 falsa
451 2430 619 2487 erant,
652 2439 791 2494 quae
823 2421 1035 2487 fiebant,
1067 2428 1209 2477 tanto
1227 2420 1382 2493 plura
1407 2420 1592 2477 facere.
1673 2422 1783 2479 Nec

175 2498 556 2571 aspernabatur
585 2497 828 2572 singulos
848 2496 1004 2563 Otho,
1036 2497 1258 2553 avidum
1280 2507 1330 2552 et
1351 2498 1614 2553 minacem
1637 2498 1782 2553 mili-

178 2584 293 2629 tum
312 2576 557 2629 animum
575 2591 703 2629 voce
725 2573 987 2646 vultuque
1005 2580 1327 2645 temperans.
1407 2574 1637 2629 Marium
1662 2573 1783 2631 Cel-

175 2667 321 2715 sum,
356 2648 628 2705 consulem
660 2649 1017 2723 designatum,
1048 2658 1098 2704 et
1118 2648 1318 2705 Galbae
1338 2650 1586 2722 usquein
1608 2660 1781 2707 extre·

177 2743 295 2782 mas
323 2742 409 2781 res
438 2726 674 2783 amicum
701 2724 1000 2801 fidumque,
1030 2724 1100 2782 ad
1123 2725 1454 2800 supplicium
1475 2726 1779 2801 expostula-
