2081 3038
180 215 233 254 Α.
258 215 309 254 e.
330 198 427 270 το.)
632 206 673 252 1.
690 205 717 250 Ι
733 207 788 252 Β.
824 206 863 251 1.
906 206 945 254 c
962 207 1009 254 A
1026 208 1084 254 P.
1125 207 1190 252 2⁰
1205 209 1365 254 -22,
1714 205 1774 258 15

183 307 295 364 illis
322 306 419 364 vix
446 305 701 362 decumae
738 323 899 379 super
926 309 1192 379 portiones
1231 319 1396 372 erant,
1435 310 1626 364 iisdem
1654 327 1774 383 erga

182 383 354 438 aliena
374 381 705 453 sumptibus,
727 381 930 454 quibus
950 401 1050 440 sua
1067 383 1438 456 prodegerant;
1481 402 1606 441 cum
1625 403 1779 456 rapa-

184 460 405 514 cissimo
432 458 630 529 cuique
656 473 719 510 ae
736 456 1098 528 perditissimo
1115 476 1222 515 non
1245 459 1358 531 agri
1378 467 1469 513 aut
1487 458 1661 524 fenne,
1683 460 1776 515 sed

185 532 296 590 sola
314 534 668 587 instrumenta
686 532 938 588 vitiorum
962 540 1249 588 manerent.
1325 533 1598 588 Exactioni
1616 534 1776 590 XXX

184 611 391 681 equites
432 608 657 665 Romani
695 608 1007 679 praepositi3
1069 625 1270 664 novum
1305 607 1469 663 officii
1504 602 1696 680 genus,
1730 618 1781 664 et

185 683 391 740 ambitu
411 701 472 738 ac
490 699 713 738 numero
732 699 1034 738 onerosum.
1117 683 1322 754 Ubique
1344 683 1492 737 hasta
1509 691 1562 737 et
1579 692 1774 748 sector,

184 769 235 814 et
256 760 492 831 inquieta
520 757 651 812 urbs
676 757 1031 813 auctionibuS.
1111 760 1354 813 Attamen
1373 758 1572 831 grande
1588 759 1780 831 gaudi·-

186 852 301 898 um,
336 832 480 906 quod
510 841 615 890 tam
643 849 904 904 pauperes
927 831 1110 897 forent,
1135 833 1335 906 quibus
1355 833 1596 888 donasset
1620 834 1775 897 Nem,

106 913 109 918 '
183 927 349 982 quam
369 907 571 981 quibus
590 907 912 964 abstulisset.
973 908 1308 966 Exauctorati
1327 926 1422 980 per
1443 926 1532 964 eos
1550 909 1664 964 dies
1687 911 1778 962 tri-

185 985 339 1048 buni,
382 1001 412 1038 e
440 983 696 1054 praetorio
719 982 983 1038 Antonius
1012 984 1220 1038 Taurus
1248 993 1297 1038 et
1326 985 1586 1040 Antonius
1606 984 1772 1049 Naso,

184 1077 253 1118 ex
273 1059 491 1117 urbanis
510 1058 816 1115 cohortibus
834 1057 1100 1114 Aemilius
1120 1060 1392 1125 Pacensis;
1415 1077 1445 1114 e
1467 1059 1667 1132 vigiliis
1687 1060 1778 1113 Iu-

185 1135 291 1193 lius
314 1135 351 1190 F
356 1143 520 1190 rento.
602 1135 648 1190 N
652 1151 712 1188 ec
736 1133 1031 1189 remedium
1053 1135 1109 1190 in
1131 1143 1328 1190 ceteros
1349 1133 1468 1198 fuit,
1490 1135 1583 1189 sed
1605 1144 1778 1190 metus

182 1211 426 1268 initium:
486 1219 757 1281 tamquam
797 1226 893 1280 per
932 1218 1097 1264 artem
1130 1219 1180 1264 ot
1209 1209 1542 1265 formidinem
1574 1208 1776 1284 singuli

182 1285 521 1360 pellerentur,
544 1285 799 1344 omnibus
816 1287 1099 1356 suspectis,

292 1365 375 1418 24.
418 1362 619 1418 Interea
639 1358 921 1424 Othonem,
952 1360 1062 1424 cui,
1091 1361 1396 1430 compositis
1421 1360 1601 1425 rebus,
1632 1359 1775 1414 nulla

182 1453 327 1510 spes,
368 1453 527 1492 omne
564 1436 621 1489 in
651 1434 863 1490 turbido
891 1432 1197 1500 consilium,
1233 1433 1396 1488 multa
1425 1434 1589 1488 simul
1615 1437 1780 1490 exsti-

184 1511 488 1569 mulabant:
531 1510 743 1565 luxuria
772 1510 929 1565 etiam
959 1509 1190 1581 principi
1219 1527 1457 1574 onerosa,
1490 1509 1664 1580 inopia
1689 1511 1778 1565 vix

183 1590 389 1662 privato
418 1586 701 1649 toleranda,
747 1585 803 1639 in
825 1584 1048 1640 Galbam
1072 1586 1168 1648 ira,
1211 1584 1264 1637 in
1289 1585 1530 1639 Pisonem
1555 1585 1776 1640 invidia.

185 1663 445 1735 Fingebat
472 1669 522 1715 et
550 1667 773 1725 metum,
804 1677 913 1731 quo
936 1661 1110 1733 magis
1129 1661 1540 1730 concupisceret.
1620 1662 1780 1715 Prae-

183 1754 394 1811 9ravem
420 1754 474 1789 se
491 1736 689 1793 Neroni
710 1740 897 1805 [uisse.-
936 1753 1029 1789 neo
1055 1736 1380 1791 chsitaniam
1398 1753 1599 1797 rursm,
1627 1745 1676 1789 ct
1695 1739 1780 1790 al-

186 1817 349 1870 terius
368 1814 545 1865 eoesilii
564 1814 801 1865 honorem
820 1816 1250 1879 exspectandum:
1275 1820 1563 1878 suspectum
1583 1829 1780 1879 semper

186 1892 509 1955 invisumque
545 1889 942 1949 dominantibus,
982 1892 1075 1955 qui
1097 1891 1372 1955 proximus
1413 1890 1776 1941 destinaretur.

186 1963 439 2019 Noouisse
464 1965 521 2015 id
544 1964 646 2016 sibi
670 1964 812 2029 opud
838 1978 1006 2015 senem
1030 1967 1347 2029 principem:
1387 1966 1552 2030 magis
1577 1965 1779 2015 nocitu-

184 2056 303 2095 rum
322 2040 463 2106 apud
483 2041 727 2100 iuvenem,
750 2040 953 2105 inqem'o
972 2044 1184 2100 trucem,
1213 2046 1259 2091 et
1283 2039 1430 2105 lonyo
1449 2038 1638 2090 exsilio
1656 2040 1780 2105 effe-

184 2123 374 2169 ratum.
456 2111 637 2169 Occidi
664 2111 907 2167 Othonem
922 2129 1087 2179 posse.
1165 2112 1386 2167 Proinde
1409 2114 1662 2180 agendum
1681 2128 1780 2164 au—

183 2192 519 2257 dendamque,
550 2192 673 2243 dum
702 2186 899 2243 Galbae
926 2192 1215 2241 auctoritas
1241 2190 1406 2253 fluxa,
1433 2187 1634 2241 Pisonis
1650 2202 1781 2239 non-

182 2270 307 2321 dum
334 2266 623 2319 evaluisset.
700 2262 1029 2330 opportunos
1063 2266 1263 2331 maqnis
1291 2264 1558 2315 conatibus
1587 2265 1782 2315 transi-

184 2332 286 2394 tus'
306 2356 509 2395 rerum.-
548 2355 641 2392 nee
680 2342 1003 2391 cunctatione
1038 2354 1184 2404 opus,
1224 2340 1315 2391 ubi
1334 2340 1680 2405 perniciosior
1711 2340 1782 2391 sit

182 2420 344 2485 quieS,
368 2431 521 2483 quam
542 2418 817 2468 temeritas.
894 2413 1114 2469 Mortem
1139 2415 1372 2467 omnibus
1389 2430 1458 2466 ex
1474 2420 1670 2465 natura
1689 2428 1780 2466 ae—

122 2512 141 2529 ·
184 2493 404 2559 qualem,
428 2491 677 2543 oblivione
694 2492 835 2556 apud
850 2497 1082 2556 posteros
1100 2490 1180 2541 vel
1194 2490 1367 2557 ploria
1385 2490 1651 2556 distinqui.
1687 2491 1777 2547 Ac.

182 2570 231 2619 si
250 2572 506 2619 nocentem
526 2569 939 2633 innocentemque
964 2567 1098 2619 idem
1118 2566 1292 2617 emitas
1311 2570 1532 2625 maneat,
1553 2565 1781 2617 acrioris

183 2645 289 2698 viri
309 2656 431 2703 esse,
452 2642 634 2695 merito
648 2643 839 2707 perire.

292 2716 379 2769 ⁶22.
421 2714 537 2769 Nou
566 2722 675 2769 erat
692 2713 915 2769 Othonis
946 2712 1123 2769 mollis
1153 2721 1204 2767 et
1222 2712 1426 2785 corpori
1446 2711 1643 2768 similis
1663 2712 1778 2767 ani-
