2081 3038
352 199 417 250 62
466 197 532 206 “·
828 201 1476 250 Hls'ro-RIARUM
1677 191 1952 268 (mmm.

354 302 676 376 Iudaeaque:
721 304 843 359 inde
864 304 1112 358 continua
1128 303 1402 377 Aegyptus
1422 301 1667 374 duaeque
1685 299 1952 376 legiones:

352 377 477 432 hinc
495 378 821 451 Cappadocia
843 380 1150 449 Pontusque
1179 388 1228 432 et
1249 377 1516 450 quidquid
1537 384 1833 434 castrorum
1853 378 1957 434 Ar-

352 454 545 507 meniis
582 453 960 524 praetenditur.
1042 454 1166 507 Asia
1207 463 1256 508 et
1283 462 1483 507 ceterae
1509 452 1818 524 provinciae
1855 471 1955 509 nec

350 529 588 582 virorum
611 530 814 600 inopes,
847 535 897 582 et
920 529 1176 599 pecuniae
1193 527 1492 598 opulentae.
1571 526 1844 592 Quantum
1865 529 1955 582 in-

349 601 590 656 sularum
614 605 749 658 mari
768 605 1019 676 cingitur,
1045 610 1094 656 et
1116 602 1346 674 parando
1365 603 1578 658 interim
1599 601 1740 658 bello
1759 619 1936 656 secun·

348 676 480 732 dum
503 685 785 749 tutumque
808 679 984 748 ipsum
1009 693 1172 731 mare.

458 754 510 807 7.
554 753 669 808 Non
702 751 911 806 fallebat
939 752 1100 805 duces
1136 753 1350 822 inpetus
1378 751 1641 806 miiitum:
1689 750 1807 818 sed,
1837 750 1952 806 bel-

348 827 583 882 lantibus
604 826 743 891 aliis,
776 826 989 898 placuit
994 835 1300 897 exspectare
1319 826 1444 880 belli
1467 829 1690 881 exitum.
1780 827 1951 881 Victo-

348 919 432 958 res
460 907 721 970 victosque
747 918 1026 969 numquam
1046 905 1215 956 solida
1237 905 1334 970 fide
1356 905 1655 955 coalescere.
1736 901 1845 955 Nec
1864 917 1952 956 re-

347 982 500 1047 ferre,
531 977 787 1029 Vitellium
812 993 881 1029 an
902 975 1148 1030 Othonem
1165 980 1489 1043 superstitem
1505 981 1716 1046 fortuna
1737 981 1948 1045 faceret.

350 1052 515 1104 Rebus
529 1053 769 1104 secundis
787 1054 942 1104 etiam
964 1056 1194 1119 eyreyios
1211 1055 1366 1105 duces
1385 1053 1716 1104 insolescere:
1743 1054 1951 1104 discor-

348 1129 490 1180 diam
509 1129 605 1187 his,
627 1128 907 1192 iymviam,
942 1127 1235 1180 luaeurt‘em:
1273 1135 1320 1180 et
1338 1129 1550 1179 suismet
1557 1127 1708 1179 vitiis
1726 1127 1949 1178 alterum

350 1201 494 1261 bello,
518 1202 739 1252 alterum
758 1204 981 1255 victoria
996 1205 1304 1268 perit-urum.
1371 1199 1537 1274 Igitur
1557 1215 1702 1252 arma
1727 1199 1780 1253 in
1799 1215 1950 1254 occa-

348 1274 551 1328 sionem
574 1273 827 1329 distulere
847 1275 1208 1346 Vespasianus
1224 1275 1618 1363 Mucianusque
1643 1289 1835 1344 nuper,
1863 1291 1951 1328 cc-

350 1350 443 1404 teri
464 1348 592 1403 olim
616 1349 799 1404 mixtis
819 1351 1087 1405 consiliis,
1129 1350 1367 1421 optimus
1393 1349 1628 1421 quisque
1646 1365 1826 1403 amore
1846 1349 1952 1402 rei-

349 1423 621 1494 public-ae:
653 1422 847 1479 multos
868 1425 1092 1480 dulcedo
1112 1423 1426 1496 praedarum
1449 1423 1784 1490 stimulabat3
1819 1422 1949 1477 alios

349 1499 631 1573 ambiguae
650 1499 794 1555 domi
816 1517 918 1555 res.
968 1501 1046 1556 Ita
1070 1499 1195 1555 boni
1215 1498 1676 1572 maliquocaussis
1695 1497 1946 1565 diversis,

350 1574 527 1629 studio
544 1576 679 1645 pari,
702 1574 904 1630 bellum
924 1586 1109 1631 om'nes
1130 1574 1431 1647 cupiebant.

458 1653 507 1703 8.
552 1649 664 1703 Sub
683 1650 823 1705 idem
846 1658 1058 1723 tempus
1079 1650 1275 1705 Achaia
1294 1658 1454 1722 atque
1472 1649 1597 1703 Asia
1626 1646 1758 1703 falso
1775 1658 1951 1704 exter-

350 1725 495 1788 ritae,
523 1742 557 1776 v
542 1723 669 1778 elut
688 1726 825 1781 Nero
844 1725 1172 1780 adventaret:
1199 1726 1347 1780 vario
1365 1742 1526 1795 super
1546 1724 1693 1783 exitu
1715 1724 1836 1778 eius
1857 1742 1951 1779 ru-

350 1814 514 1862 more,
539 1814 706 1871 eoque
728 1799 975 1869 pluribus
994 1801 1176 1855 vivere
1195 1818 1321 1855 eum
1342 1799 1669 1873 fingentibus
1687 1798 1953 1854 credenti-

350 1873 581 1945 busque.
660 1873 964 1929 Ceterorum
1012 1890 1171 1929 casus
1219 1883 1548 1947 conatusque
1591 1874 1651 1928 in
1697 1881 1950 1929 contextu

348 1950 525 2017 operis
552 1948 820 2003 dicemus:
862 1957 993 2004 tunc
1012 1966 1211 2004 servus
1239 1966 1270 2004 e
1289 1951 1469 2014 Ponto,
1492 1949 1627 2015 sive,
1649 1954 1710 2003 ut
1730 1947 1824 2003 alii
1845 1957 1955 2003 tra-

350 2022 548 2086 didere,
594 2021 875 2077 libertinus
904 2042 971 2079 ex
999 2025 1146 2079 Italia
1155 2024 1424 2089 ,⁴citharae
1441 2032 1493 2079 et
1509 2031 1700 2078 cantus
1718 2024 1950 2095 perituS,

350 2097 511 2169 (unde
536 2064 639 2162 illi,
675 2114 837 2168 super
857 2099 1264 2154 similitudinem
1285 2100 1412 2164 oris,
1441 2098 1656 2170 propior
1675 2098 1742 2153 ad
1763 2096 1956 2153 fallen-

351 2172 482 2227 dum
510 2170 659 2244 sdes)
693 2172 959 2228 adiunctis
994 2174 1372 2247 desertoribus,
1413 2190 1549 2246 quos
1577 2173 1753 2245 inopia
1783 2190 1956 2247 vagos

351 2246 659 2320 ingentibus
678 2246 960 2319 promissis
978 2240 1309 2320 conruperat,
1337 2264 1482 2303 mare
1501 2248 1827 2321 ingreditur:
1867 2266 1951 2315 ac,

350 2322 405 2377 vi
426 2330 793 2393 tempestatum
812 2322 1085 2398 Cythnum
1107 2323 1338 2379 insulam
1359 2324 1628 2387 detrusus,
1641 2331 1692 2377 et
1711 2322 1954 2379 militum

350 2397 612 2469 quosdam
642 2414 708 2451 ex
738 2396 953 2464 Oriente
971 2400 1383 2455 commeantium
1405 2396 1648 2463 adscivit,
1674 2396 1756 2451 vel
1775 2390 1956 2454 abnu-

350 2480 498 2525 entes
517 2472 741 2527 interfici
759 2474 937 2540 iussit,
962 2483 1011 2529 et
1030 2474 1270 2546 spoliatis
1297 2472 1730 2560 negotiatoribus,
1741 2475 1956 2529 manci-

350 2546 563 2617 piorum
592 2546 1017 2605 valentissimum
1045 2566 1320 2621 quemque
1347 2548 1592 2604 armavit.
1669 2546 1955 2605 Centurio-

352 2634 585 2691 nemque
608 2620 912 2689 Sisennam,
936 2624 1166 2689 dextras,
1196 2623 1535 2678 concordiae
1519 2622 1776 2697 insignia,
1801 2622 1958 2713 Syri-3

348 2695 431 2747 aci
460 2698 724 2752 exercitus
752 2700 971 2754 nomine
992 2698 1061 2754 ad
1087 2699 1446 2770 praetorianos
1475 2696 1750 2763 ferentem,
1785 2699 1958 2754 variis
