2081 3038
950 26 963 60 l

295 257 391 310 ⁴08
618 299 627 308 .
858 260 1336 308 Anxanum
1623 253 1902 328 (nanzo.

294 367 457 432 quati,
478 365 544 418 ob
567 365 767 418 scelera
786 367 1060 433 interlecti,
1090 367 1374 434 infaustum
1391 381 1573 420 nomen
1590 365 1804 420 Iunium
1821 359 1902 436 'se-

292 441 495 494 cissmt.
545 461 551 468 ·

406 515 487 568 ⁴3.
530 511 627 569 Tot
654 510 980 569 facinoribus
1007 511 1224 568 foedum
1253 531 1456 569 annum
1482 514 1644 570 etiam
1660 513 1737 570 dii
1763 519 1902 569 tem-

292 586 587 662 pestatibus
614 595 667 643 et
693 587 897 644 morbis
927 587 1033 643 insi
1109 588 1274 644 ivere.
1354 589 1566 644 Vastata
1604 587 1898 662 Campania

294 664 507 721 turbine
526 671 827 728 ventorum,
870 661 969 735 qui
992 663 1046 718 vi
1069 663 1166 728 las,
1208 662 1444 729 arbusta,
1488 662 1573 719 fru
1612 682 1670 720 es
1690 665 1897 736 passim

292 740 519 806 disiecit,
542 738 867 811 pertulitque
885 737 1194 794 violentiam
1221 738 1289 794 ad
1317 739 1494 796 vicina
1513 757 1580 794 ur
1617 740 1666 794 i:
1709 739 1766 796 in
1788 757 1898 813 qua

292 833 451 873 omne
470 813 774 871 mortalium
800 829 975 888 genus
994 813 1079 868 vis
1098 809 1429 886 pestilentiae
1450 813 1894 888 depopulabatur,

295 889 442 948 nulla
464 889 595 945 coeli
613 887 948 963 intemperie,
972 906 1112 962 quae
1128 897 1427 960 occurreret
1444 887 1634 946 oculis,
1676 887 1780 946 Sed
1801 890 1898 946 do-

294 985 417 1022 mus
437 963 748 1038 corporibus
767 963 1054 1029 exanimiS,
1096 964 1286 1020 itinera
1319 962 1622 1032 funeribuS,
1661 965 1898 1038 comple-

292 1043 505 1097 bantur.
584 1040 701 1096 Non
730 1055 914 1105 sexus,
945 1057 1054 1095 non
1079 1048 1221 1094 aetas
1249 1039 1488 1112 periculo
1507 1057 1691 1096 vacua.
1772 1039 1900 1095 Ser-

294 1119 420 1171 vitia
446 1114 670 1190 perinde
696 1122 747 1170 et
763 1115 997 1190 ingenua
1020 1113 1206 1186 plebes
1230 1117 1422 1188 raptim
1443 1116 1734 1190 exstingui,
1757 1116 1896 1175 inter

292 1193 449 1247 coniu
492 1209 525 1244 u
614 1195 666 1245 et
691 1184 981 1246 liberorum
1011 1188 1270 1260 lamenta3
1313 1189 1430 1264 qui,
1470 1189 1602 1246 dum
1659 1182 1891 1257 dsident,

291 1267 421 1324 dum
444 1209 509 1321 §e
532 1273 655 1350 lent,
678 1282 836 1338 saepe
854 1261 1038 1320 eodem
1060 1282 1187 1340 rogo
1206 1266 1596 1322 cremabantur.
1627 1209 1894 1339 {quitum

292 1347 707 1414 senatorumque
742 1340 1009 1406 interitus,
1052 1342 1317 1414 quamvis
1341 1341 1664 1413 promiscui,
1709 1342 1895 1397 minus

293 1415 497 1474 flebiles
526 1422 703 1485 erant;
745 1421 1021 1489 tamquam
1047 1415 1320 1472 communi
1349 1414 1660 1480 mortalitate
1677 1417 1896 1472 saeviti-

293 1512 381 1551 am
409 1492 672 1569 prihcipis
696 1491 1084 1565 praevenirent.
1162 1485 1364 1548 Eodem
1384 1509 1524 1548 anno
1544 1491 1780 1549 delectus
1839 1511 1896 1549 er

292 1565 523 1626 Galliam
570 1566 967 1624 Narbonensem
1014 1562 1362 1639 Africamque
1409 1575 1460 1623 et
1495 1567 1679 1623 Asiam
1723 1568 1792 1624 ha
1834 1569 1892 1623 iti

292 1652 439 1713 sunt,
478 1642 795 1715 supplendis
824 1635 1025 1715 Illyrici
1055 1641 1376 1717 legionibus,
1419 1660 1487 1697 ex
1505 1642 1708 1717 quibus
1728 1652 1893 1699 aetate

292 1726 383 1775 aut
405 1704 706 1773 valetudine
728 1714 855 1773 sessi
882 1722 1210 1773 sacramento
1233 1718 1594 1774 solvebantur.
1673 1716 1892 1775 Cladem

291 1794 708 1869 Lugdunensem
718 1792 1036 1865 quadragies
1055 1794 1296 1849 sestertio
1315 1790 1514 1849 solatus
1531 1793 1890 1867 estpriuoeps,

292 1877 353 1925 ut
383 1869 579 1923 amissa
620 1863 741 1922 urbi
778 1874 1117 1939 reponerent:
1160 1886 1326 1939 quam
1359 1869 1641 1941 pecuniam
1667 1868 1894 1945 Lugdu-

294 1947 485 2001 nenses
506 1950 625 2015 ante
645 1941 958 2008 obtulerant,
980 1940 1214 1997 turbidis
1239 1944 1472 1999 casibus.

404 2022 486 2076 ⁴4.
530 2018 589 2075 C.
624 2014 891 2083 Suetonio,
920 2016 982 2071 L.
1007 2016 1252 2074 Telesino
1271 2036 1408 2073 coss,
1432 2018 1696 2074 Antistius
1715 2016 1892 2075 Sosia-

292 2115 418 2162 nus,
442 2089 686 2151 factitatis
706 2093 764 2147 in
790 2094 1054 2148 Neronem
1075 2093 1406 2149 carminibus
1431 2094 1722 2165 probrosiS,
1747 2094 1892 2151 exsi-

292 2171 384 2237 lio,
416 2178 477 2226 ut
494 2170 629 2235 dixi,
661 2166 939 2232 multatus,
969 2175 1274 2241 postquam,
1306 2165 1363 2223 id
1383 2168 1598 2225 honoris
1620 2168 1892 2225 indicibus

291 2257 509 2319 tamque
539 2247 845 2317 promptum
878 2242 943 2298 ad
973 2242 1158 2299 caedes
1187 2244 1514 2316 principem,
1545 2246 1774 2316 accepit,
1807 2246 1893 2300 in-

293 2323 449 2395 quies
477 2323 674 2385 animo,
704 2327 755 2373 et
771 2319 1108 2383 omasionum
1137 2318 1280 2373 haud
1299 2319 1500 2394 segnis,
1523 2319 1889 2387 Pammenem,

293 2397 535 2453 eiusdem
568 2396 667 2452 loci
696 2392 938 2449 exsulem
967 2401 1018 2448 et
1048 2392 1433 2451 Chaldaeorum
1461 2402 1571 2449 arte
1600 2393 1892 2462 famosum,

294 2490 464 2545 eoque
490 2470 781 2527 multorum
809 2469 1060 2524 amicitiis
1089 2470 1380 2547 innexum„
1402 2469 1759 2526 similitudine
1787 2470 1895 2527 for-

292 2555 453 2602 tunae
472 2546 575 2602 sibi
597 2542 856 2603 conciliat.
935 2542 1202 2601 ventitare
1226 2544 1292 2599 ad
1313 2562 1437 2600 eum
1460 2546 1676 2602 nuntios
1695 2554 1750 2600 et
1765 2564 1895 2602 eon-

294 2620 601 2677 saltationes
623 2638 730 2677 non
749 2619 945 2677 frustra
964 2630 1131 2686 ratus„
1163 2618 1328 2675 simul
1349 2636 1583 2677 annuam
1603 2623 1893 2692 pecuniam

296 2714 323 2748 a
346 2696 405 2748 P.
428 2694 615 2751 Anteio
641 2696 933 2754 ministrari
954 2695 1238 2770 cognoscit.
1316 2696 1505 2769 Neque
1527 2694 1775 2751 nescium
1795 2696 1893 2753 ha-

294 2768 469 2836 bebat,
510 2766 762 2849 Anteium
799 2772 1010 2829 caritate
1036 2770 1363 2850 Agrippinae
1399 2770 1640 2831 invisum
1664 2770 1888 2841 Neroni,
