2081 3038
204 230 449 304 noma.)
568 238 725 284 ΜΒ.
767 237 916 286 xtv.
960 240 1136 287 CAP.
1179 239 1425 287 εις-65.
1699 233 1800 289 357

200 338 421 396 claudit.
500 339 618 394 Non
646 339 747 394 alia
776 339 928 396 exsul
950 341 1244 396 visentium
1267 342 1447 398 oeulos
1472 343 1672 400 maiore
1695 344 1802 398 mi-

205 415 487 472 sericordia
508 413 717 469 adfecit.
794 415 1146 470 Meminerant
1169 416 1346 472 adhuc
1363 418 1584 489 quidam
1605 418 1802 492 Agrip-

206 492 381 562 pinae,
412 508 441 543 a
464 489 702 556 Tiberim
745 491 1001 545 recentior
1024 490 1192 546 Iuliae
1211 493 1465 548 memoria
1481 493 1802 548 obversaba-

206 575 311 631 tur,
336 583 365 619 a
385 564 607 621 Claudio
624 564 831 636 pulsae.
896 565 1001 620 Sed
1020 565 1129 620 illis
1149 567 1312 621 robur
1329 568 1512 622 aetatis
1530 567 1798 624 adfuerat:

207 641 338 696 laeta
358 639 539 712 aliqua
558 639 825 706 viderant,
848 649 899 695 et
916 650 1246 712 praesentem
1269 642 1546 697 saevitiam
1568 642 1802 696 melioris

203 716 334 770 olim
356 714 597 770 fortunae
624 715 979 772 recordatione
998 716 1330 772 adlevahant.
1411 717 1548 772 Huic
1565 717 1802 788 primum

206 792 517 863 nuptiarum
546 790 663 845 dies
692 791 803 846 loeo
826 789 1031 845 funeris
1061 790 1180 855 fuit,
1207 791 1463 846 deductae
1480 793 1538 847 in
1557 791 1800 856 domum,

206 867 263 921 in
292 883 401 938 qua
430 865 564 919 nihil
595 867 701 920 nisi
730 865 1032 931 luctuosum
1062 866 1297 932 haberet,
1329 873 1506 939 erepto
1531 883 1628 939 per
1646 883 1806 922 vene-

208 957 341 996 num
368 949 517 1012 patre
536 949 587 995 et
604 942 781 995 statim
803 939 987 997 fratre:
1028 949 1146 996 tum
1167 942 1356 997 aneilla
1377 941 1593 998 domina
1614 940 1806 997 validi·-

206 1032 293 1073 or:
334 1023 387 1070 et
404 1016 643 1087 Poppaea
662 1017 876 1071 nonnisi
895 1016 952 1071 in
970 1018 1265 1088 perniciem
1285 1018 1470 1073 uxoris
1491 1026 1685 1090 nupta:
1709 1033 1806 1088 po-

206 1099 404 1147 stremo
420 1092 623 1146 crimen
642 1091 791 1146 omni
808 1092 972 1148 exitio
988 1093 1228 1166 gravius.

317 1169 401 1222 64.
441 1165 519 1221 Ac
535 1164 731 1239 puella,
756 1168 1011 1223 vicesimo
1030 1168 1214 1222 aetatis
1234 1185 1392 1234 anno,
1415 1169 1552 1222 inter
1572 1169 1806 1222 centuri-

204 1259 333 1298 ones
362 1249 414 1297 et
438 1242 655 1308 milites,
686 1242 963 1316 praesagio
989 1241 1254 1298 malorum
1283 1245 1389 1298 iam
1413 1245 1518 1298 vita
1537 1251 1800 1316 exempta,

177 1317 446 1373 »nondum
466 1325 641 1372 tamen
662 1326 831 1372 morte
848 1318 1236 1390 acquiescebat.
1297 1317 1701 1373 Paucisdehinc
1720 1319 1806 1372 in-

205 1393 434 1447 teriectis
465 1392 657 1447 diebus
682 1393 819 1448 mori
848 1393 1094 1448 iubetur:
1137 1408 1264 1446 cum
1298 1392 1658 1447 iam-viduam
1676 1409 1737 1447 se
1756 1402 1807 1447 et

206 1475 413 1524 tantum
433 1483 666 1523 sororem
686 1475 982 1533 testaretur,
1006 1481 1428 1539 communesque
1437 1467 1802 1535 Germanicos,

206 1553 259 1599 et
294 1550 560 1615 postremo
597 1541 923 1615 Agrippinae
960 1557 1155 1596 nomen
1183 1541 1360 1607 cieret,
1391 1560 1497 1614 qua
1524 1542 1802 1609 ineolumi,

206 1618 395 1675 infelix
414 1617 636 1689 quidem
662 1616 1086 1683 matrimonium,
1107 1616 1202 1671 sed
1219 1618 1336 1673 sine
1353 1618 1531 1684 exitio,
1552 1618 1808 1690 pertulis-

206 1702 304 1749 set.
383 1692 741 1766 Restringitur
770 1692 1021 1757 vinculiS,
1056 1709 1329 1764 venaeque
1357 1694 1474 1747 eius
1498 1710 1595 1767 per
1617 1712 1804 1750 omnes

206 1776 355 1824 artus
374 1765 769 1829 exsolvuntur:
818 1774 886 1833 et,
926 1769 1055 1840 quia
1090 1784 1312 1839 pressus
1350 1786 1546 1839 pavore
1581 1771 1805 1843 sanguis

208 1841 411 1897 tardius
452 1841 743 1907 labebatur,
783 1841 1069 1914 persei-vidi
1109 1843 1282 1899 balnei
1316 1861 1510 1915 vapore
1535 1855 1798 1900 enecatur.

206 1916 543 1988 Additurque
569 1916 789 1972 atrocior
812 1920 1030 1973 saevitia
1048 1960 1062 1983 ‚
1101 1920 1248 1990 quod
1284 1927 1444 1991 caput
1469 1928 1804 1992 amputatum

209 1992 503 2064 latumque'
520 1992 579 2046 in
616 1991 805 2046 urbem
820 2031 834 2058 ,
874 1994 1115 2064 Poppaea
1156 1994 1308 2049 vidit.
1389 1995 1532 2051 Dona
1565 1995 1636 2051 ob
1673 1995 1805 2049 haee

206 2066 421 2139 templis
439 2066 663 2122 decreta.
742 2066 895 2134 Quod
925 2067 993 2122 ad
1016 2070 1143 2123 eum
1175 2069 1338 2124 finem
1364 2071 1801 2134 memoravimus,

206 2152 286 2209 ut,
308 2143 641 2215 quicumque
658 2159 814 2197 casus
836 2152 1134 2215 temporum
1155 2144 1391 2210 illorum,
1405 2145 1559 2200 nobis
1578 2144 1662 2199 vel
1683 2144 1804 2199 aliis

204 2217 531 2283 auctoribuS,
574 2226 809 2284 noscent,
849 2228 1256 2291 praesumptum
1289 2221 1531 2285 habeant,
1555 2221 1803 2291 quotiens

206 2293 362 2367 fugas
382 2302 434 2347 et
451 2292 637 2347 caedes
657 2294 816 2348 iussit
834 2294 1104 2365 princepe,
1118 2296 1308 2350 totiens
1328 2302 1503 2367 grates
1512 2293 1628 2349 deis
1638 2300 1799 2358 actas,

184 2385 452 2443 quaeque
469 2385 650 2423 rerum
671 2369 1027 2424 secundarum
1049 2368 1198 2433 olim,
1233 2377 1345 2423 tum
1367 2366 1612 2441 publicae
1635 2367 1803 2423 cladis

205 2444 441 2517 insign-ia
466 2442 654 2499 fuisse.
733 2444 921 2515 Neque
946 2453 1124 2505 tamen
1151 2442 1455 2511 silebimus,
1485 2443 1696 2519 siquod
1719 2461 1804 2499 se-

206 2528 363 2573 natus
380 2516 685 2647 ponsultum
707 2518 1006 2573 adulatione
1025 2535 1228 2573 novum
1243 2519 1804 2590 autpatientiapostre-

205 2611 358 2651 mum
400 2594 499 2649 uit.
744 2641 749 2645 .

314 2671 399 2723 65.
441 2668 641 2723 Eod'em
666 2685 805 2725 anno
824 2667 1136 2724 libertorum
1165 2667 1472 2740 potissimos
1491 2686 1694 2727 veneno
1717 2671 1802 2725 in-

202 2743 473 2801 terfecisse
488 2743 723 2799 creditus
742 2752 845 2816 est3
870 2742 1265 2820 Doryphorum,
1289 2744 1442 2816 quasi
1465 2745 1798 2801 adversatum
