2081 3038
151 208 396 280 A.c.71.)
561 217 717 261 ΜΒ.
757 216 819 262 v.
862 215 1039 263 cAP.
1082 218 1169 262 13.
1211 219 1297 264 14.
1651 214 1749 270 237

262 323 343 374 ⁴3.
383 319 686 374 Evenerant
714 317 976 392 prodigia,
1007 336 1147 390 quae
1176 336 1352 390 neque
1369 319 1559 376 hostiis
1576 339 1755 394 neque

152 397 284 452 votis
304 395 452 466 piare
483 392 560 447 fas
579 393 738 447 habet
757 410 890 466 gens
912 395 1277 464 superstitioni
1296 395 1543 462 obnoxia,
1570 397 1754 471 religi-

151 472 343 528 onibus
383 469 622 524 adversa.
704 467 862 523 Visae
898 485 994 540 per
1024 469 1233 524 coelum
1260 487 1571 526 concurrere
1589 474 1749 538 acieS‚

153 546 420 601 rutilantia
451 561 616 608 arma,
648 552 698 598 et
723 545 901 598 subito
926 545 1158 601 nubium
1181 546 1305 619 igne
1324 545 1599 602 conlucere
1618 556 1755 602 tem·-

151 621 322 696 plum.
383 621 654 691 Expassae
674 627 888 690 repente
907 619 1119 674 delubri
1139 619 1297 686 soree,
1320 627 1371 676 et
1388 621 1568 676 audita
1588 624 1756 678 maior

153 699 386 752 humana
407 713 530 760 vox,
554 699 800 750 excedere
819 700 939 749 deos
952 715 969 749 :
1004 695 1171 750 simul
1193 697 1385 770 ingens
1406 704 1582 752 motus
1604 715 1757 752 exce—

151 773 411 828 dentium.
491 769 640 836 Quae
667 771 825 842 pauci
851 771 908 825 in
934 777 1139 826 metum
1162 771 1463 827 trahebant:
1506 772 1756 844 pluribus

152 847 426 920 persuasio
446 845 632 910 inerat,
650 845 888 917 antiquis
908 846 1242 902 sacerdotum
1264 845 1453 902 litteris
1475 849 1753 913 contineri,

152 942 212 979 eo
240 923 358 995 ipso
389 931 620 993 tempore
650 919 777 986 sore,
825 929 882 976 ut
909 920 1195 976 valesceret
1214 921 1404 978 Oriens
1430 922 1757 996 profectique

152 999 340 1054 Iudaea
363 1015 542 1053 rerum
561 998 874 1069 potirentur.
925 995 1074 1064 Quae
1091 998 1343 1072 ambages
1363 999 1755 1070 Vespasianum

151 1093 211 1130 ac
249 1075 426 1128 Titum
468 1073 817 1145 praedixerat.
897 1071 1002 1128 Sed
1040 1073 1260 1148 vulgus,
1304 1092 1452 1130 more
1489 1075 1757 1129 humanae

151 1149 439 1221 cupidiniS,
454 1149 559 1204 sibi
579 1157 775 1203 tantam
798 1147 1028 1205 fatorum
1049 1151 1475 1224 magnitudinem
1498 1151 1757 1223 interpre-

131 1227 261 1292 tati,
295 1243 362 1280 ne
388 1225 627 1280 adversis
656 1225 877 1297 quidem
897 1226 964 1280 ad
987 1243 1111 1281 vera
1130 1226 1494 1282 mutabantur.
1573 1227 1757 1282 Multi-

153 1301 388 1356 tudinem
417 1300 781 1364 obsessorum,
812 1302 988 1356 omnis
1010 1303 1215 1366 aetatiS‚
1238 1302 1393 1357 virile
1412 1319 1473 1356 ac
1493 1302 1758 1357 muliebre
1777 1299 1787 1304 ’

150 1394 326 1440 secus,
367 1382 612 1430 sexcenta
641 1375 813 1428 millia
842 1374 1009 1430 luisse
1035 1377 1359 1446 accepimus,
1438 1379 1603 1432 Arma
1623 1396 1759 1432 cun·-

151 1453 268 1516 ctiS,
310 1451 405 1523 qui
437 1448 572 1504 ferre
601 1457 843 1522 possent:
887 1457 938 1503 et
956 1449 1161 1522 plureS‚
1202 1468 1367 1523 quam
1396 1469 1490 1523 pro
1511 1469 1753 1518 numero,

151 1526 432 1583 audebant.
457 1524 754 1581 Obstinatio
774 1525 907 1581 viris
926 1525 1255 1597 feminisque
1274 1544 1399 1598 par:
1424 1544 1503 1592 ac,
1517 1528 1565 1581 si
1586 1536 1759 1583 trans-

150 1604 286 1658 ferre
314 1601 466 1656 sedes
495 1610 826 1674 cogerentur,
855 1602 1025 1655 maior
1046 1602 1185 1657 vitae
1206 1609 1402 1667 metue,
1429 1620 1593 1675 quam
1616 1622 1758 1659 mor-

152 1681 238 1733 tis.
319 1677 465 1731 Hanc
502 1676 760 1731 adversus
789 1676 979 1731 urbem
1007 1685 1331 1750 gentemque
1360 1677 1549 1733 Caesar
1582 1680 1753 1747 Titus,

149 1752 367 1827 quando
397 1752 628 1823 impetus
657 1760 708 1807 et
736 1752 912 1807 subita
929 1748 1061 1809 belli
1085 1752 1233 1808 locus
1252 1753 1525 1819 abnueret,
1549 1758 1759 1829 aggeri-

147 1831 256 1885 bus
285 1828 567 1899 vineisque
593 1835 790 1882 certare
817 1829 1018 1884 statuit.
1098 1828 1425 1883 Dividuntur
1454 1827 1757 1903 legionibus

151 1905 359 1969 munia,
405 1911 454 1957 et
482 1902 637 1975 quies
667 1902 990 1975 proeliorum
1019 1902 1147 1959 fuit:
1191 1904 1357 1960 donec
1376 1913 1563 1959 cuncta
1586 1923 1759 1977 expu-

145 1979 380 2055 gnandis
409 1978 637 2033 urbibus
666 1986 870 2050 reperta
899 1979 1043 2052 apud
1065 1988 1285 2047 vetereS‚
1320 1989 1413 2035 aut
1430 1981 1584 2035 novis
1606 1982 1754 2054 inge-

147 2058 278 2121 niis,
305 2061 655 2110 struerentur.

263 2134 345 2186 44.
384 2130 452 2185 At
473 2128 682 2195 Civilis,
705 2136 825 2201 post
843 2128 1040 2183 malam
1060 2129 1117 2185 in
1129 2130 1371 2186 Treveris
1390 2149 1651 2205 pugnam,
1675 2150 1759 2187 re-

145 2216 330 2279 parato
369 2223 464 2279 per
503 2206 845 2261 Germaniam
885 2205 1139 2272 exercitu,
1182 2207 1325 2277 apud
1364 2208 1549 2262 Vetera
1588 2217 1757 2262 castra

146 2282 414 2353 consedit:
461 2288 606 2335 tutus
637 2280 768 2345 loco,
802 2289 852 2334 et
881 2287 938 2335 ut
966 2283 1221 2337 memoria
1246 2300 1625 2354 prosperarum
1646 2282 1759 2339 illic

147 2375 331 2411 rerum
370 2365 716 2429 augescerent
760 2356 1107 2411 barbarorum
1147 2358 1334 2412 animi.
1416 2357 1641 2413 Secutus
1680 2366 1759 2413 est

147 2433 331 2487 eodem
366 2430 606 2495 CerialiS,
639 2430 924 2502 duplicatis
954 2432 1143 2503 copiis,
1167 2432 1397 2488 adventu
1424 2434 1688 2489 secundae
1708 2443 1759 2489 et

143 2508 237 2564 VI.
263 2514 316 2562 et
333 2506 477 2561 XIV.
501 2506 791 2581 legionum.
835 2506 1196 2579 Cohortesque
1214 2518 1262 2563 et
1284 2508 1415 2574 alae,
1438 2508 1757 2580 iampridem

145 2584 362 2648 accitae,
387 2591 505 2653 post
526 2582 800 2637 victoriam
829 2592 1256 2653 properaverant.
1336 2584 1533 2639 Neuter
1554 2585 1753 2640 ducum

145 2664 440 2713 cunctator.
520 2656 622 2711 Sed
643 2657 850 2712 arcebat
868 2656 1089 2714 latitudo
1108 2676 1441 2729 camporum,
1467 2669 1652 2731 suopte
1675 2662 1757 2715 in-

139 2734 307 2808 genio
327 2732 688 2789 humentium.
731 2732 1018 2789 Addiderat
1038 2734 1229 2791 Civilis
1248 2734 1524 2809 obliquam
1546 2737 1603 2792 in
1615 2736 1755 2792 Rhe-
