2081 3038
192 246 439 322 s.c.17.)
631 254 786 304 mn.
826 253 894 304 11.
934 255 1112 306 cAP.
1150 257 1234 309 42.
1273 255 1362 308 43.
1651 247 1659 254 '
1727 251 1798 309 75

192 357 313 414 eius
340 355 646 414 destinavit.
723 358 835 414 Nec
860 358 979 416 ideo
1006 361 1245 416 sincerae
1271 361 1502 418 caritatis
1521 359 1682 418 iidem
1701 361 1797 418 ad-

192 440 433 499 secutus,
464 430 675 488 amoliri
706 433 958 489 iuvenem
986 436 1166 507 specie
1191 435 1406 493 honoris
1427 437 1630 503 statuit,
1651 445 1798 492 stru-

192 508 385 582 xitque
400 525 642 574 caussas,
665 515 757 564 aut
775 507 905 564 forte
922 509 1126 566 oblatas
1145 509 1396 582 adripuit.
1462 512 1578 568 Rex
1593 511 1796 568 Arche-

192 582 313 640 laus
342 582 857 671 quinquagesimum
886 601 1092 640 annum
1121 584 1452 658 Cappadocia
1467 588 1791 658 potiebatur3

191 657 409 714 invisus
428 657 659 724 Tiberio,
681 658 827 731 quod
845 676 971 715 eum
991 659 1168 716 Rhodi
1187 668 1430 734 agentem
1451 659 1599 717 nullo
1621 661 1796 719 officio

191 731 465 789 coluisset.
544 733 653 788 Nec
678 732 737 789 id
758 732 1054 791 Archelaus
1082 751 1180 808 per
1197 735 1507 808 superbiam
1525 737 1792 804 omiserat,

192 807 290 864 sed
308 807 377 864 ab
394 807 603 864 intimis
616 808 849 882 Augusti
867 811 1134 867 monitus:
1176 811 1328 884 quis,
1349 807 1566 867 florente
1583 810 1644 868 C.
1667 811 1798 868 Cae-

192 899 317 1014 ”erg
340 882 709 1015 rgssoquffitd
732 900 818 940 res
850 883 1106 1016 otianti&
1136 885 1536 1018 intutab'ffiberii
1563 886 1795 977 amicitia

191 975 251 1014 cr
318 974 347 1013 e
436 975 521 1015 ur.
670 999 685 1025 ‚
726 975 880 1016 versa
992 977 1210 1018 esarum
1253 977 1316 1018 so
1403 977 1464 1028 e,
1503 979 1583 1018 rm
1651 979 1795 1018 num

190 1033 415 1106 adeptus
434 1041 532 1099 est,
556 1032 703 1090 elicit
718 1033 1042 1095 Archelaum
1061 1036 1250 1094 matris
1275 1035 1484 1104 litteris,
1505 977 1664 1111 qux,
1687 1054 1794 1094 non

188 1107 547 1165 dissimulatis
586 1107 685 1165 filii
718 1109 1125 1177 offensionibus,
1163 1111 1498 1169 clementiam
1523 1111 1791 1178 offerebat,

187 1186 237 1239 si
257 1183 325 1240 ad
341 1183 671 1257 precandum
699 1185 919 1242 veniret.
978 1186 1093 1253 Ille,
1117 1188 1338 1262 ignarus
1357 1187 1486 1253 doli,
1508 1187 1614 1254 vel,
1637 1188 1689 1244 si
1710 1188 1796 1242 in-

187 1258 425 1334 telligere
447 1259 769 1327 credeoemr,
791 1261 907 1318 vim
934 1269 1200 1328 metuens,
1229 1264 1288 1318 in
1309 1263 1498 1318 urbem
1515 1273 1790 1336 properat:

186 1341 554 1409 exceptusque
570 1335 770 1392 immiti
790 1353 820 1392 a
840 1336 1167 1410 principe,et
1186 1353 1313 1394 mox
1331 1345 1610 1394 accusatus
1627 1340 1688 1395 in
1707 1355 1795 1394 se-

188 1417 346 1480 natu3
394 1427 503 1468 non
526 1409 599 1466 ob
624 1410 873 1477 crimina,
904 1429 1046 1485 quae
1075 1411 1430 1486 fingebantur,
1461 1412 1558 1468 sed
1575 1431 1790 1488 angore,

186 1484 357 1543 simul
378 1483 555 1543 fessus
579 1486 749 1551 senio,
780 1493 832 1542 et
848 1487 979 1559 quia
998 1486 1218 1561 regibus
1237 1503 1426 1561 aequa,
1448 1487 1650 1545 nedum
1669 1487 1795 1545 infi-

188 1578 300 1629 ma,
320 1560 535 1617 insolita
552 1568 701 1626 sunt,
724 1560 888 1616 finem
907 1562 1067 1627 vitae,
1089 1570 1276 1633 sponte
1296 1580 1364 1617 an
1382 1562 1505 1628 fato,
1529 1562 1790 1635 implevit.

188 1636 438 1711 Regnum
458 1636 523 1691 in
535 1635 869 1709 provinciam
887 1635 1162 1691 redactum
1181 1643 1280 1702 est,
1308 1640 1666 1709 fructibusque
1683 1643 1796 1693 eius

190 1714 359 1767 levari
380 1727 533 1780 posse
560 1713 865 1769 centesimae
890 1715 1116 1782 vectigal
1149 1710 1423 1784 professus
1452 1711 1665 1779 Caesar,
1691 1712 1794 1769 du-

189 1785 535 1841 centesimam
570 1785 631 1841 in
666 1793 941 1859 posterum
978 1787 1180 1846 statuit.
1258 1788 1359 1844 Per
1384 1787 1528 1845 idem
1555 1796 1790 1861 tempus,

192 1860 450 1916 Antiocho
478 1859 977 1937 Commagenorum‚
1008 1861 1340 1936 Philopatore
1367 1862 1618 1930 Cilicum,
1649 1865 1795 1938 regi-

191 1935 297 1991 bus
325 1933 609 2001 defunctis,
639 1936 989 1995 turbabantur
1016 1940 1276 2005 nationes,
1302 1938 1576 2013 plerisque
1598 1939 1793 1995 Roma-

192 2028 348 2077 num,
378 2009 503 2073 aliis,
528 2011 740 2085 regium
765 2010 1056 2085 imperium
1086 2014 1452 2086 cupientibus:
1495 2020 1547 2069 et
1571 2013 1793 2086 provin-

190 2084 325 2152 ciae,
364 2084 401 2141 S
440 2084 519 2141 ria
539 2092 699 2158 atque
717 2086 927 2154 Iudaea,
959 2086 1130 2145 fessae
1147 2089 1422 2155 oneribus,
1462 2087 1791 2145 deminutio-

190 2178 317 2217 nem
336 2160 405 2217 tri
446 2161 524 2217 uti
542 2160 781 2217 orabant.
830 2183 834 2187 ⁴

302 2238 386 2292 43.
427 2236 596 2309 Igitur
614 2236 765 2302 haec,
795 2236 933 2292 etde
948 2235 1223 2305 Armenia,
1244 2255 1386 2312 quae
1403 2254 1568 2313 supra
1587 2254 1792 2295 memo-

190 2312 329 2377 ravi,
351 2311 495 2383 apud
522 2318 699 2385 patres
716 2310 999 2369 disseruit:
1039 2331 1135 2370 nee
1151 2331 1300 2384 posse
1317 2323 1508 2371 motum
1531 2313 1792 2371 Orimzeem

131 2385 135 2389 ’
189 2391 297 2443 nisi
326 2386 629 2450 Germanici
652 2391 914 2457 sapientia
942 2394 1205 2459 componi.-
1243 2407 1366 2445 nam
1392 2406 1544 2445 suam
1572 2396 1792 2445 aetatem

188 2478 418 2531 vergere,
449 2462 614 2517 Drusi
638 2466 865 2518 nondum
888 2468 1021 2521 satis
1037 2463 1336 2519 adolevisse.
1413 2464 1566 2521 Tunc
1587 2463 1794 2521 decreto

110 2594 125 2605 ‚
188 2542 403 2610 patrum
439 2537 735 2610 permissae
772 2538 1090 2595 Germanico
1128 2540 1455 2611 provinciae,
1494 2556 1634 2612 quae
1653 2539 1790 2597 mari

189 2610 525 2679 dividuntur,
536 2613 824 2687 maiusque
840 2613 1154 2687 imperium,
1165 2629 1386 2686 quoquo
1404 2614 1789 2688 adisset,quam

190 2686 299 2754 his,
319 2688 419 2761 qui
438 2695 579 2745 sorte
594 2695 689 2743 aut
704 2689 878 2745 missu
897 2688 1162 2761 principis
1180 2687 1495 2745 obtinerent.
1574 2688 1680 2747 Sed
1699 2689 1792 2743 Ti-

191 2760 373 2819 berius
400 2761 705 2837 demoverat
720 2762 876 2840 Syria
896 2763 1166 2835 Creticum
1191 2761 1455 2832 Silanum,
1473 2780 1572 2840 per
1593 2762 1792 2825 adfini-
