2081 3038
286 156 389 239 -258
628 188 685 236 c.
724 186 1174 237 conflamus
1211 186 1551 239 ‘merrus

288 288 579 347 sciscendis
606 288 967 363 principibuS,
1006 288 1074 346 de
1095 305 1226 361 pace
1243 287 1478 363 denique
1495 304 1558 343 ac
1573 286 1736 356 bello,
1773 288 1890 362 ple-
1963 338 1968 343 .

284 382 519 438 rumque
536 365 595 419 in
616 365 879 421 conviviis
897 364 1224 423 consultantz
1251 371 1528 436 tamquam
1549 362 1697 423 nullo
1717 366 1891 441 magis

288 449 523 512 tempore
550 448 643 495 aut
670 440 738 494 ad
772 440 1046 511 simplices
1074 439 1415 513 cogitationes
1445 447 1619 513 pateat
1649 441 1885 505 animus,

286 525 379 573 aut
397 515 465 570 ad
484 533 706 590 magnas
726 513 1025 573 incalescat.
1106 514 1252 571 Gens
1273 532 1378 571 non
1397 522 1591 581 astuta,
1623 532 1724 571 nec
1742 513 1891 570 calli-

287 590 374 657 da,
396 592 566 664 aperit
584 590 761 647 adhuc
778 598 976 645 secreta
995 591 1222 663 pectoris
1244 588 1452 646 licentia
1473 590 1594 647 ioci.
1635 590 1779 664 Ergo
1796 589 1890 645 de-

218 662 221 669 ’
286 675 421 723 tecta
446 675 497 723 et
526 666 671 723 nuda
699 667 945 724 omnium
974 683 1129 721 mens
1153 674 1356 739 postera
1379 664 1468 720 die
1487 672 1816 731 retractatur,
1839 672 1891 721 et

287 743 435 799 salva
462 746 747 815 utriusque
775 741 1029 813 temporis
1055 741 1188 797 ratio
1209 748 1311 796 est.
1391 739 1712 809 Deliberant,
1756 739 1888 799 dum

288 818 488 895 fingere
505 812 779 873 nesciunt:
809 818 1157 881 constituunt.
1169 815 1302 871 dum
1321 832 1496 871 errare
1514 833 1620 873 non
1639 824 1886 905 possunt.

396 898 482 951 23.
526 894 676 949 Potui
698 892 893 949 humor
912 909 979 949 ex
997 891 1193 947 hordeo
1210 899 1302 946 aut
1320 890 1608 957 frumento,
1636 909 1692 945 1n
1714 909 1892 963 quan-

288 968 412 1025 dam
440 968 852 1026 similitudinem
884 968 997 1023 vini
1026 974 1337 1041 conruptuS.
1415 966 1653 1025 Proximi
1673 966 1821 1039 ripae
1839 974 1892 1021 et

286 1047 477 1101 vinum
499 1050 821 1098 mercantur.
872 1042 991 1099 Cibi
1014 1041 1314 1115 simplices:
1356 1042 1581 1117 agrestia
1601 1058 1780 1113 poma,
1801 1058 1890 1096 re-

287 1138 413 1175 cens
434 1119 562 1183 fera,
586 1126 678 1173 aut
698 1117 779 1172 lac
797 1125 1122 1174 concretum.
1165 1117 1290 1173 Sine
1310 1116 1713 1189 adparatu,sine
1731 1114 1891 1172 blan-

286 1194 537 1251 dimentis
556 1192 831 1263 expellunt
854 1191 1074 1251 famem.
1115 1192 1388 1249 Adversus
1409 1192 1558 1247 sitim
1575 1210 1681 1249 non
1702 1190 1892 1248 eadem

286 1269 649 1341 temperantia.
692 1266 749 1323 Si
771 1267 1062 1327 indulseris
1077 1268 1337 1334 ebrietati,
1361 1267 1694 1343 suggerendo
1713 1285 1896 1343 quan-

287 1353 403 1404 tum
433 1344 836 1415 concupiscunt,
866 1343 1014 1399 haud
1043 1346 1227 1404 minus
1254 1342 1404 1398 facile
1425 1344 1593 1410 vitiis,
1615 1360 1782 1417 quam
1803 1362 1895 1399 ar-

287 1423 412 1487 mis,
442 1421 743 1477 vincentur.

396 1498 481 1555 24.
506 1496 690 1552 Genus
710 1492 1134 1570 spectaculorum
1156 1511 1330 1552 unum
1349 1502 1508 1568 atque
1525 1494 1583 1549 in
1603 1494 1756 1550 omni
1773 1512 1896 1552 coe-

190 1613 203 1628 ,
287 1583 346 1632 tu
365 1572 528 1627 idem.
608 1571 751 1627 Nudi
772 1575 1016 1636 iuveneS‚
1040 1571 1245 1643 quibus
1264 1569 1321 1626 id
1342 1568 1609 1626 ludicrum
1631 1579 1728 1638 est,
1753 1571 1896 1628 inter

285 1646 490 1724 gladios
510 1664 569 1702 se
588 1655 747 1720 atque
766 1647 985 1702 infestas
1014 1645 1240 1702 frameas
1261 1645 1400 1701 saltu
1424 1647 1640 1702 iaciunt.
1719 1647 1898 1702 Exer-

286 1723 462 1778 citatio
494 1729 659 1777 artem
691 1723 916 1794 paravit,
959 1739 1048 1776 ars
1073 1722 1344 1778 decorem:
1387 1739 1493 1777 non
1522 1722 1579 1782 in
1600 1730 1894 1793 quaestum

287 1808 494 1864 tamen,
546 1806 639 1852 aut
686 1797 1003 1854 mercedem.
1083 1795 1346 1864 Quamvis
1384 1797 1599 1852 audacis
1639 1796 1899 1852 lasciviae

285 1874 518 1948 pretium
550 1881 649 1939 est,
674 1872 918 1945 voluptas
942 1873 1315 1946 spectantium.
1394 1871 1577 1930 Aleam
1599 1871 1766 1946 (quod
1786 1874 1899 1928 mi-

284 1949 421 2021 rere)
438 1949 605 2006 sobrii
631 1949 767 2003 inter
796 1949 932 2004 seria
952 1956 1215 2013 exercent,
1239 1955 1381 2004 tanta
1401 1946 1641 2003 lucrandi
1660 1947 1897 2020 perden-

284 2025 409 2080 dive
427 2025 735 2088 temeritate‚
768 2030 845 2089 ut,
870 2040 993 2077 cum
1016 2024 1196 2078 omnia
1217 2023 1539 2088 defecerunt,
1572 2032 1809 2078 extremo
1831 2041 1899 2078 ac

286 2102 580 2158 novissimo
609 2101 747 2156 iactu
776 2097 842 2153 de
873 2097 1111 2154 libertate
1139 2107 1188 2154 et
1215 2098 1282 2154 de
1309 2116 1525 2172 corpore
1549 2098 1891 2160 contendant.

286 2177 471 2236 Victus
508 2175 863 2236 voluntariam
900 2175 1210 2230 servitutem
1245 2173 1372 2229 adit.
1453 2173 1712 2240 Quamvis
1731 2175 1901 2243 ,iuve-

287 2253 424 2316 nior‚
459 2251 711 2323 quamvis
739 2250 1023 2320 robustior,
1053 2249 1287 2322 adligare
1307 2267 1367 2304 se
1383 2267 1444 2304 ac
1462 2250 1645 2306 venire
1665 2250 1894 2323 patitur.

286 2326 363 2381 Ea
383 2328 538 2380 estin
559 2342 615 2379 re
632 2343 797 2396 prava
816 2326 1143 2398 pervicacia:
1187 2323 1292 2396 ipsi
1312 2325 1474 2380 fidem
1494 2331 1702 2381 vocant.
1768 2321 1902 2379 Ser-

287 2417 385 2458 vos
422 2400 738 2459 conditionis
775 2400 941 2456 huius
979 2417 1076 2478 per
1113 2402 1429 2455 commercia
1465 2399 1698 2468 tradunt,
1742 2406 1804 2454 ut
1834 2416 1900 2454 se

288 2492 505 2552 quoque
523 2475 726 2545 pudore
748 2477 991 2532 victoriae
1010 2473 1306 2531 exsolvant.

394 2552 480 2606 25.
524 2548 724 2604 Ceteris
754 2552 943 2615 servis,
968 2551 1154 2605 nonin
1179 2558 1422 2606 nostrum
1440 2566 1665 2616 morem,
1686 2548 1904 2606 descri-

286 2623 393 2692 ptis
413 2641 507 2693 per
527 2621 784 2681 familiam
806 2625 1140 2691 ministeriis,
1162 2632 1406 2682 utuntur.
1466 2623 1630 2681 Suam
1652 2625 1904 2702 quisque

288 2697 488 2763 sedem,
527 2715 656 2756 suos
685 2699 902 2760 Penates
935 2701 1088 2776 regit.
1167 2701 1444 2756 Frumenti
1473 2700 1695 2758 modum
1715 2699 1906 2762 domi-
