2081 3038
284 234 381 290 278
685 240 741 285 c,
785 238 1168 285 CORNELII
1206 236 1475 283 ΤΑοῙΤῙ

284 360 442 398 mana
473 342 656 399 notitia
683 338 1067 413 complectitur,
1098 338 1354 405 maxima,
1384 338 1555 410 spatio
1582 355 1645 393 ac
1664 336 1806 394 coelo
1822 339 1878 395 in

284 416 553 473 Orientem
576 418 912 482 Germaniae,
943 417 1002 471 in
1032 413 1368 470 Occidentem
1390 414 1679 485 Hispaniae
1698 414 1878 469 obten-

282 493 454 548 ditur:
518 492 688 548 Gallis
717 494 774 547 in
801 491 1080 548 meridiem
1102 492 1259 545 etiam
1279 490 1592 561 inspicitur:
1650 498 1882 561 septem·-

281 567 524 623 trionalia
555 568 692 632 eius,
743 567 909 623 nullis
937 573 1115 623 contra
1147 566 1320 630 terrie,
1362 573 1512 620 vasto
1544 572 1705 637 atque
1732 582 1882 637 aper-

281 652 335 699 to
360 645 498 698 mari
526 643 828 715 pulsantur.
907 643 1154 698 Formam
1184 641 1345 695 totius
1374 640 1675 695 Britanniae
1695 640 1883 696 Livius

283 728 543 785 veterum,
591 718 791 773 Fabius
833 717 1087 772 Rusticus
1123 716 1417 771 recentium
1457 715 1882 787 eloquentissimi

283 803 541 860 auctoreS‚
572 793 832 867 oblongae
861 791 1099 848 scutulae
1120 790 1203 845 vel
1229 790 1451 862 bipenni
1468 789 1879 847 adsimulavere.

282 871 350 925 Et
369 877 450 925 est
469 886 527 924 ea
549 868 709 923 facies
731 870 859 924 citra
880 866 1239 933 Caledoniam,
1254 866 1399 921 unde
1416 874 1468 922 et
1486 868 1543 922 in
1563 866 1882 921 universum

283 946 424 1000 fama
452 951 532 999 est
560 952 906 1017 transgressa.
986 942 1091 997 Sed
1117 942 1425 996 inmensum
1450 951 1503 996 et
1521 959 1738 997 enorme
1762 960 1885 1014 spa-

287 1022 420 1075 tium
440 1019 866 1090 procurrentium
889 1025 1125 1073 extremo
1144 1018 1251 1071 iam
1274 1015 1423 1071 litore
1441 1026 1725 1083 terrarum,
1739 1017 1887 1074 velut

282 1096 339 1150 in
360 1111 591 1149 cuneum
612 1100 878 1148 tenuatur.
934 1094 1082 1147 Hanc
1099 1110 1247 1147 oram
1270 1093 1549 1147 novissimi
1570 1094 1736 1147 maris
1756 1102 1887 1148 tunc

282 1170 521 1239 primum
559 1168 794 1222 Romana
831 1166 1020 1222 classis
1058 1168 1439 1233 circumvecta,
1487 1167 1723 1224 insulam
1768 1186 1887 1223 esse

190 1239 201 1249 '
282 1244 604 1297 Britanniam
639 1242 959 1308 adfirmavit,
992 1260 1055 1297 ac
1082 1242 1246 1297 simul
1275 1243 1571 1317 incognitas
1588 1241 1658 1299 ad
1676 1243 1733 1298 id
1750 1252 1889 1299 tem-

282 1336 387 1391 pus
413 1318 640 1384 insulae,
674 1336 810 1390 quas
830 1317 1063 1373 Orcadas
1083 1326 1290 1383 vocant,
1324 1319 1529 1373 invenit
1546 1318 1884 1391 domuitque.

282 1396 526 1465 Dispecta
557 1401 636 1449 est
655 1403 705 1449 et
725 1393 916 1461 Thule,
945 1411 1111 1467 quam
1139 1394 1394 1449 hactenus
1415 1396 1509 1449 nix
1528 1402 1579 1449 et
1595 1394 1773 1449 hiems
1797 1396 1893 1449 ab-

283 1470 514 1540 diderat;
537 1470 632 1526 sed
653 1487 798 1525 mare
820 1471 1039 1544 pigrum
1062 1477 1113 1525 et
1130 1486 1293 1542 grave
1311 1470 1721 1544 remigantibus.
1764 1472 1891 1526 Per-

285 1548 488 1610 hibent,
522 1563 588 1601 ne
608 1547 782 1600 ventis
801 1546 1022 1618 quidem
1045 1544 1265 1617 perinde
1294 1545 1503 1601 adtolli:
1544 1546 1719 1612 cred0‚
1742 1547 1893 1619 quod

283 1623 508 1678 rariores
529 1631 696 1676 terrae
715 1630 1050 1693 montesque,
1074 1638 1264 1676 caussa
1284 1639 1346 1675 ac
1365 1623 1581 1676 materia
1602 1629 1895 1693 tempesta-

281 1707 419 1763 tum,
451 1705 502 1751 et
530 1696 792 1768 profunda
814 1696 981 1752 moles
1002 1697 1243 1750 continui
1264 1698 1428 1752 maris
1447 1696 1651 1752 tardius
1673 1697 1895 1769 inpelli-

281 1783 389 1829 tur.
440 1772 697 1828 Naturam
720 1771 915 1827 Oceani
936 1780 1096 1844 atque
1114 1779 1293 1826 aestus
1316 1789 1488 1844 neque
1507 1790 1767 1845 quaerere
1788 1773 1895 1828 bu-

282 1851 370 1904 ius
409 1850 586 1921 operis
625 1855 723 1913 est,
765 1864 826 1902 ac
853 1846 1011 1902 multi
1031 1845 1279 1902 retulere.
1358 1847 1535 1903 Unum
1556 1847 1889 1905 addiderim:

284 1942 552 1998 nusquam
574 1923 734 1979 latius
752 1922 1016 1978 dominari
1037 1938 1204 1988 mare,
1218 1921 1451 1978 multum
1471 1921 1763 1980 fluminum
1784 1925 1894 1980 huc

283 2008 442 2072 atque
468 1998 599 2055 illuc
625 1997 783 2062 ferre,
815 2015 912 2053 nec
936 1998 1089 2053 litore
1108 2004 1265 2053 tenus
1283 1998 1583 2054 adcrescere
1603 2007 1697 2054 aut
1716 2017 1894 2056 resor—

281 2075 416 2139 beri,
448 2074 543 2130 sed
572 2072 794 2129 influere
819 2074 1036 2145 penitus
1056 2083 1217 2147 atque
1236 2073 1460 2139 ambire,
1483 2082 1534 2129 et
1557 2075 1705 2148 iugis
1726 2077 1888 2130 etiam

283 2158 442 2223 atque
457 2148 729 2205 montibus
748 2148 916 2204 inseri
935 2148 1084 2204 velut
1101 2151 1158 2205 in
1178 2167 1297 2204 suo.

395 2228 478 2280 Η.
521 2223 788 2292 Ceterum,
817 2225 1145 2281 Britanniam
1177 2226 1275 2297 qui
1300 2223 1548 2281 mortales
1566 2224 1722 2280 initio
1740 2225 1894 2281 colu-

283 2300 437 2364 erint,
479 2299 760 2372 indigenae
785 2317 854 2354 an
876 2300 1103 2366 advecti,
1144 2309 1204 2355 ut
1221 2301 1358 2355 inter
1378 2300 1650 2364 barbaroS,
1692 2317 1888 2371 parum

282 2381 630 2445 compertum.
696 2375 920 2430 Habitus
940 2393 1224 2447 corporum
1246 2377 1408 2431 varii:
1452 2383 1612 2448 atque
1636 2393 1707 2430 ex
1724 2393 1789 2430 eo
1806 2393 1894 2430 ar-

280 2455 553 2520 gumenta.
633 2448 880 2523 Namque
921 2451 1113 2506 rutilae
1150 2450 1488 2506 Caledoniam
1527 2451 1891 2505 habitantium

282 2539 480 2586 comae,
494 2524 678 2596 magni
698 2532 866 2590 artus,
880 2524 1253 2581 Germanicam
1274 2527 1532 2598 originem
1554 2525 1889 2582 adseverant.

281 2594 521 2650 Silurum
562 2596 776 2653 colorati
814 2597 999 2656 vultus
1027 2609 1081 2655 et
1112 2601 1231 2656 torti
1259 2601 1579 2672 plerumque
1604 2602 1809 2666 crines,
1842 2607 1893 2655 et

280 2669 449 2734 posita
467 2679 646 2725 contra
665 2674 942 2744 Hispania,
971 2675 1150 2730 Iberos
1171 2682 1372 2732 veteres
1397 2675 1667 2730 traiecisse
1684 2693 1893 2750 easque

295 2739 433 2793 §edes
460 2758 768 2810 occupasse,
799 2747 958 2804 fidem
988 2749 1207 2804 faciunt.
1287 2749 1524 2804 Proximi
1546 2749 1719 2806 Gallis
1738 2761 1793 2806 et
1815 2752 1893 2807 si-
