2081 3038
245 268 279 319 2
816 270 1287 317 ANNALIUM

245 370 387 413 Gallia
411 370 628 420 properat:
682 370 746 409 34.
775 380 881 419 quas
899 370 952 409 ad
979 370 1105 409 fidem
1132 369 1391 408 cohortatur.
1444 370 1507 407 35.
1542 369 1631 409 Eae
1656 370 1851 419 quereias

245 439 470 487 promunt=
505 448 605 486 pars
633 437 859 486 imperium
885 436 1071 477 offerunt
1095 437 1248 476 acriter
1276 436 1493 478 abnuenti.
1547 437 1610 477 36.
1648 437 1851 477 Remedia

247 506 452 554 quaesita.
514 506 579 543 87.
617 502 773 544 Oblata
807 505 952 545 missio
988 508 1032 545 et
1074 505 1276 555 pecunia=
1322 505 1385 543 sic
1418 504 1611 552 paullum
1646 514 1852 554 oppressa

247 573 414 613 seditio.
471 572 536 611 88.
571 570 789 611 vexillarii
823 572 1020 612 turbant:
1068 582 1174 621 quos
1216 570 1385 612 fortiter
1426 574 1595 611 coereet
1634 572 1847 612 Mennius.

245 640 309 684 39.
338 639 490 679 Denuo
516 638 630 687 legg.
657 638 693 677 1.
719 641 763 677 et
787 638 881 677 XX.
907 639 1097 678 turbant.
1150 638 1325 678 Caesari
1350 640 1457 687 vim,
1483 639 1641 678 Planco
1668 644 1848 679 mortem

245 708 471 746 intentant.
516 706 580 747 40.
610 704 902 753 Germanicus,
928 706 1015 745 filio
1044 708 1088 745 et
1113 716 1247 745 uxore
1266 706 1465 752 dimissis,
1510 706 1575 745 41.
1602 706 1726 745 militi
1748 716 1851 755 poe-

247 774 468 814 nitentiam
500 774 652 822 inficit,
703 774 770 813 49.
799 774 865 812 43.
893 774 986 812 tum
1020 783 1120 813 eum
1155 772 1337 813 facunda
1372 774 1565 814 oratione
1598 772 1846 822 alloquitur.

246 842 310 881 44.
338 841 493 881 Mutati
516 848 674 891 poenas
699 841 745 880 in
770 850 818 880 se
841 840 954 881 ultro
980 843 1184 889 poscunt:
1224 841 1377 881 noxios
1394 840 1477 889 ipsi
1502 840 1697 888 puniunt.
1736 840 1847 881 Gen-

247 906 437 949 turi'ones
453 909 557 947 novi
583 906 766 949 suffecti.
808 908 875 947 45.
902 907 952 947 In
969 908 1164 949 turbidos
1184 908 1324 947 adhue
1343 908 1411 948 vis
1435 908 1623 956 paratur.
1659 908 1725 947 46.
1743 909 1845 949 'rre-

247 977 372 1026 pidse
404 976 523 1016 urbis
556 984 766 1016 rumores.
827 975 892 1015 47.
929 974 1125 1015 Tiberius
1158 976 1242 1017 lter
1274 976 1463 1016 simulat.
1513 976 1579 1015 48.
1608 974 1848 1015 Germanici

245 1044 401 1085 minae.
455 1044 522 1083 49.
548 1042 674 1083 Miles
699 1052 801 1083 suos
827 1040 1071 1083 turbatores
1095 1045 1189 1093 ipse
1204 1042 1361 1085 caedit.
1398 1044 1461 1083 50.
1480 1042 1684 1083 Furorum
1702 1045 1839 1091 expia-

243 1111 348 1159 tuti.
373 1112 419 1151 in
444 1112 612 1151 hostem
638 1112 754 1149 eunt.
802 1108 934 1149 Marsi
959 1113 1167 1160 oppressi.
1220 1113 1285 1150 51.
1311 1110 1527 1151 Tanfanae
1551 1110 1759 1160 templum
1784 1112 1847 1150 di-

245 1180 403 1219 rutum.
442 1177 630 1217 Insidiae
647 1178 693 1217 in
709 1176 848 1218 reditu
865 1178 1030 1219 irritae.
1074 1180 1138 1218 52.
1164 1177 1359 1217 Tiberius
1377 1178 1563 1227 maligne
1580 1178 1728 1219 laudat
1745 1178 1849 1218 Ger-

245 1246 475 1286 manicum.
511 1246 575 1285 53.
602 1244 737 1285 Iuliae
755 1254 870 1284 mors
889 1247 933 1284 et
949 1256 1106 1286 mores.
1144 1244 1359 1285 Gracchus
1378 1255 1543 1285 caesus.
1579 1246 1644 1285 54.
1673 1244 1848 1285 sodales

245 1312 507 1362 Augustales
525 1314 818 1353 instituuntur.
855 1312 1119 1353 Histrionise
1142 1312 1309 1351 turbae.
1362 1313 1427 1352 55.
1453 1312 1653 1353 Proximo
1672 1322 1784 1353 anno
1803 1314 1845 1352 in

248 1380 396 1426 Qattes
415 1390 636 1421 excursus.
661 1380 894 1422 Arminius.
922 1380 1135 1429 Segestes.
1172 1380 1235 1418 56.
1254 1378 1367 1419 catti
1384 1380 1619 1429 improviso
1637 1382 1846 1429 oppressi.

244 1447 444 1487 Mettium
468 1450 704 1489 incensum.
759 1450 822 1489 57.
851 1448 1074 1497 Segestem
1109 1448 1333 1489 obsessum
1366 1448 1521 1489 liberat
1550 1446 1843 1487 Germanicus.

245 1510 364 1556 Uxor
387 1514 571 1556 ArmInii
597 1519 735 1566 captu.
788 1516 851 1557 58.
881 1515 1072 1565 Segestis
1098 1516 1247 1557 oratio.
1303 1514 1503 1566 Segestes
1528 1525 1624 1556 eum
1651 1516 1741 1556 suls
1766 1516 1842 1556 be-

244 1583 374 1631 nigne
417 1585 604 1624 habitus.
673 1585 738 1626 59.
780 1583 1000 1624 Arminius
1044 1585 1089 1624 in
1131 1593 1229 1642 eum
1272 1586 1317 1624 et
1356 1583 1569 1623 Romanos
1611 1583 1830 1622 invehitur

244 1649 310 1690 60.
335 1648 544 1690 cherusci
579 1652 733 1702 aliique
766 1652 913 1702 populi
947 1652 1167 1692 rebellant.
1222 1650 1417 1691 Bructeri
1450 1650 1549 1691 fusi.
1601 1651 1665 1689 61.
1692 1649 1841 1689 Monu-

245 1719 391 1758 ments
415 1717 547 1757 eladis
565 1718 790 1760 Varianae.
839 1722 905 1759 62.
933 1719 1152 1768 Reliquiae
1176 1718 1293 1758 iilius
1319 1717 1452 1757 cladis
1478 1718 1735 1764 tumulatae,
1764 1718 1845 1756 im·

244 1783 450 1833 probante
474 1785 659 1825 Tiberio.
711 1785 774 1824 63.
811 1785 960 1833 Pugna
994 1793 1093 1824 cum
1127 1784 1335 1824 Arminio.
1389 1784 1455 1824 64.
1491 1784 1716 1824 Caecinam
1750 1785 1848 1824 loco

245 1851 392 1898 iniquo
428 1851 674 1900 aggreditur
707 1850 924 1893 Arminius
957 1852 1230 1901 intrepidum.
1285 1851 1347 1890 65.
1375 1850 1533 1892 Milites
1568 1855 1844 1893 consternati.

248 1917 456 1958 Caecinae
479 1919 694 1958 somnium
720 1920 971 1960 infaustum.
1017 1920 1141 1960 Caesi
1163 1929 1297 1968 paene
1323 1919 1515 1958 Romani.
1568 1919 1631 1958 66.
1660 1919 1847 1959 Panicus

243 1988 383 2024 terror
399 1988 448 2025 ut
465 1997 702 2035 repressus.
746 1988 809 2026 67.
840 1987 1075 2027 Consilium
1094 1986 1302 2026 Caecinae
1322 1986 1375 2026 de
1399 1995 1585 2026 recessu.
1629 1987 1693 2026 68.
1720 1987 1845 2026 Felix

247 2053 428 2102 eruptio.
475 2053 780 2094 Germanorum
806 2055 962 2094 clades.
1017 2053 1097 2095 691⁴
1108 2054 1369 2104 Agrippinae
1397 2054 1541 2094 viriles
1568 2063 1695 2094 curae
1718 2055 1844 2094 Tibe-

244 2121 355 2159 rium
382 2119 616 2161 offendunt.
669 2123 732 2162 70.
758 2122 972 2170 Legiones
997 2125 1119 2162 aestu
1145 2123 1275 2162 maris
1300 2131 1397 2162 cum
1422 2121 1610 2170 periculo
1631 2116 1845 2161 revecta‘e.

245 2188 309 2226 71.
338 2186 582 2235 Segimerus
601 2190 645 2227 in
664 2185 921 2229 deditionem
940 2193 1156 2238 acceptus.
1200 2190 1425 2230 Exercitus
1451 2187 1606 2228 damna
1630 2190 1845 2238 suppleta.
1876 2190 1881 2196 '

245 2255 310 2292 72.
336 2254 495 2296 Tiberii
521 2255 619 2294 ficta
643 2257 866 2296 modestia.
909 2257 1004 2296 Lex
1028 2257 1268 2297 maiestatis
1293 2259 1507 2304 revocata.
1544 2257 1607 2298 ⁷8.
1627 2260 1673 2296 et
1697 2258 1741 2296 in
1768 2259 1846 2296 mi-

244 2322 373 2361 nimis
399 2322 656 2370 quibusdam
681 2323 878 2363 exercita.
931 2324 1205 2364 Delationum
1239 2325 1376 2373 pestis
1410 2324 1583 2374 ingruit.
1638 2325 1701 2363 74.
1728 2323 1844 2364 Mar-

245 2388 378 2428 cellus
396 2389 631 2430 maiestatis
648 2391 905 2439 postulatus.
949 2391 1000 2430 ln
1017 2402 1115 2432 eum
1142 2393 1205 2432 ira
1228 2391 1387 2432 Tiberii
1412 2393 1637 2432 incautior.
1685 2393 1749 2431 75.
1776 2393 1847 2432 Τι-

245 2455 353 2495 berii
375 2455 626 2497 liberalitas.
679 2457 745 2498 76.
772 2458 938 2498 leeris
963 2459 1199 2499 inundatio.
1253 2459 1415 2500 Achaia
1440 2463 1485 2500 et
1507 2459 1756 2500 Macedonia
1784 2461 1843 2498 le-

244 2523 385 2560 vatae.
421 2522 554 2562 Drusi
579 2533 746 2564 munus.
799 2525 864 2564 77.
890 2526 1063 2565 ‘theatri
1088 2526 1261 2566 licentia
1279 2529 1477 2568 coercita.
1530 2529 1595 2568 78.
1622 2529 1845 2575 Templum

244 2587 445 2638 Augusti.
482 2588 742 2631 Centesimu.
785 2591 848 2630 79.
876 2591 945 2630 An
963 2603 1098 2640 aquae
1114 2594 1256 2633 Tiberi
1275 2595 1589 2634 subducendas.
1634 2597 1696 2634 80.
1720 2595 1849 2635 Tibe-

243 2657 332 2696 rius
351 2665 428 2696 cur
444 2657 662 2704 praesides
679 2667 775 2698 rsro
793 2659 980 2698 mutarit.
1031 2661 1095 2700 81.
1125 2659 1405 2701 comitiorum
1426 2663 1600 2702 confusa
1618 2663 1740 2702 ratio.

346 2748 466 2788 liaeo
491 2748 580 2790 fere
604 2749 774 2792 biennio
799 2755 936 2802 gesta,
961 2752 1062 2793 Sex.
1094 2755 1291 2803 Pompeio
1310 2759 1347 2794 et
1362 2755 1464 2794 Sex.
1489 2757 1688 2806 Appulde
1712 2755 1841 2806 Coss..

245 2816 407 2858 Nerone
427 2815 600 2856 manain
616 2817 754 2862 Druso
775 2819 950 2862 Caesare
967 2823 1006 2862 et
1027 2820 1073 2862 0.
1091 2823 1287 2864 Norbano
1308 2815 1421 2864 Coss.
