2081 3038
282 221 344 278 ts
754 223 1400 274 ms'ronmntm
1603 214 1880 292 (susm.

280 339 393 384 tum
435 335 623 394 castra,
665 345 763 385 nec
788 327 993 384 facilem
1023 328 1162 382 inter
1191 325 1502 382 temulentos
1531 343 1880 395 consensum,

277 405 613 460 timuissent:
658 421 761 460 non
782 403 1107 476 reipublicae
1125 419 1272 467 cura,
1314 419 1477 474 quam
1501 401 1705 458 foedare
1725 403 1885 475 prin-

277 481 413 552 cipis
450 481 538 535 sui
580 481 843 555 sanguine
882 479 1047 536 sobrii
1086 477 1367 550 parabant3
1411 477 1503 532 sed
1529 496 1596 533 ne
1619 495 1712 550 per
1733 488 1885 534 tene-

278 555 421 618 bras,
464 565 523 611 ut
560 557 795 628 quisque
824 555 1110 610 Pannonici
1148 552 1231 607 vel
1273 553 1575 608 Germanici
1613 555 1884 610 exercitus

279 631 544 686 militibus
576 631 787 687 oblatus
824 639 989 694 esset,
1030 627 1400 702 ignorantibus
1439 628 1741 700 plerisque,
1781 645 1884 701 pro

278 705 485 762 Othone
503 707 872 762 destinaretur.
951 703 1118 759 Multa
1147 705 1476 775 erumpentis
1495 704 1772 760 seditionis
1792 705 1884 758 in-

278 781 413 838 dicia
456 799 549 854 per
586 783 825 837 conscios
864 797 1145 853 oppressa:
1193 778 1454 850 quaedam
1495 779 1638 850 apud
1677 779 1884 835 Galbae

278 874 433 913 aures
472 855 765 930 praelectus
795 857 930 912 Laco
957 855 1136 919 elusit,
1177 855 1398 928 ignarus
1423 854 1739 910 militarium
1761 855 1886 910 ani·
1933 920 1943 930 ·

280 949 512 995 morum,
560 932 880 1004 consiliique
916 931 1170 1004 quamvis
1197 931 1417 1004 egregii,
1459 929 1606 1002 quod
1631 947 1738 986 non
1764 931 1885 1002 ipse

280 1007 521 1070 adferret,
546 1008 820 1070 inimicus,
844 1015 895 1060 et
914 1007 1173 1061 adversus
1193 1005 1388 1077 peritos
1409 1007 1676 1076 pervicax.

387 1084 471 1137 27.
516 1081 705 1136 xvm.
732 1080 848 1136 Kal.
875 1081 1029 1137 Febr.
1059 1081 1375 1136 sacrificanti
1407 1097 1500 1151 pro
1529 1080 1656 1135 aede
1676 1078 1884 1152 Apolli-

278 1159 363 1214 nis
383 1156 583 1212 Galbae
604 1157 872 1228 haruspex
898 1156 1204 1212 Umbricius
1222 1160 1398 1211 tristia
1416 1165 1540 1210 exta
1561 1165 1608 1210 et
1629 1159 1886 1210 instantes

276 1236 527 1296 insidias,
577 1251 643 1288 ac
690 1237 1021 1287 donuesticum
1068 1235 1258 1286 hostem
1303 1230 1586 1303 praedicit,
1632 1231 1886 1286 audiente

278 1307 484 1362 Othone
518 1306 662 1379 (nam
686 1309 965 1380 proximus
985 1306 1271 1377 adstiterat)
1308 1307 1488 1378 idque,
1529 1314 1589 1361 ut
1625 1305 1822 1362 laetum
1855 1323 1887 1360 e

276 1385 557 1448 contrario,
600 1394 653 1440 et
679 1385 795 1439 suis
814 1383 1222 1458 cogitationibus
1243 1398 1578 1454 prosperum,
1619 1382 1886 1452 interpre—

279 1467 436 1514 tante.
518 1459 627 1515 Nec
664 1459 834 1516 multo
871 1469 989 1533 post
1029 1458 1250 1514 libertus
1288 1457 1608 1515 Onomastus
1647 1458 1880 1523 nuntiat,

278 1541 574 1604 exspectari
592 1555 706 1591 eum
725 1541 792 1592 ab
809 1540 1091 1591 architecto
1109 1544 1156 1589 et
1179 1537 1606 1603 redemptoribus:
1645 1550 1786 1606 quae
1805 1534 1886 1587 si-

276 1613 547 1686 gnificatio
576 1614 878 1667 coeuntium
908 1612 1014 1666 iam
1037 1609 1273 1666 militum
1295 1617 1345 1664 et
1365 1614 1572 1681 paratae
1592 1608 1887 1663 coniurati-

276 1688 395 1741 onis
416 1697 748 1742 convenerat.
828 1686 986 1751 Otho,
1018 1703 1260 1741 caussam
1283 1689 1545 1753 diqreasus
1561 1684 1887 1757 requirenti-

280 1761 401 1820 bus.
440 1779 585 1823 cnm.
625 1768 726 1817 emi
757 1766 858 1817 sibi
890 1766 1112 1831 praedia
1146 1770 1395 1815 vetustate
1420 1769 1686 1829 suspecta,
1725 1776 1887 1827 eoque

277 1854 427 1906 preces
447 1841 790 1905 exploranda,
816 1838 1078 1901 finxisset,
1102 1836 1322 1891 innixus
1345 1834 1546 1898 liberto,
1573 1833 1888 1906 perTiberi-

278 1930 433 1969 anam
458 1914 675 1967 domum
699 1914 753 1967 in
779 1912 1086 1977 Velabrum,
1101 1910 1226 1965 inde
1245 1909 1611 1965 adMiliarium
1634 1926 1880 1972 aureum,

279 1989 385 2043 sub
405 1988 585 2042 aedem
610 1988 844 2053 Saturni,
867 1988 1060 2063 pergit.
1133 1987 1210 2041 lbi
1233 1994 1337 2041 tres
1357 1994 1407 2039 et
1427 1985 1617 2058 viginti
1639 1983 1886 2056 specula-

281 2074 417 2120 tores
447 2064 833 2120 consalutatum
862 2069 1242 2133 imperatorem,
1270 2078 1332 2116 ac
1357 2062 1618 2132 paucitate
1645 2060 1886 2115 salutan-

284 2141 415 2195 tium
451 2139 737 2211 trepidum‚
770 2150 821 2195 et
840 2140 1000 2195 sellae
1020 2137 1328 2194 festinanter
1348 2136 1661 2209 inpositum,
1687 2135 1886 2191 strictis

282 2216 631 2270 mucronibus
653 2216 884 2287 rapiunt.
958 2214 1197 2271 Totidem
1221 2212 1384 2268 ferme
1401 2212 1599 2269 milites
1621 2212 1674 2267 in
1698 2213 1888 2267 itinere

282 2290 665 2362 adgregantur:
707 2291 796 2345 alii
819 2292 1158 2353 conscientia,
1183 2288 1426 2361 plerique
1445 2286 1730 2355 miraculo;
1759 2304 1886 2361 pars

281 2364 511 2420 clanim-e
550 2375 601 2420 et
636 2367 851 2439 gaudio,
892 2384 1016 2439 pars
1055 2365 1285 2431 silentio,
1325 2364 1569 2420 animum
1601 2381 1669 2419 ex
1688 2372 1885 2421 eventu

281 2443 571 2511 sumpturi.

390 2518 477 2572 28.
518 2514 807 2571 Stationem
832 2516 888 2570 in
910 2516 1098 2571 castris
1116 2516 1305 2589 agebat
1323 2514 1494 2570 Iulius
1513 2513 1769 2570 Martialis
1791 2515 1888 2567 tri-

281 2587 483 2643 bunus.
567 2591 635 2654 ls,
678 2592 1047 2665 magnitudine
1075 2591 1240 2646 subiti
1271 2590 1506 2653 sceleris,
1542 2607 1608 2643 an
1639 2596 1886 2659 corrupta

282 2660 441 2716 latius
460 2674 651 2727 castra,
682 2682 763 2728 ac,
804 2668 850 2720 si
881 2676 1056 2720 contra
1077 2666 1328 2729 tenderet,
1369 2666 1591 2721 exitium
1617 2671 1881 2727 metuens,

282 2736 525 2799 praebuit
545 2739 819 2813 plerisque
838 2741 1200 2813 suspicionem
1218 2740 1587 2797 conscientiae.
1652 2736 1886 2811 Antepo-
