2081 3038
467 215 570 263 m:
605 211 1028 261 GERMANIA.
1070 214 1237 261 CAP.
1279 213 1456 260 5—-7,
1660 207 1761 263 249

172 328 397 377 veterem
419 324 470 373 et
488 317 583 374 diu
603 323 801 381 notam,
826 322 1052 370 serratos
1068 289 1401 388 bigatosque.
1466 313 1762 390 Argentum
1833 385 1843 392 -

167 413 383 468 quoque
405 393 577 466 magis
593 409 758 466 quam
779 408 970 446 aurum
1001 396 1322 464 sequuntur,
1350 388 1494 444 nulla
1516 390 1765 446 adfectio-

170 489 234 526 ne
253 469 442 534 animi,
473 468 568 523 sed
595 467 722 539 quia
749 483 1008 521 numerus
1026 473 1393 538 argenteorum
1418 464 1617 521 facilior
1634 468 1762 523 usui

71 611 74 614 ⁴
167 553 246 600 est
265 545 568 616 promiscua
589 559 650 597 ec
671 541 794 596 vilia
815 541 1194 595 mercantibus,

277 624 328 673 6.
371 620 449 672 Ne
480 617 678 672 ferrum
701 616 920 688 quidem
948 621 1212 686 superest,
1234 614 1374 668 sicut
1390 630 1456 668 ex
1474 630 1667 687 genere
1684 623 1764 670 te-

171 697 341 752 lorum
369 693 674 766 conligitur,
753 690 876 764 Rari
905 689 1099 764 gladiis
1125 698 1217 744 aut
1244 689 1537 744 maioribus
1567 688 1764 746 lanceis

169 779 421 824 utuntur:
465 768 662 832 hastas,
706 765 788 821 vel
823 767 840 820 i
847 783 1063 836 psci-um
1098 763 1352 820 vocabuio
1388 769 1633 835 framea&
1670 781 1765 840 ge-

170 853 312 910 runt,
336 850 562 916 angusto
579 849 630 896 et
649 841 798 897 brevi
819 840 976 904 ferro,
995 840 1088 895 sed
1107 841 1180 895 ita
1202 840 1308 894 acri
1328 839 1465 894 etad
1485 857 1647 894 usum
1667 839 1765 895 ha-

170 919 285 984 bili,
318 928 378 973 ut
407 918 590 973 eodem
617 915 740 983 telo,
769 924 927 988 prout
947 917 1078 972 ratio
1094 916 1284 990 poscit,
1308 913 1390 969 vel
1410 915 1657 970 cominus
1677 915 1762 971 vel

167 994 381 1049 eminus
410 1001 668 1068 pugnent.
745 991 815 1047 Et
841 1008 1006 1064 eques
1029 991 1253 1063 quidem
1280 997 1429 1045 scuto
1457 989 1765 1064 frameaque

165 1077 441 1126 contentus
462 1076 568 1123 est.-
610 1067 812 1140 pedites
843 1076 894 1122 et
920 1065 1145 1122 missiiia
1167 1072 1444 1140 spargunt,
1472 1065 1629 1138 piura
1649 1068 1763 1122 sin-

165 1145 300 1220 guli,
314 1153 472 1218 atque
490 1145 544 1199 in
567 1145 874 1198 inmensum
888 1140 1263 1207 vibrant,nudi
1284 1149 1376 1196 aut
1394 1141 1580 1216 sagulo
1595 1141 1757 1198 leves.

167 1219 325 1276 Nulla
355 1219 529 1275 cultus
555 1218 790 1274 iactatio:
833 1227 982 1274 scuta
1011 1225 1219 1272 tantum
1250 1215 1557 1272 lectissimis
1576 1217 1765 1274 colori-

167 1297 271 1349 bus
289 1294 655 1367 distinguunt:
698 1294 886 1365 paucis
906 1291 1124 1348 loricae:
1168 1293 1263 1347 vix
1285 1293 1381 1347 uni
1413 1291 1630 1348 alterive
1648 1311 1765 1348 cas-

168 1372 246 1423 sis
267 1377 355 1422 aut
375 1368 542 1441 galea.
621 1367 764 1438 Equi
791 1383 896 1422 nen
924 1366 1113 1431 forma,
1136 1381 1240 1420 non
1262 1365 1535 1421 velocitate
1552 1369 1766 1440 conspi-

169 1443 286 1498 cui:
331 1443 423 1498 sed
443 1459 542 1495 neo
561 1443 767 1496 variare
785 1457 966 1519 gyros,
990 1442 1048 1494 in
1070 1457 1271 1494 morem
1293 1449 1553 1506 nostrum,
1574 1441 1768 1497 docen-

171 1527 285 1585 tur;
327 1519 381 1571 in
405 1525 605 1571 rectum
626 1526 716 1571 aut
735 1534 842 1571 uno
859 1515 1000 1571 flexu
1019 1515 1233 1570 dextros
1252 1522 1436 1589 agunt,
1452 1517 1522 1570 ita
1543 1518 1768 1572 coniun-

169 1602 253 1648 cto
279 1593 424 1657 orbe,
465 1598 528 1646 ut
553 1608 710 1646 nemo
735 1592 992 1663 posterior
1021 1592 1112 1645 sit.
1192 1592 1249 1644 {n
1274 1591 1586 1646 universum
1610 1595 1768 1650 aesti-

173 1668 358 1731 manti,
393 1666 517 1739 pius
541 1682 704 1737 penes
723 1667 952 1739 peditem
978 1666 1209 1721 roboris:
1254 1682 1421 1739 eoque
1440 1668 1590 1722 mixti
1614 1686 1767 1740 proe-

171 1746 389 1809 liantur,
411 1750 531 1814 epta
549 1751 602 1796 et
617 1750 942 1815 congruente
957 1742 1024 1797 ad
1046 1748 1346 1815 equestrem
1368 1759 1606 1817 pugnam
1624 1744 1768 1799 velo-

169 1822 324 1875 citate
343 1817 604 1890 peditum,
641 1834 784 1888 quos
805 1834 871 1873 ex
888 1819 1036 1873 omni
1067 1818 1345 1873 iuventute
1361 1817 1606 1883 delectos,
1648 1827 1767 1873 ante

81 1936 88 1941 .
129 1914 133 1919 ·
170 1896 336 1949 aciem
367 1892 555 1947 locent.
635 1892 890 1949 Definitur
917 1900 969 1947 et
996 1909 1285 1948 numerus:
1328 1893 1533 1947 centeni
1563 1910 1629 1948 ex
1652 1896 1767 1948 sin-

168 1970 314 2043 gulis
335 1969 488 2041 pagis
507 1976 660 2023 sunt:
701 1968 866 2041 idque
885 1969 1067 2039 ipsum
1085 1970 1223 2023 inter
1243 1986 1369 2023 suos
1390 1977 1673 2024 vocantur:
1716 1979 1769 2023 et

169 2044 314 2117 quod
352 2045 528 2116 primo
564 2060 823 2097 numerus
861 2042 980 2109 fuit,
1022 2045 1129 2099 iam
1173 2060 1365 2100 nomen
1392 2053 1442 2098 et
1470 2044 1636 2100 honor
1666 2052 1761 2098 est.

173 2121 326 2175 Acies
343 2136 438 2191 per
457 2134 653 2175 euneos
673 2120 1026 2189 componitur.
1105 2119 1303 2173 Cedere
1324 2120 1452 2185 loco,
1478 2119 1767 2174 dummodo

174 2212 361 2250 rursus
404 2196 590 2258 insteS,
629 2194 838 2249 consilii
878 2212 1045 2265 quem
1083 2191 1382 2249 formidinis
1423 2196 1762 2249 arbitrantur.

171 2272 400 2351 Corpora
419 2284 642 2324 suorum
659 2270 758 2323 etia
766 2288 818 2324 m
839 2270 896 2323 in
917 2268 1101 2323 dubiis
1117 2268 1335 2340 proeliis
1352 2269 1605 2324 referunt.
1636 2269 1769 2323 Scu-

173 2355 286 2400 tum
318 2344 620 2416 reliquisse,
651 2346 1000 2415 praecipuum
1029 2342 1319 2417 flagitium:
1363 2362 1461 2399 nec
1488 2353 1579 2399 aut
1604 2347 1769 2399 sacris

173 2420 357 2475 adesse
385 2426 476 2473 aut
503 2418 788 2479 concilium
814 2420 951 2473 inire
977 2419 1333 2492 ignominioso
1356 2419 1459 2487 fas3
1502 2420 1769 2492 multique

173 2495 484 2567 superstites
503 2493 765 2549 bellorum
787 2493 1063 2549 infamiam
1082 2493 1273 2567 laqueo
1294 2496 1564 2551 finierunt.

279 2570 334 2625 Ἴ.
376 2568 546 2644 Reges
583 2586 649 2623 ex
690 2568 977 2634 nobilitate,
1018 2570 1182 2624 duces
1210 2586 1278 2625 ex
1306 2571 1501 2626 virtute
1524 2579 1766 2627 sumunt.

174 2646 284 2700 Neo
301 2645 519 2717 regibus
537 2644 745 2699 infinita
764 2653 853 2700 aut
873 2644 1034 2699 libera
1056 2651 1313 2717 potestas:
1337 2652 1387 2699 et
1406 2644 1569 2700 duces
1588 2662 1771 2701 exem-

174 2720 264 2795 plo
287 2720 486 2791 potius,
510 2736 675 2791 quam
699 2720 952 2793 imperio:
992 2720 1038 2773 si
1062 2720 1315 2793 prompti,
1334 2720 1384 2775 si
1404 2723 1697 2795 conspicui,
1720 2722 1767 2777 si
