<?xml version="1.0" encoding="UTF-8"?>
<!DOCTYPE html PUBLIC "-//W3C//DTD XHTML 1.0 Transitional//EN"
    "http://www.w3.org/TR/xhtml1/DTD/xhtml1-transitional.dtd">
<html xmlns="http://www.w3.org/1999/xhtml" xml:lang="en" lang="en">
 <head>
  <title>
</title>
<meta http-equiv="Content-Type" content="text/html;charset=utf-8" />
  <meta name='ocr-system' content='tesseract 3.04.00' />
  <meta name='ocr-capabilities' content='ocr_page ocr_carea ocr_par ocr_line ocrx_word'/>
</head>
<body>
  <div class='ocr_page' id='page_1' title='image "./operaquoadextan03tacigoog/operaquoadextan03tacigoog_0599.png"; bbox 0 0 2081 3038; ppageno 0'>
   <div class='ocr_carea' id='block_1_1' title="bbox 183 224 1783 299">
    <p class='ocr_par' dir='ltr' id='par_1_1' title="bbox 183 224 1783 299">
     <span class='ocr_line' id='line_1_1' title="bbox 183 224 1783 299; baseline 0 -16"><span class='ocrx_word' id='word_1_1' title='bbox 183 245 233 283; x_wconf 70' lang='lat' dir='ltr'>A.</span> <span class='ocrx_word' id='word_1_2' title='bbox 256 244 307 282; x_wconf 86' lang='lat' dir='ltr'>c.</span> <span class='ocrx_word' id='word_1_3' title='bbox 331 224 428 299; x_wconf 81' lang='lat'><strong>70.)</strong></span> <span class='ocrx_word' id='word_1_4' title='bbox 577 231 870 281; x_wconf 78' lang='lat' dir='ltr'>L113.1v.</span> <span class='ocrx_word' id='word_1_5' title='bbox 910 231 1089 281; x_wconf 73' lang='lat' dir='ltr'>cAP.</span> <span class='ocrx_word' id='word_1_6' title='bbox 1131 234 1374 283; x_wconf 75' lang='lat'><strong>29—32.</strong></span> <span class='ocrx_word' id='word_1_7' title='bbox 1685 228 1783 283; x_wconf 71' lang='lat'>⁴89</span> 
     </span>
    </p>
   </div>
   <div class='ocr_carea' id='block_1_2' title="bbox 179 334 1792 2818">
    <p class='ocr_par' dir='ltr' id='par_1_2' title="bbox 179 334 1784 557">
     <span class='ocr_line' id='line_1_2' title="bbox 183 334 1781 412; baseline 0.001 -21"><span class='ocrx_word' id='word_1_8' title='bbox 183 336 291 391; x_wconf 83' lang='lat' dir='ltr'>lere</span> <span class='ocrx_word' id='word_1_9' title='bbox 321 334 577 400; x_wconf 84' lang='lat' dir='ltr'>umbone,</span> <span class='ocrx_word' id='word_1_10' title='bbox 605 335 717 407; x_wconf 89' lang='lat' dir='ltr'>pilo</span> <span class='ocrx_word' id='word_1_11' title='bbox 742 336 925 407; x_wconf 85' lang='lat' dir='ltr'>sequi:</span> <span class='ocrx_word' id='word_1_12' title='bbox 968 334 1188 401; x_wconf 83' lang='lat' dir='ltr'>multos,</span> <span class='ocrx_word' id='word_1_13' title='bbox 1216 336 1273 392; x_wconf 91' lang='lat' dir='ltr'>in</span> <span class='ocrx_word' id='word_1_14' title='bbox 1296 337 1502 393; x_wconf 86' lang='lat' dir='ltr'>moenia</span> <span class='ocrx_word' id='word_1_15' title='bbox 1520 354 1781 412; x_wconf 80' lang='lat' dir='ltr'>egressos,</span> 
     </span>
     <span class='ocr_line' id='line_1_3' title="bbox 179 410 1784 485; baseline 0.002 -18"><span class='ocrx_word' id='word_1_16' title='bbox 179 410 513 485; x_wconf 79' lang='lat' dir='ltr'>pugionibus</span> <span class='ocrx_word' id='word_1_17' title='bbox 538 410 734 467; x_wconf 82' lang='lat' dir='ltr'>fodere.</span> <span class='ocrx_word' id='word_1_18' title='bbox 814 410 905 465; x_wconf 83' lang='lat' dir='ltr'>Sic</span> <span class='ocrx_word' id='word_1_19' title='bbox 926 411 1185 466; x_wconf 82' lang='lat' dir='ltr'>exhausta</span> <span class='ocrx_word' id='word_1_20' title='bbox 1211 420 1379 478; x_wconf 87' lang='lat' dir='ltr'>nocte,</span> <span class='ocrx_word' id='word_1_21' title='bbox 1405 429 1592 468; x_wconf 82' lang='lat' dir='ltr'>novam</span> <span class='ocrx_word' id='word_1_22' title='bbox 1616 416 1784 472; x_wconf 86' lang='lat' dir='ltr'>aciem</span> 
     </span>
     <span class='ocr_line' id='line_1_4' title="bbox 180 486 543 557; baseline 0 -16"><span class='ocrx_word' id='word_1_23' title='bbox 180 486 299 543; x_wconf 83' lang='lat' dir='ltr'>dies</span> <span class='ocrx_word' id='word_1_24' title='bbox 316 488 543 557; x_wconf 84' lang='lat' dir='ltr'>aperuit.</span> 
     </span>
    </p>

    <p class='ocr_par' dir='ltr' id='par_1_3' title="bbox 180 558 1790 1460">
     <span class='ocr_line' id='line_1_5' title="bbox 294 558 1782 633; baseline 0.001 -16"><span class='ocrx_word' id='word_1_25' title='bbox 294 565 379 617; x_wconf 88' lang='grc'>30.</span> <span class='ocrx_word' id='word_1_26' title='bbox 443 558 757 618; x_wconf 79' lang='lat' dir='ltr'>Eduxerant</span> <span class='ocrx_word' id='word_1_27' title='bbox 802 562 982 617; x_wconf 82' lang='lat' dir='ltr'>Batavi</span> <span class='ocrx_word' id='word_1_28' title='bbox 1042 562 1232 616; x_wconf 83' lang='lat' dir='ltr'>turrim</span> <span class='ocrx_word' id='word_1_29' title='bbox 1281 560 1485 633; x_wconf 79' lang='lat' dir='ltr'>duplici</span> <span class='ocrx_word' id='word_1_30' title='bbox 1532 562 1782 629; x_wconf 76' lang='lat' dir='ltr'>tabulato,</span> 
     </span>
     <span class='ocr_line' id='line_1_6' title="bbox 180 636 1787 725; baseline 0.001 -32"><span class='ocrx_word' id='word_1_31' title='bbox 180 654 371 711; x_wconf 88' lang='lat' dir='ltr'>quam,</span> <span class='ocrx_word' id='word_1_32' title='bbox 391 638 681 709; x_wconf 75' lang='lat' dir='ltr'>praetoriae</span> <span class='ocrx_word' id='word_1_33' title='bbox 701 645 881 725; x_wconf 86' lang='lat' dir='ltr'>portae</span> <span class='ocrx_word' id='word_1_34' title='bbox 910 636 977 710; x_wconf 90' lang='lat' dir='ltr'>(is</span> <span class='ocrx_word' id='word_1_35' title='bbox 998 636 1362 709; x_wconf 85' lang='lat' dir='ltr'>aequissimus</span> <span class='ocrx_word' id='word_1_36' title='bbox 1385 636 1787 710; x_wconf 85' lang='lat' dir='ltr'>locus)p10pin-</span> 
     </span>
     <span class='ocr_line' id='line_1_7' title="bbox 182 711 1789 786; baseline -0.001 -17"><span class='ocrx_word' id='word_1_37' title='bbox 182 721 459 786; x_wconf 85' lang='lat' dir='ltr'>quantem,</span> <span class='ocrx_word' id='word_1_38' title='bbox 490 713 718 783; x_wconf 86' lang='lat' dir='ltr'>promoti</span> <span class='ocrx_word' id='word_1_39' title='bbox 737 721 917 767; x_wconf 85' lang='lat' dir='ltr'>contra</span> <span class='ocrx_word' id='word_1_40' title='bbox 938 711 1102 768; x_wconf 85' lang='lat' dir='ltr'>validi</span> <span class='ocrx_word' id='word_1_41' title='bbox 1120 728 1326 767; x_wconf 79' lang='lat' dir='ltr'>asseres</span> <span class='ocrx_word' id='word_1_42' title='bbox 1348 720 1399 766; x_wconf 84' lang='lat' dir='ltr'>et</span> <span class='ocrx_word' id='word_1_43' title='bbox 1416 714 1665 768; x_wconf 84' lang='lat' dir='ltr'>incussae</span> <span class='ocrx_word' id='word_1_44' title='bbox 1682 723 1789 768; x_wconf 84' lang='lat' dir='ltr'>tra-</span> 
     </span>
     <span class='ocr_line' id='line_1_8' title="bbox 184 778 1787 863; baseline 0 -20"><span class='ocrx_word' id='word_1_45' title='bbox 184 790 279 843; x_wconf 85' lang='lat' dir='ltr'>bes</span> <span class='ocrx_word' id='word_1_46' title='bbox 298 786 615 860; x_wconf 71' lang='lat' dir='ltr'>perfregere,</span> <span class='ocrx_word' id='word_1_47' title='bbox 638 786 809 843; x_wconf 84' lang='lat' dir='ltr'>multa</span> <span class='ocrx_word' id='word_1_48' title='bbox 828 789 1248 858; x_wconf 86' lang='lat' dir='ltr'>superstantium</span> <span class='ocrx_word' id='word_1_49' title='bbox 1268 778 1530 859; x_wconf 84' lang='lat' dir='ltr'>pernicie.</span> <span class='ocrx_word' id='word_1_50' title='bbox 1577 788 1787 863; x_wconf 84' lang='lat' dir='ltr'>Pugna-</span> 
     </span>
     <span class='ocr_line' id='line_1_9' title="bbox 184 862 1790 934; baseline 0.001 -17"><span class='ocrx_word' id='word_1_51' title='bbox 184 872 411 933; x_wconf 80' lang='lat' dir='ltr'>tumque</span> <span class='ocrx_word' id='word_1_52' title='bbox 430 863 486 917; x_wconf 83' lang='lat' dir='ltr'>in</span> <span class='ocrx_word' id='word_1_53' title='bbox 508 862 779 933; x_wconf 87' lang='lat' dir='ltr'>perculsos</span> <span class='ocrx_word' id='word_1_54' title='bbox 798 862 973 917; x_wconf 86' lang='lat' dir='ltr'>subita</span> <span class='ocrx_word' id='word_1_55' title='bbox 995 871 1046 917; x_wconf 90' lang='lat' dir='ltr'>et</span> <span class='ocrx_word' id='word_1_56' title='bbox 1068 880 1318 934; x_wconf 88' lang='lat' dir='ltr'>prospera</span> <span class='ocrx_word' id='word_1_57' title='bbox 1341 864 1636 933; x_wconf 86' lang='lat' dir='ltr'>eruptione.</span> <span class='ocrx_word' id='word_1_58' title='bbox 1704 862 1790 918; x_wconf 77' lang='lat' dir='ltr'>Si-</span> 
     </span>
     <span class='ocr_line' id='line_1_10' title="bbox 184 936 1788 1010; baseline 0 -17"><span class='ocrx_word' id='word_1_59' title='bbox 184 937 299 993; x_wconf 87' lang='lat' dir='ltr'>mul</span> <span class='ocrx_word' id='word_1_60' title='bbox 327 954 356 990; x_wconf 86' lang='lat' dir='ltr'>a</span> <span class='ocrx_word' id='word_1_61' title='bbox 389 936 709 1009; x_wconf 80' lang='lat' dir='ltr'>legionariis,</span> <span class='ocrx_word' id='word_1_62' title='bbox 748 939 935 1009; x_wconf 89' lang='lat' dir='ltr'>peritia</span> <span class='ocrx_word' id='word_1_63' title='bbox 965 946 1015 993; x_wconf 85' lang='lat' dir='ltr'>et</span> <span class='ocrx_word' id='word_1_64' title='bbox 1045 946 1154 993; x_wconf 87' lang='lat' dir='ltr'>arte</span> <span class='ocrx_word' id='word_1_65' title='bbox 1178 939 1589 1010; x_wconf 81' lang='lat' dir='ltr'>praestantibus,</span> <span class='ocrx_word' id='word_1_66' title='bbox 1634 938 1788 1009; x_wconf 86' lang='lat' dir='ltr'>plura</span> 
     </span>
     <span class='ocr_line' id='line_1_11' title="bbox 183 1008 1784 1085; baseline 0.001 -18"><span class='ocrx_word' id='word_1_67' title='bbox 183 1008 545 1069; x_wconf 82' lang='lat' dir='ltr'>struebantur.</span> <span class='ocrx_word' id='word_1_68' title='bbox 614 1013 965 1084; x_wconf 79' lang='lat' dir='ltr'>Praecipuum</span> <span class='ocrx_word' id='word_1_69' title='bbox 986 1030 1238 1085; x_wconf 78' lang='lat' dir='ltr'>pavorem</span> <span class='ocrx_word' id='word_1_70' title='bbox 1259 1014 1440 1069; x_wconf 87' lang='lat' dir='ltr'>intulit</span> <span class='ocrx_word' id='word_1_71' title='bbox 1458 1030 1784 1085; x_wconf 83' lang='lat' dir='ltr'>suspensum</span> 
     </span>
     <span class='ocr_line' id='line_1_12' title="bbox 182 1086 1790 1161; baseline 0.002 -18"><span class='ocrx_word' id='word_1_72' title='bbox 182 1097 235 1143; x_wconf 88' lang='lat' dir='ltr'>et</span> <span class='ocrx_word' id='word_1_73' title='bbox 253 1096 449 1143; x_wconf 81' lang='lat' dir='ltr'>nutans</span> <span class='ocrx_word' id='word_1_74' title='bbox 471 1086 982 1143; x_wconf 85' lang='lat' dir='ltr'>machinamentum</span> <span class='ocrx_word' id='word_1_75' title='bbox 968 1106 1108 1161; x_wconf 84' lang='lat' dir='ltr'>,quo</span> <span class='ocrx_word' id='word_1_76' title='bbox 1127 1098 1342 1160; x_wconf 88' lang='lat' dir='ltr'>repente</span> <span class='ocrx_word' id='word_1_77' title='bbox 1362 1090 1615 1155; x_wconf 85' lang='lat' dir='ltr'>demisso,</span> <span class='ocrx_word' id='word_1_78' title='bbox 1635 1107 1790 1161; x_wconf 80' lang='lat' dir='ltr'>prae-</span> 
     </span>
     <span class='ocr_line' id='line_1_13' title="bbox 182 1162 1784 1237; baseline 0 -18"><span class='ocrx_word' id='word_1_79' title='bbox 182 1172 261 1219; x_wconf 86' lang='lat' dir='ltr'>ter</span> <span class='ocrx_word' id='word_1_80' title='bbox 280 1181 502 1219; x_wconf 89' lang='lat' dir='ltr'>suorum</span> <span class='ocrx_word' id='word_1_81' title='bbox 520 1181 610 1219; x_wconf 89' lang='lat' dir='ltr'>ora</span> <span class='ocrx_word' id='word_1_82' title='bbox 630 1162 834 1237; x_wconf 83' lang='lat' dir='ltr'>singuli</span> <span class='ocrx_word' id='word_1_83' title='bbox 851 1162 1104 1235; x_wconf 81' lang='lat' dir='ltr'>pluresve</span> <span class='ocrx_word' id='word_1_84' title='bbox 1118 1163 1354 1222; x_wconf 90' lang='lat' dir='ltr'>hostium</span> <span class='ocrx_word' id='word_1_85' title='bbox 1375 1164 1609 1221; x_wconf 87' lang='lat' dir='ltr'>sublime</span> <span class='ocrx_word' id='word_1_86' title='bbox 1627 1166 1784 1237; x_wconf 90' lang='lat' dir='ltr'>rapti,</span> 
     </span>
     <span class='ocr_line' id='line_1_14' title="bbox 183 1239 1784 1311; baseline 0.001 -16"><span class='ocrx_word' id='word_1_87' title='bbox 183 1256 337 1295; x_wconf 83' lang='lat' dir='ltr'>verso</span> <span class='ocrx_word' id='word_1_88' title='bbox 381 1239 613 1311; x_wconf 89' lang='lat' dir='ltr'>pondere</span> <span class='ocrx_word' id='word_1_89' title='bbox 659 1242 797 1293; x_wconf 87' lang='lat' dir='ltr'>intra</span> <span class='ocrx_word' id='word_1_90' title='bbox 849 1248 1018 1295; x_wconf 87' lang='lat' dir='ltr'>castra</span> <span class='ocrx_word' id='word_1_91' title='bbox 1069 1240 1490 1296; x_wconf 80' lang='lat' dir='ltr'>effundebantur.</span> <span class='ocrx_word' id='word_1_92' title='bbox 1573 1240 1784 1307; x_wconf 77' lang='lat' dir='ltr'>Civilis,</span> 
     </span>
     <span class='ocr_line' id='line_1_15' title="bbox 180 1314 1784 1387; baseline -0.001 -17"><span class='ocrx_word' id='word_1_93' title='bbox 180 1316 381 1370; x_wconf 88' lang='lat' dir='ltr'>omissa</span> <span class='ocrx_word' id='word_1_94' title='bbox 410 1314 758 1387; x_wconf 83' lang='lat' dir='ltr'>oppugnandi</span> <span class='ocrx_word' id='word_1_95' title='bbox 786 1330 903 1383; x_wconf 88' lang='lat' dir='ltr'>spe,</span> <span class='ocrx_word' id='word_1_96' title='bbox 949 1332 1140 1370; x_wconf 87' lang='lat' dir='ltr'>rursus</span> <span class='ocrx_word' id='word_1_97' title='bbox 1168 1331 1263 1385; x_wconf 90' lang='lat' dir='ltr'>per</span> <span class='ocrx_word' id='word_1_98' title='bbox 1292 1316 1462 1370; x_wconf 89' lang='lat' dir='ltr'>otium</span> <span class='ocrx_word' id='word_1_99' title='bbox 1492 1315 1784 1381; x_wconf 87' lang='lat' dir='ltr'>adsidebat,</span> 
     </span>
     <span class='ocr_line' id='line_1_16' title="bbox 186 1387 1582 1460; baseline -0.001 -15"><span class='ocrx_word' id='word_1_100' title='bbox 186 1390 390 1446; x_wconf 83' lang='lat' dir='ltr'>nuntiis</span> <span class='ocrx_word' id='word_1_101' title='bbox 409 1398 460 1443; x_wconf 91' lang='lat' dir='ltr'>et</span> <span class='ocrx_word' id='word_1_102' title='bbox 479 1389 761 1459; x_wconf 87' lang='lat' dir='ltr'>promissis</span> <span class='ocrx_word' id='word_1_103' title='bbox 782 1388 943 1441; x_wconf 85' lang='lat' dir='ltr'>fidem</span> <span class='ocrx_word' id='word_1_104' title='bbox 964 1387 1236 1460; x_wconf 81' lang='lat' dir='ltr'>legionum</span> <span class='ocrx_word' id='word_1_105' title='bbox 1258 1388 1582 1443; x_wconf 73' lang='lat' dir='ltr'>convellens,</span> 
     </span>
    </p>

    <p class='ocr_par' dir='ltr' id='par_1_4' title="bbox 180 1461 1792 2422">
     <span class='ocr_line' id='line_1_17' title="bbox 295 1461 1784 1534; baseline 0 -17"><span class='ocrx_word' id='word_1_106' title='bbox 295 1468 349 1517; x_wconf 67' lang='lat'>3⁴</span> <span class='ocrx_word' id='word_1_107' title='bbox 366 1505 383 1517; x_wconf 89' lang='lat'><strong>.</strong></span> <span class='ocrx_word' id='word_1_108' title='bbox 421 1464 561 1517; x_wconf 88' lang='lat' dir='ltr'>Haec</span> <span class='ocrx_word' id='word_1_109' title='bbox 590 1464 649 1519; x_wconf 90' lang='lat' dir='ltr'>in</span> <span class='ocrx_word' id='word_1_110' title='bbox 676 1462 963 1518; x_wconf 85' lang='lat' dir='ltr'>Germania</span> <span class='ocrx_word' id='word_1_111' title='bbox 992 1472 1112 1515; x_wconf 88' lang='lat' dir='ltr'>ante</span> <span class='ocrx_word' id='word_1_112' title='bbox 1140 1461 1496 1517; x_wconf 82' lang='lat' dir='ltr'>Cremonense</span> <span class='ocrx_word' id='word_1_113' title='bbox 1523 1462 1784 1534; x_wconf 88' lang='lat' dir='ltr'>proelium</span> 
     </span>
     <span class='ocr_line' id='line_1_18' title="bbox 181 1535 1786 1612; baseline 0 -20"><span class='ocrx_word' id='word_1_114' title='bbox 181 1549 349 1612; x_wconf 85' lang='lat' dir='ltr'>gesta,</span> <span class='ocrx_word' id='word_1_115' title='bbox 394 1540 553 1594; x_wconf 89' lang='lat' dir='ltr'>cuius</span> <span class='ocrx_word' id='word_1_116' title='bbox 590 1546 843 1595; x_wconf 80' lang='lat' dir='ltr'>eventum</span> <span class='ocrx_word' id='word_1_117' title='bbox 883 1537 1086 1592; x_wconf 86' lang='lat' dir='ltr'>litterae</span> <span class='ocrx_word' id='word_1_118' title='bbox 1113 1537 1279 1589; x_wconf 88' lang='lat' dir='ltr'>Primi</span> <span class='ocrx_word' id='word_1_119' title='bbox 1297 1535 1516 1591; x_wconf 82' lang='lat' dir='ltr'>Antonii</span> <span class='ocrx_word' id='word_1_120' title='bbox 1543 1538 1786 1604; x_wconf 86' lang='lat' dir='ltr'>docuere,</span> 
     </span>
     <span class='ocr_line' id='line_1_19' title="bbox 183 1609 1786 1682; baseline -0.001 -13"><span class='ocrx_word' id='word_1_121' title='bbox 183 1615 361 1669; x_wconf 90' lang='lat' dir='ltr'>addito</span> <span class='ocrx_word' id='word_1_122' title='bbox 382 1612 637 1672; x_wconf 87' lang='lat' dir='ltr'>Caecinae</span> <span class='ocrx_word' id='word_1_123' title='bbox 656 1613 843 1668; x_wconf 82' lang='lat' dir='ltr'>edicto.</span> <span class='ocrx_word' id='word_1_124' title='bbox 910 1611 979 1666; x_wconf 89' lang='lat' dir='ltr'>Et</span> <span class='ocrx_word' id='word_1_125' title='bbox 995 1609 1293 1682; x_wconf 81' lang='lat' dir='ltr'>praefectus</span> <span class='ocrx_word' id='word_1_126' title='bbox 1313 1611 1542 1669; x_wconf 86' lang='lat' dir='ltr'>cohortis</span> <span class='ocrx_word' id='word_1_127' title='bbox 1561 1631 1591 1668; x_wconf 90' lang='lat' dir='ltr'>e</span> <span class='ocrx_word' id='word_1_128' title='bbox 1610 1615 1786 1680; x_wconf 79' lang='lat' dir='ltr'>victiS,</span> 
     </span>
     <span class='ocr_line' id='line_1_20' title="bbox 182 1686 1792 1762; baseline 0 -18"><span class='ocrx_word' id='word_1_129' title='bbox 182 1687 419 1762; x_wconf 84' lang='lat' dir='ltr'>Alpinus</span> <span class='ocrx_word' id='word_1_130' title='bbox 442 1689 747 1754; x_wconf 84' lang='lat' dir='ltr'>Montanus,</span> <span class='ocrx_word' id='word_1_131' title='bbox 780 1686 1046 1742; x_wconf 85' lang='lat' dir='ltr'>fortunam</span> <span class='ocrx_word' id='word_1_132' title='bbox 1065 1686 1298 1758; x_wconf 87' lang='lat' dir='ltr'>partium</span> <span class='ocrx_word' id='word_1_133' title='bbox 1316 1705 1570 1758; x_wconf 89' lang='lat' dir='ltr'>praesens</span> <span class='ocrx_word' id='word_1_134' title='bbox 1593 1688 1792 1744; x_wconf 76' lang='lat' dir='ltr'>fateba-</span> 
     </span>
     <span class='ocr_line' id='line_1_21' title="bbox 181 1762 1786 1831; baseline -0.001 -11"><span class='ocrx_word' id='word_1_135' title='bbox 181 1773 291 1820; x_wconf 89' lang='lat' dir='ltr'>tur.</span> <span class='ocrx_word' id='word_1_136' title='bbox 352 1763 561 1820; x_wconf 86' lang='lat' dir='ltr'>Diversi</span> <span class='ocrx_word' id='word_1_137' title='bbox 581 1765 709 1818; x_wconf 84' lang='lat' dir='ltr'>hinc</span> <span class='ocrx_word' id='word_1_138' title='bbox 726 1771 903 1818; x_wconf 88' lang='lat' dir='ltr'>motus</span> <span class='ocrx_word' id='word_1_139' title='bbox 924 1763 1249 1818; x_wconf 22' lang='lat' dir='ltr'>animoiffum</span> <span class='ocrx_word' id='word_1_140' title='bbox 1310 1762 1524 1818; x_wconf 86' lang='lat' dir='ltr'>Auxilia</span> <span class='ocrx_word' id='word_1_141' title='bbox 1543 1782 1574 1818; x_wconf 91' lang='lat' dir='ltr'>e</span> <span class='ocrx_word' id='word_1_142' title='bbox 1593 1765 1786 1831; x_wconf 88' lang='lat' dir='ltr'>Gallia,</span> 
     </span>
     <span class='ocr_line' id='line_1_22' title="bbox 182 1836 1784 1913; baseline 0 -19"><span class='ocrx_word' id='word_1_143' title='bbox 182 1840 312 1913; x_wconf 85' lang='lat' dir='ltr'>quis</span> <span class='ocrx_word' id='word_1_144' title='bbox 333 1857 431 1894; x_wconf 91' lang='lat' dir='ltr'>nec</span> <span class='ocrx_word' id='word_1_145' title='bbox 448 1857 595 1896; x_wconf 84' lang='lat' dir='ltr'>amor</span> <span class='ocrx_word' id='word_1_146' title='bbox 616 1856 715 1894; x_wconf 87' lang='lat' dir='ltr'>nec</span> <span class='ocrx_word' id='word_1_147' title='bbox 732 1838 952 1894; x_wconf 90' lang='lat' dir='ltr'>odium</span> <span class='ocrx_word' id='word_1_148' title='bbox 939 1857 994 1893; x_wconf 88' lang='lat' dir='ltr'>m</span> <span class='ocrx_word' id='word_1_149' title='bbox 1014 1847 1214 1910; x_wconf 80' lang='lat' dir='ltr'>partes,</span> <span class='ocrx_word' id='word_1_150' title='bbox 1227 1836 1418 1893; x_wconf 89' lang='lat' dir='ltr'>militia</span> <span class='ocrx_word' id='word_1_151' title='bbox 1429 1838 1547 1893; x_wconf 80' lang='lat' dir='ltr'>sine</span> <span class='ocrx_word' id='word_1_152' title='bbox 1559 1839 1784 1905; x_wconf 85' lang='lat' dir='ltr'>adfectu,</span> 
     </span>
     <span class='ocr_line' id='line_1_23' title="bbox 183 1882 1790 1986; baseline 0.002 -16"><span class='ocrx_word' id='word_1_153' title='bbox 183 1915 519 1970; x_wconf 84' lang='lat' dir='ltr'>hortantibus</span> <span class='ocrx_word' id='word_1_154' title='bbox 541 1911 818 1986; x_wconf 78' lang='lat' dir='ltr'>praefectis</span> <span class='ocrx_word' id='word_1_155' title='bbox 838 1915 1016 1968; x_wconf 86' lang='lat' dir='ltr'>statim</span> <span class='ocrx_word' id='word_1_156' title='bbox 1039 1933 1072 1970; x_wconf 90' lang='lat' dir='ltr'>a</span> <span class='ocrx_word' id='word_1_157' title='bbox 1090 1913 1303 1970; x_wconf 88' lang='lat' dir='ltr'>Vitellio</span> <span class='ocrx_word' id='word_1_158' title='bbox 1323 1913 1644 1968; x_wconf 85' lang='lat' dir='ltr'>desciscunt.</span> <span class='ocrx_word' id='word_1_159' title='bbox 1687 1882 1790 1973; x_wconf 52' lang='lat' dir='ltr'>Vc:</span> 
     </span>
     <span class='ocr_line' id='line_1_24' title="bbox 182 1988 1786 2063; baseline -0.001 -18"><span class='ocrx_word' id='word_1_160' title='bbox 182 2000 271 2047; x_wconf 86' lang='lat' dir='ltr'>tus</span> <span class='ocrx_word' id='word_1_161' title='bbox 293 1989 449 2046; x_wconf 88' lang='lat' dir='ltr'>miles</span> <span class='ocrx_word' id='word_1_162' title='bbox 469 1989 840 2048; x_wconf 88' lang='lat' dir='ltr'>cunctabatur:</span> <span class='ocrx_word' id='word_1_163' title='bbox 883 1988 976 2042; x_wconf 89' lang='lat' dir='ltr'>sed</span> <span class='ocrx_word' id='word_1_164' title='bbox 1002 1989 1248 2063; x_wconf 80' lang='lat' dir='ltr'>adigente</span> <span class='ocrx_word' id='word_1_165' title='bbox 1266 1989 1560 2045; x_wconf 80' lang='lat' dir='ltr'>Hordeonio</span> <span class='ocrx_word' id='word_1_166' title='bbox 1579 1988 1786 2055; x_wconf 86' lang='lat' dir='ltr'>Flacco,</span> 
     </span>
     <span class='ocr_line' id='line_1_25' title="bbox 182 2063 1791 2130; baseline 0 -10"><span class='ocrx_word' id='word_1_167' title='bbox 182 2065 507 2120; x_wconf 81' lang='lat' dir='ltr'>instantibus</span> <span class='ocrx_word' id='word_1_168' title='bbox 529 2065 781 2129; x_wconf 74' lang='lat' dir='ltr'>tribuniS,</span> <span class='ocrx_word' id='word_1_169' title='bbox 804 2065 943 2118; x_wconf 88' lang='lat' dir='ltr'>dixit</span> <span class='ocrx_word' id='word_1_170' title='bbox 960 2073 1372 2130; x_wconf 83' lang='lat' dir='ltr'>sacramentum,</span> <span class='ocrx_word' id='word_1_171' title='bbox 1398 2082 1502 2120; x_wconf 89' lang='lat' dir='ltr'>non</span> <span class='ocrx_word' id='word_1_172' title='bbox 1519 2063 1674 2120; x_wconf 85' lang='lat' dir='ltr'>vultu</span> <span class='ocrx_word' id='word_1_173' title='bbox 1695 2082 1791 2120; x_wconf 88' lang='lat' dir='ltr'>ne-</span> 
     </span>
     <span class='ocr_line' id='line_1_26' title="bbox 181 2137 1791 2212; baseline -0.001 -16"><span class='ocrx_word' id='word_1_174' title='bbox 181 2157 290 2212; x_wconf 90' lang='lat' dir='ltr'>que</span> <span class='ocrx_word' id='word_1_175' title='bbox 312 2143 493 2198; x_wconf 87' lang='lat' dir='ltr'>animo</span> <span class='ocrx_word' id='word_1_176' title='bbox 514 2143 645 2195; x_wconf 86' lang='lat' dir='ltr'>satis</span> <span class='ocrx_word' id='word_1_177' title='bbox 672 2137 989 2196; x_wconf 80' lang='lat' dir='ltr'>adfirmans:</span> <span class='ocrx_word' id='word_1_178' title='bbox 1034 2147 1104 2206; x_wconf 87' lang='lat' dir='ltr'>et,</span> <span class='ocrx_word' id='word_1_179' title='bbox 1133 2157 1259 2195; x_wconf 91' lang='lat' dir='ltr'>cum</span> <span class='ocrx_word' id='word_1_180' title='bbox 1280 2148 1447 2195; x_wconf 84' lang='lat' dir='ltr'>cetera</span> <span class='ocrx_word' id='word_1_181' title='bbox 1466 2141 1791 2195; x_wconf 85' lang='lat' dir='ltr'>iurisiuran-</span> 
     </span>
     <span class='ocr_line' id='line_1_27' title="bbox 180 2215 1786 2288; baseline 0 -18"><span class='ocrx_word' id='word_1_182' title='bbox 180 2216 237 2270; x_wconf 88' lang='lat' dir='ltr'>di</span> <span class='ocrx_word' id='word_1_183' title='bbox 277 2216 439 2272; x_wconf 85' lang='lat' dir='ltr'>verba</span> <span class='ocrx_word' id='word_1_184' title='bbox 477 2217 830 2288; x_wconf 83' lang='lat' dir='ltr'>conciperent,</span> <span class='ocrx_word' id='word_1_185' title='bbox 873 2215 1190 2286; x_wconf 87' lang='lat' dir='ltr'>Vespasiani</span> <span class='ocrx_word' id='word_1_186' title='bbox 1221 2233 1416 2271; x_wconf 89' lang='lat' dir='ltr'>nomen</span> <span class='ocrx_word' id='word_1_187' title='bbox 1445 2216 1786 2282; x_wconf 82' lang='lat' dir='ltr'>haesitanteS,</span> 
     </span>
     <span class='ocr_line' id='line_1_28' title="bbox 182 2290 1790 2364; baseline -0.001 -17"><span class='ocrx_word' id='word_1_188' title='bbox 182 2300 275 2348; x_wconf 87' lang='lat' dir='ltr'>aut</span> <span class='ocrx_word' id='word_1_189' title='bbox 310 2290 417 2348; x_wconf 87' lang='lat' dir='ltr'>levi</span> <span class='ocrx_word' id='word_1_190' title='bbox 446 2309 745 2358; x_wconf 88' lang='lat' dir='ltr'>murmure,</span> <span class='ocrx_word' id='word_1_191' title='bbox 776 2298 825 2346; x_wconf 91' lang='lat' dir='ltr'>et</span> <span class='ocrx_word' id='word_1_192' title='bbox 844 2290 1168 2364; x_wconf 86' lang='lat' dir='ltr'>plerumque</span> <span class='ocrx_word' id='word_1_193' title='bbox 1195 2291 1432 2357; x_wconf 86' lang='lat' dir='ltr'>silentio,</span> <span class='ocrx_word' id='word_1_194' title='bbox 1465 2291 1790 2346; x_wconf 78' lang='lat' dir='ltr'>transm-itte-</span> 
     </span>
     <span class='ocr_line' id='line_1_29' title="bbox 182 2367 327 2422; baseline -0.007 0"><span class='ocrx_word' id='word_1_195' title='bbox 182 2367 327 2422; x_wconf 87' lang='lat' dir='ltr'>bant.</span> 
     </span>
    </p>

    <p class='ocr_par' dir='ltr' id='par_1_5' title="bbox 182 2440 1790 2818">
     <span class='ocr_line' id='line_1_30' title="bbox 294 2440 1789 2514; baseline -0.001 -16"><span class='ocrx_word' id='word_1_196' title='bbox 294 2446 379 2498; x_wconf 69' lang='lat'>32.</span> <span class='ocrx_word' id='word_1_197' title='bbox 422 2443 609 2498; x_wconf 79' lang='lat' dir='ltr'>Lectae</span> <span class='ocrx_word' id='word_1_198' title='bbox 627 2441 818 2498; x_wconf 83' lang='lat' dir='ltr'>deinde</span> <span class='ocrx_word' id='word_1_199' title='bbox 837 2460 933 2514; x_wconf 89' lang='lat' dir='ltr'>pro</span> <span class='ocrx_word' id='word_1_200' title='bbox 952 2443 1204 2498; x_wconf 80' lang='lat' dir='ltr'>concione</span> <span class='ocrx_word' id='word_1_201' title='bbox 1223 2440 1472 2513; x_wconf 86' lang='lat' dir='ltr'>epistolae</span> <span class='ocrx_word' id='word_1_202' title='bbox 1493 2441 1707 2497; x_wconf 83' lang='lat' dir='ltr'>Antonii</span> <span class='ocrx_word' id='word_1_203' title='bbox 1723 2441 1789 2496; x_wconf 88' lang='lat' dir='ltr'>ad</span> 
     </span>
     <span class='ocr_line' id='line_1_31' title="bbox 182 2514 1790 2589; baseline -0.001 -16"><span class='ocrx_word' id='word_1_204' title='bbox 182 2517 433 2582; x_wconf 85' lang='lat' dir='ltr'>Civilem,</span> <span class='ocrx_word' id='word_1_205' title='bbox 464 2519 800 2589; x_wconf 82' lang='lat' dir='ltr'>suspiciones</span> <span class='ocrx_word' id='word_1_206' title='bbox 829 2517 1065 2574; x_wconf 90' lang='lat' dir='ltr'>militum</span> <span class='ocrx_word' id='word_1_207' title='bbox 1095 2519 1398 2582; x_wconf 86' lang='lat' dir='ltr'>inritavere,</span> <span class='ocrx_word' id='word_1_208' title='bbox 1429 2525 1703 2589; x_wconf 86' lang='lat' dir='ltr'>tamquam</span> <span class='ocrx_word' id='word_1_209' title='bbox 1723 2514 1790 2572; x_wconf 86' lang='lat' dir='ltr'>ad</span> 
     </span>
     <span class='ocr_line' id='line_1_32' title="bbox 182 2593 1789 2666; baseline -0.001 -17"><span class='ocrx_word' id='word_1_210' title='bbox 182 2594 391 2649; x_wconf 89' lang='lat' dir='ltr'>socium</span> <span class='ocrx_word' id='word_1_211' title='bbox 411 2595 646 2665; x_wconf 87' lang='lat' dir='ltr'>partium</span> <span class='ocrx_word' id='word_1_212' title='bbox 669 2595 915 2666; x_wconf 89' lang='lat' dir='ltr'>scriptae,</span> <span class='ocrx_word' id='word_1_213' title='bbox 939 2601 990 2648; x_wconf 90' lang='lat' dir='ltr'>et</span> <span class='ocrx_word' id='word_1_214' title='bbox 1008 2593 1074 2648; x_wconf 92' lang='lat' dir='ltr'>de</span> <span class='ocrx_word' id='word_1_215' title='bbox 1095 2593 1413 2650; x_wconf 88' lang='lat' dir='ltr'>Germanico</span> <span class='ocrx_word' id='word_1_216' title='bbox 1437 2595 1672 2648; x_wconf 83' lang='lat' dir='ltr'>exercitu</span> <span class='ocrx_word' id='word_1_217' title='bbox 1693 2593 1789 2648; x_wconf 92' lang='lat' dir='ltr'>ho-</span> 
     </span>
     <span class='ocr_line' id='line_1_33' title="bbox 183 2668 1790 2734; baseline 0 -10"><span class='ocrx_word' id='word_1_218' title='bbox 183 2668 395 2724; x_wconf 87' lang='lat' dir='ltr'>stiliter.</span> <span class='ocrx_word' id='word_1_219' title='bbox 474 2669 599 2727; x_wconf 83' lang='lat' dir='ltr'>Mox</span> <span class='ocrx_word' id='word_1_220' title='bbox 625 2669 813 2725; x_wconf 89' lang='lat' dir='ltr'>adlatis</span> <span class='ocrx_word' id='word_1_221' title='bbox 842 2668 1143 2726; x_wconf 82' lang='lat' dir='ltr'>Geldubam</span> <span class='ocrx_word' id='word_1_222' title='bbox 1172 2669 1230 2724; x_wconf 89' lang='lat' dir='ltr'>in</span> <span class='ocrx_word' id='word_1_223' title='bbox 1261 2676 1428 2723; x_wconf 91' lang='lat' dir='ltr'>castra</span> <span class='ocrx_word' id='word_1_224' title='bbox 1449 2669 1676 2734; x_wconf 85' lang='lat' dir='ltr'>nuntiis,</span> <span class='ocrx_word' id='word_1_225' title='bbox 1703 2686 1790 2724; x_wconf 87' lang='lat' dir='ltr'>ea-</span> 
     </span>
     <span class='ocr_line' id='line_1_34' title="bbox 184 2743 1789 2818; baseline -0.001 -18"><span class='ocrx_word' id='word_1_226' title='bbox 184 2744 310 2800; x_wconf 87' lang='lat' dir='ltr'>dem</span> <span class='ocrx_word' id='word_1_227' title='bbox 328 2743 467 2800; x_wconf 84' lang='lat' dir='ltr'>dicta</span> <span class='ocrx_word' id='word_1_228' title='bbox 486 2743 753 2818; x_wconf 85' lang='lat' dir='ltr'>factaque:</span> <span class='ocrx_word' id='word_1_229' title='bbox 795 2754 847 2804; x_wconf 87' lang='lat' dir='ltr'>et</span> <span class='ocrx_word' id='word_1_230' title='bbox 863 2747 1068 2802; x_wconf 88' lang='lat' dir='ltr'>missus</span> <span class='ocrx_word' id='word_1_231' title='bbox 1087 2763 1213 2803; x_wconf 84' lang='lat' dir='ltr'>cum</span> <span class='ocrx_word' id='word_1_232' title='bbox 1230 2743 1496 2802; x_wconf 88' lang='lat' dir='ltr'>mandatis</span> <span class='ocrx_word' id='word_1_233' title='bbox 1507 2746 1789 2804; x_wconf 85' lang='lat' dir='ltr'>Montanus</span> 
     </span>
    </p>
   </div>
  </div>
 </body>
</html>
