2081 3038
190 199 438 274 menz.)
598 212 755 256 me.
795 210 895 258 lv.
938 213 1114 258 cAP.
1157 213 1397 258 11—13.
1703 206 1792 260 ⁴51

188 317 255 368 ut
273 308 487 366 Tiberio
501 297 787 367 obiectaret
799 350 814 375 ,
846 327 973 365 cum
998 311 1180 368 omnia
1198 311 1300 366 alia
1321 313 1698 386 conquirerent
1714 312 1804 369 in-

190 383 593 456 tenderentque.
671 383 807 439 Mihi
856 383 1096 440 tradendi
1144 387 1510 460 arguendique
1565 389 1800 445 rumoris

190 477 383 516 caussa
412 457 541 524 fuit,
574 465 635 514 ut
649 498 663 525 ,
694 457 838 514 claro
866 459 971 514 sub
1000 459 1271 530 exemplo,
1314 460 1474 518 falsas
1500 462 1800 521 auditiones

190 532 537 607 depellerem,
559 541 904 606 peteremque
923 533 1101 599 abiis,
1125 550 1358 606 quorum
1377 536 1436 590 in
1457 553 1652 594 manus
1670 555 1801 594 cura

194 617 371 666 nostra
400 610 633 675 venerit,
665 625 733 664 ne
758 607 1029 682 divulgata
1061 615 1222 682 atque
1249 609 1584 668 incredibilia
1598 653 1612 678 ,
1644 613 1801 670 avide

194 691 431 756 accepta,
460 684 600 740 veris
615 726 628 749 ,
652 701 826 756 neque
843 684 901 740 in
923 683 1248 740 miraculum
1268 685 1533 758 corruptis
1546 725 1560 752 ,
1583 687 1801 744 anteba-

194 761 373 816 beant.

312 837 396 892 ⁴2.
438 833 714 899 Ceterum,
746 833 993 890 laudante
1020 833 1194 893 fllium
1222 851 1320 907 pro
1354 833 1540 892 rostris
1566 834 1798 903 Tiberio,

196 916 413 966 senatus
430 909 773 982 populusque
792 908 1037 966 habitum
1056 927 1119 966 ac
1137 927 1294 966 voces
1309 909 1604 977 dolentum,
1627 910 1800 966 simu-

200 985 393 1041 latione
427 984 602 1060 magis
616 1025 629 1050 ,
672 1001 836 1057 quam
882 985 1086 1050 libens,
1135 984 1418 1052 induebat,
1469 985 1802 1058 domumque
1841 1005 1848 1010 ·

197 1061 501 1118 Germanici
558 1060 877 1116 revirescere
890 1102 904 1125 ,
965 1059 1160 1117 occulti
1217 1059 1565 1118 laetabantur.
1644 1061 1798 1128 Quod

192 1136 521 1209 principium
562 1133 758 1192 favoris
829 1142 879 1190 et
918 1143 1086 1195 mater
1113 1134 1439 1211 Agrippina,
1480 1153 1632 1210 spem
1660 1137 1802 1193 male

193 1220 375 1286 tegens
390 1251 407 1278 ,
447 1210 739 1284 perniciem
778 1209 1158 1267 adceleravere.
1238 1211 1375 1268 Nam
1403 1211 1630 1268 Seianus
1644 1253 1658 1279 ,
1701 1213 1796 1268 ubi

194 1287 355 1353 videt,
375 1293 599 1343 mortem
620 1285 777 1341 Drusi
797 1285 1029 1342 inultam
1048 1284 1494 1354 interfectoribus,
1513 1289 1632 1344 sine
1652 1305 1798 1344 moe-

192 1379 309 1418 rore
334 1361 552 1434 publico
571 1378 718 1427 esse,
749 1358 898 1417 ferox
925 1360 1187 1416 scelerum
1204 1403 1217 1426 ,
1250 1369 1300 1416 et
1327 1362 1456 1434 quia
1481 1363 1657 1433 prima
1673 1381 1800 1436 pro-

195 1445 473 1502 venerant,
503 1434 741 1493 volutare
778 1451 963 1490 secum
981 1476 994 1500 ,
1034 1452 1271 1506 quonam
1309 1435 1466 1491 modo
1495 1437 1797 1494 Germanici

195 1513 391 1569 liberos
407 1516 748 1584 perverteret,
771 1526 1005 1583 quorum
1028 1527 1136 1565 non
1154 1508 1320 1569 dubia
1337 1511 1624 1567 successio.
1693 1513 1796 1567 Ne·-

192 1605 302 1661 que
322 1586 504 1660 spargi
524 1597 791 1642 venenum
810 1586 869 1641 in
887 1591 993 1639 tres
1017 1591 1245 1657 poterat,
1279 1584 1490 1659 egregia
1517 1586 1796 1643 custodum

194 1663 300 1718 fide
314 1704 329 1727 ,
380 1671 429 1717 et
472 1660 729 1732 pudicitia
774 1659 1102 1735 Agrippinae
1140 1658 1553 1730 impenetrabili.
1631 1661 1796 1735 Igitur

192 1737 585 1795 contumaciam
610 1736 727 1792 eius
770 1735 1046 1801 insectari,
1093 1742 1243 1791 vetus
1278 1734 1554 1811 Augustae
1587 1736 1796 1800 odium.

197 1820 463 1869 recentem
488 1811 673 1867 Liviae
698 1811 1075 1868 conscientiam
1105 1811 1371 1885 exagitare
1385 1852 1398 1876 ,
1441 1818 1502 1867 ut
1523 1816 1798 1882 superbam

192 1890 529 1957 fecunditate,
550 1890 827 1943 subnixam
842 1890 1186 1958 popularibus
1203 1890 1394 1943 studiis
1411 1890 1616 1943 inhiare
1631 1892 1799 1943 domi-

195 1966 426 2027 nationi,
448 1960 592 2034 apud
610 1960 888 2019 Caesarem
907 1968 1209 2037 arguerent.
1288 1960 1482 2034 Adque
1498 1962 1630 2017 haec
1648 1961 1802 2017 calli-

194 2040 282 2095 dis
302 2037 753 2103 criminatoribus,
776 2038 929 2110 (inter
950 2054 1088 2111 quos
1107 2036 1372 2111 delegerat
1392 2035 1590 2093 Iulium
1609 2038 1802 2093 Postu·

197 2132 379 2180 mum,
422 2130 516 2185 per
544 2111 865 2169 adulterium
895 2111 1133 2169 Mutiliae
1156 2112 1368 2169 Priscae
1406 2112 1544 2169 inter
1580 2112 1800 2168 intimos

195 2191 347 2247 aviae
363 2232 375 2255 ,
398 2196 447 2245 et
466 2188 705 2245 consiliis
724 2188 841 2243 suis
859 2187 1229 2259 peridoneum,
1258 2186 1387 2261 quia
1406 2187 1586 2243 Prisca
1604 2188 1663 2243 in
1683 2188 1802 2243 ani-

197 2284 287 2322 mo
323 2264 597 2340 Augustae
633 2263 827 2337 valida)
866 2264 1029 2319 anum
1047 2304 1061 2329 ,
1101 2270 1290 2336 suapte
1325 2270 1513 2319 natura
1539 2264 1814 2335 potentiae·

195 2342 440 2406 anxiam,
489 2338 854 2398 insociabilem
903 2338 1066 2396 nurui
1118 2338 1396 2395 efficiebat.
1475 2337 1804 2413 Agrippinae

196 2434 415 2490 quoque
441 2415 675 2488 proximi
702 2413 1104 2480 inliciebantur,
1137 2414 1320 2485 pravis
1347 2414 1688 2469 sermonibus
1715 2420 1802 2468 tu·-

199 2492 373 2549 midos
392 2492 615 2565 spiritus
632 2488 1025 2563 perstimulare.
1371 2532 1374 2535 .

233 2613 249 2637 ,
313 2570 395 2623 13.
437 2567 506 2623 At
523 2566 795 2634 Tiberius,
827 2564 964 2632 nihil
985 2565 1290 2622 intermissa
1310 2578 1490 2618 rerum
1519 2579 1647 2619 cura
1660 2605 1675 2628 ,
1708 2579 1805 2619 ne·-

199 2644 341 2719 gotia
367 2659 465 2716 pro
490 2642 989 2715 solatiinraccipiens
1004 2682 1019 2708 ,
1051 2640 1142 2697 ius
1169 2639 1374 2695 civium
1387 2679 1402 2705 ,
1431 2655 1614 2711 preces
1631 2640 1802 2697 socio-

200 2736 323 2779 rum
344 2720 623 2777 tractabat:
656 2716 901 2794 factaque
920 2723 1132 2776 auctore
1151 2732 1214 2775 eo
1233 2714 1688 2777 senatusconsulta
1704 2756 1717 2783 ,
1740 2720 1804 2771 ut
