2081 3038
535 217 946 266 DIALOGUS.
995 218 1154 267 cAP.
1196 219 1277 266 ³1.
1319 218 1401 268 82.
1669 216 1760 267 331

169 316 470 381 adsumere,
517 317 730 391 hisque,
772 330 929 391 prout
946 338 1030 374 res
1051 321 1240 391 poscit,
1275 322 1373 387 uti,
1415 320 1649 377 alienum
1671 323 1770 376 erit

168 393 379 449 oratori.
459 393 647 465 Neque
675 396 821 450 enim
848 395 1141 466 sapientem
1171 394 1548 459 informamus,
1595 414 1771 469 neque

169 468 465 523 Stoicorum
488 467 776 535 civitatem,
806 469 903 524 sed
923 487 1070 536 eum,
1101 471 1198 541 qui
1225 487 1330 526 non
1351 471 1612 542 quasdam
1634 484 1770 525 artes

168 543 405 608 haurire,
428 543 525 599 sed
541 561 728 599 omnes
748 543 1052 610 liberaliter,
1073 546 1246 600 debet.
1313 544 1544 616 Ideoque
1567 554 1618 599 et
1635 548 1770 601 iuris

169 616 347 674 civilis
376 617 655 673 scientiam
674 628 877 675 veteres
901 628 1130 676 oratores
1151 620 1686 692 comprehendebant,
1723 628 1772 673 et

168 694 535 769 grammatica,
567 695 774 751 musica
800 703 852 750 et
867 699 1154 769 geometria
1177 696 1556 751 inbuebantur.
1635 695 1774 748 Inci-

169 770 307 825 dunt
332 770 477 825 enim
506 785 745 835 caussae,
775 770 1039 841 plurimae
1059 771 1276 843 quidem
1301 788 1362 826 ac
1378 787 1546 842 paene
1565 786 1772 833 omnes,

169 845 373 917 quibus
393 845 531 900 iuris
551 845 734 901 notitia
762 846 1120 902 desideratur:
1162 846 1449 919 pleraeque
1476 852 1675 909 autem,
1717 845 1772 898 in

169 920 374 993 quibus
393 920 495 976 hae
514 937 732 994 quoque
749 922 1000 977 scientiae
1018 922 1387 994 requiruntur.

280 998 365 1053 32.
408 996 518 1053 Nec
535 997 829 1070 quisquam
848 997 1188 1069 respondeat:
1230 996 1448 1063 sufficit,
1471 1003 1534 1051 ut
1551 995 1618 1050 ad
1638 1003 1776 1051 tem—

167 1088 275 1145 pus
292 1070 528 1145 simplex
543 1071 803 1145 quiddam
824 1080 875 1129 et
891 1073 1160 1130 uniforme
1178 1073 1481 1129 doceamur.
1529 1072 1772 1129 Primum

170 1148 316 1205 enim
336 1146 487 1204 aliter
505 1149 711 1205 utimur
729 1149 981 1222 propriis,
1002 1148 1154 1205 aliter
1172 1148 1546 1206 commodatis:
1591 1146 1775 1221 longe-

169 1241 279 1295 que
315 1224 570 1280 interesse
606 1224 950 1281 manifestum
988 1233 1088 1289 est,
1131 1226 1398 1297 possideat
1429 1224 1558 1297 quis
1575 1265 1588 1289 ‚
1633 1240 1775 1295 quae

169 1298 385 1370 profert,
427 1316 497 1353 an
524 1306 819 1354 mutuetur.
897 1300 1100 1354 Deinde
1126 1300 1242 1369 ipsa
1263 1299 1556 1354 multarum
1575 1300 1772 1355 artium

168 1372 392 1429 scientia
412 1374 572 1427 etiam
592 1373 741 1428 aliud
759 1381 973 1447 agentes
993 1390 1091 1427 nos
1110 1381 1280 1438 ornat,
1302 1373 1590 1445 atque,ubi
1612 1374 1775 1428 mini-

173 1465 263 1504 me
282 1447 485 1513 credas,
525 1448 725 1503 eminet
749 1456 801 1503 et
820 1447 1059 1503 excellit:
1101 1446 1268 1521 idque
1286 1464 1392 1502 non
1411 1445 1598 1502 doctus
1618 1447 1775 1501 modo

173 1533 224 1580 et
242 1523 481 1597 prudens
504 1522 731 1589 auditor,
753 1523 849 1579 sed
866 1524 1024 1579 etiam
1046 1523 1280 1595 populus
1300 1521 1565 1596 intelligit,
1587 1540 1649 1577 ac
1667 1532 1776 1577 sta-

172 1601 272 1655 tim
291 1599 365 1655 ita
385 1597 541 1654 laude
556 1600 917 1672 prosequitur,
949 1606 1009 1654 ut
1029 1598 1266 1672 legitime
1285 1597 1576 1664 studuisse,
1601 1606 1662 1654 ut
1679 1613 1776 1671 per

171 1689 361 1731 omnes
387 1673 718 1746 eloquentiae
744 1691 995 1732 numeros
1022 1675 1149 1740 isse,
1189 1682 1251 1730 ut
1269 1673 1502 1746 denique
1515 1682 1772 1730 oratorem

174 1766 293 1805 esse
310 1747 561 1806 fateatur:
601 1766 765 1822 quem
786 1768 892 1806 non
912 1767 1070 1822 posse
1088 1751 1240 1806 aliter
1257 1750 1530 1815 exsistere,
1564 1767 1662 1804 nec
1681 1768 1776 1805 ex-

172 1825 376 1882 stitisse
394 1842 677 1896 umquam,
698 1825 973 1892 confirmo,
996 1827 1104 1882 nisi
1123 1843 1270 1890 eum,
1285 1825 1402 1899 qui,
1421 1833 1694 1897 tamquam
1715 1827 1774 1878 in

174 1901 344 1956 aciem
372 1900 627 1956 omnibus
652 1902 821 1956 armis
848 1901 1161 1968 instructus,
1204 1902 1286 1957 sic
1311 1902 1369 1956 in
1398 1899 1573 1956 forum
1599 1900 1778 1954 omni-
1831 1954 1841 1964 ,

173 1977 281 2033 bus
300 1975 505 2031 artibus
525 1984 781 2042 armatus,
804 1977 1009 2032 exierit.
1073 1975 1227 2044 Quod
1249 1976 1379 2032 adeo
1399 1975 1688 2050 negligitur
1707 1975 1776 2029 ab

173 2051 371 2109 horum
399 2059 701 2124 temporum
726 2051 959 2117 disertis,
1002 2053 1144 2107 utin
1163 2051 1462 2108 actionibus
1483 2067 1667 2105 eorum
1687 2049 1774 2105 fex

172 2144 393 2202 quoque
411 2127 707 2201 quotidiani
726 2127 1007 2192 sermome,
1026 2125 1172 2182 foeda
1191 2145 1252 2182 ac
1269 2126 1518 2199 pudenda
1537 2126 1666 2181 vitia
1684 2124 1778 2179 de·-

172 2203 597 2275 prebendantur3
640 2210 702 2258 ut
730 2202 971 2276 ignorent
997 2201 1160 2276 legeS,
1203 2220 1308 2259 non
1330 2209 1540 2257 teneant
1558 2207 1776 2256 senatus

172 2278 435 2344 consulta,
478 2278 566 2332 ius
590 2278 820 2334 civitatis
848 2277 988 2334 ultro
1011 2277 1304 2343 derideant,
1343 2277 1634 2349 sapientiae
1654 2292 1776 2331 vero

174 2353 418 2410 studium
439 2360 491 2408 et
508 2361 785 2426 praecepta
802 2352 1149 2425 prudentium
1169 2354 1385 2426 penitus
1409 2349 1773 2416 reformident,

175 2429 232 2484 in
251 2428 606 2501 paucissimos
625 2445 819 2484 sensus
846 2436 897 2483 et
914 2436 1170 2502 angustas
1189 2428 1475 2484 sententias
1494 2426 1778 2482 detrudant

177 2502 553 2578 eloquentiam,
576 2503 725 2560 velut
743 2503 1023 2577 expulsam
1046 2521 1211 2578 regno
1228 2521 1355 2560 suo:
1394 2509 1473 2569 ut,
1486 2519 1628 2574 quae
1645 2501 1776 2558 olim

175 2580 422 2636 omnium
446 2581 644 2636 artium
674 2579 890 2636 domina
919 2579 1245 2652 pulcerrimo
1283 2578 1536 2634 comitatu
1569 2587 1776 2650 pectora

176 2651 431 2725 inplebat,
471 2673 619 2712 nunc
636 2655 951 2711 circumcisa
969 2663 1023 2711 et
1040 2662 1331 2728 amputata,
1363 2654 1482 2710 sine
1499 2653 1774 2726 adparatu,

178 2728 297 2790 sine
318 2727 537 2799 honoro,
555 2748 725 2806 paene
738 2731 971 2792 dixerim
986 2731 1110 2793 sine
1125 2731 1472 2807 ingenuitate,
1492 2730 1651 2805 quasi
1669 2745 1778 2788 una
