2081 3038
122 205 368 280 ,mc-71.)
533 215 693 261 mn.
729 214 826 263 lv.
869 217 1049 263 cAP.
1091 218 1331 265 50-52,
1630 214 1731 271 203

126 317 355 374 modicis
376 316 658 388 principiis
675 318 784 372 iam
803 334 900 389 per
918 335 1067 395 arma
1086 325 1245 390 atque
1261 319 1401 374 acies
1414 320 1733 377 exerceban-

118 403 234 449 tur.
316 392 453 446 Nam
479 391 713 462 populus
731 392 976 459 Oeensis,
999 393 1346 449 multitudine
1364 394 1599 463 inferior,
1622 397 1734 453 Ga-

124 475 398 524 ramantas
417 468 700 532 exciverat,
729 476 941 542 gentem
962 468 1278 523 indomitam
1298 479 1350 524 et
1369 470 1505 525 inter
1524 472 1732 527 adcolas

125 543 420 598 latrociniis
440 541 742 598 fecundam.
803 542 954 599 Unde
971 551 1143 599 arctae
1162 545 1455 616 Leptitanis
1476 563 1581 611 res,
1605 546 1734 601 late-

125 636 239 691 que
258 618 476 673 vastatis
497 619 640 691 agris
662 618 798 673 intra
819 620 1028 675 moenia
1049 618 1407 691 trepidabant:
1448 620 1635 686 donec,
1649 624 1735 676 in-
1757 682 1759 685 y

125 701 370 749 terventu
401 694 697 749 cohortium
717 694 1052 767 alarumque,
1085 693 1194 750 fusi
1215 695 1561 751 Garamantes
1582 702 1634 749 et
1652 712 1736 751 re-

125 777 279 841 cepta
309 770 487 825 omnis
517 768 728 839 praeda,
759 770 866 825 nisi
885 788 1049 841 quam
1071 770 1195 845 vagi
1214 788 1311 843 per
1330 771 1599 826 inaccessa
1620 787 1736 825 ma-

123 844 336 918 palium
356 844 698 899 ulterioribus
718 845 1083 901 vendiderant.

239 922 297 975 5«
313 961 325 975 .
366 919 435 974 At
465 919 807 991 Vespasiano,
839 928 959 993 post
985 920 1398 978 Cremonensem
1424 938 1665 995 pugnam
1685 928 1737 975 et

124 1012 410 1069 prosperos
437 995 678 1069 undiqpe
707 998 944 1061 nuntioS,
979 997 1234 1053 cecidisse
1252 997 1549 1063 Vitellium,
1576 996 1734 1051 multi

127 1071 397 1144 cuiusque
423 1071 646 1137 ordiniS,
687 1073 802 1143 pari
833 1073 1054 1129 audacia
1089 1072 1407 1147 fortunaque
1442 1073 1733 1131 hibernum

127 1164 278 1202 mare
295 1148 553 1222 adgressi,
578 1150 908 1204 nuntiavere.
987 1148 1221 1205 Aderant
1239 1149 1398 1223 legati
1416 1150 1558 1223 regis
1576 1148 1737 1207 Volo-

124 1223 627 1297 gesi,quadraginta
643 1224 958 1280 Parthorum
979 1227 1225 1297 equitum
1246 1225 1416 1281 millia
1436 1226 1730 1282 offerentes.

125 1298 474 1371 Magnificum
497 1300 822 1371 laetumque,
855 1301 1015 1355 tantis
1036 1302 1304 1356 sociorum
1324 1301 1543 1357 auxiliis
1562 1302 1737 1356 ambi-

127 1375 198 1439 ri,
241 1390 418 1445 neqne
456 1374 713 1445 indigere.
794 1373 1007 1429 Gratiae
1035 1374 1295 1447 Vologeso
1320 1383 1482 1441 actae,
1514 1375 1735 1430 manda-

127 1455 377 1519 tumque,
405 1456 468 1501 ut
494 1447 690 1522 legatos
718 1446 785 1501 ad
813 1456 1060 1503 senatum
1089 1450 1317 1503 mitteret
1344 1457 1395 1503 et
1412 1466 1599 1521 pacem
1618 1467 1737 1504 esse

126 1523 309 1579 sciret.
388 1523 768 1594 Vespasianus,
791 1522 849 1577 in
872 1523 1073 1578 Italiam
1094 1540 1291 1596 resque
1306 1524 1459 1579 urbis
1476 1525 1733 1590 intentuS,

129 1598 411 1654 adversam
440 1597 508 1652 de
527 1596 824 1653 Domitiano
853 1597 1051 1653 famam
1072 1600 1292 1672 accipit:
1334 1607 1610 1672 tamquam
1633 1609 1731 1655 ter<

127 1673 309 1729 minos
329 1675 510 1728 aetatis
541 1680 592 1727 et
621 1689 869 1728 concessa
889 1673 1000 1730 filio
1020 1675 1375 1749 egrederetur.
1455 1677 1479 1729 I
1519 1676 1623 1731 'tur
1643 1693 1738 1731 va-

127 1747 454 1806 lidissimam
476 1749 738 1804 exercitus
756 1757 961 1820 partem
981 1751 1099 1806 Tito
1118 1751 1294 1817 tradit,
1326 1750 1395 1806 ad
1420 1768 1475 1806 re
1498 1753 1626 1824 iqua
1646 1753 1737 1807 lu-

127 1823 270 1879 daici
293 1822 419 1878 belli
445 1823 812 1894 perpetranda.

242 1901 328 1956 52.
358 1899 560 1965 Titum,
581 1907 867 1971 antequam
886 1900 1269 1975 digrederetur,
1292 1899 1463 1956 multo
1481 1901 1625 1973 apud
1641 1917 1737 1972 pa-

129 1984 267 2032 trem
297 1991 542 2030 sermone
569 1991 751 2030 orasse
773 1975 1050 2032 dicebatur
1064 2019 1077 2042 ,
1100 1995 1167 2032 ne
1190 1980 1583 2032 criminantium
1603 1994 1738 2031 nun-

130 2055 222 2106 tiis
243 2059 426 2106 temere
445 2055 842 2106 accenderetur.-
888 2056 1246 2122 intem-umque
1272 2069 1327 2106 se
1345 2070 1411 2106 ao
1424 2055 1739 2120 placabilem

128 2129 240 2197 filio
255 2135 570 2196 praestaret.
650 2127 768 2183 Nan
788 2130 1025 2196 leyiones,
1048 2145 1155 2182 non
1182 2130 1387 2190 classes,
1404 2132 1623 2196 perinde
1643 2131 1738 2196 fir-

127 2219 218 2256 ma
237 2206 447 2270 imperii
461 2205 794 2267 munimenta,
817 2219 974 2272 quam
989 2219 1261 2258 numerum
1282 2205 1575 2258 libero-rum.
1599 2203 1739 2257 Nam

129 2281 327 2332 amicos
351 2286 587 2346 tempore,
618 2283 849 2348 fortuna,
878 2281 1207 2346 cupidinibus
1233 2281 1520 2348 aliquando
1538 2287 1633 2333 aut
1652 2296 1741 2331 er-

129 2355 342 2407 roribus
359 2357 598 2416 inminui,
622 2358 917 2424 transferri,
940 2358 1201 2410 desinere.-
1238 2371 1391 2408 suum
1411 2358 1596 2424 cuique
1610 2371 1739 2408 san-

129 2431 338 2498 quinem
363 2432 718 2491 indiscretum,
749 2432 840 2482 aed
871 2433 1101 2484 maxime
1120 2431 1477 2498 principibus:
1518 2445 1739 2498 quorum

126 2507 395 2572 prosperis
421 2512 470 2558 et
497 2506 597 2558 alii
614 2508 882 2573 fruantur,
913 2509 1139 2560 adversa
1156 2509 1229 2560 ad
1247 2508 1597 2560 iunctissimos
1610 2521 1739 2574 per-

133 2583 346 2634 tineant.
423 2579 501 2635 Ne
529 2582 787 2650 fratribus
813 2584 1018 2649 quidem
1053 2597 1357 2636 mansuram
1387 2583 1734 2641 concordiam,

129 2657 190 2708 ni
215 2671 411 2722 parens
440 2658 729 2724 exemplum
752 2659 1092 2724 praebuisset.
1170 2655 1532 2727 Vespasianus
1548 2697 1561 2721 ,
1590 2653 1739 2710 haud

131 2743 302 2800 aeque
319 2727 614 2786 Domitiano
634 2731 930 2806 mitigatuS,
951 2749 1119 2806 quam
1142 2731 1246 2788 Titi
1264 2731 1456 2805 pietate
1470 2730 1731 2806 gaudenS,

1007 2973 1182 2998 --.-

1756 2954 1779 2997 1
