2081 3038
207 161 456 234 Α.σ.ῖο.)
615 172 772 216 LIB.
813 173 884 219 Π.
926 176 1103 228 CAP.
1148 179 1392 226 59—-61,
1746 183 1801 234 94

207 287 336 326 nere
362 270 599 335 inlustri,
631 270 814 345 largus
841 277 1022 330 animo
1042 285 1092 332 et
1110 295 1206 348 par
1224 281 1439 351 opibuS,
1462 285 1812 344 circumdaret

205 347 442 419 principi
463 347 776 412 ministeria,
801 351 1138 406 comitaretur
1160 353 1471 413 liberaliter:
1510 376 1571 414 co
1589 361 1709 432 ipso
1726 363 1811 417 in·-

204 429 414 496 gratus,
455 422 706 492 quamvis
733 423 918 478 odium
950 425 1195 482 Vitellius
1217 431 1513 487 vernilibus
1534 433 1809 491 blanditiis

207 496 422 553 velaret.
504 497 714 551 Praesto
743 496 889 552 fuere
918 500 1173 572 Lugduni
1198 505 1499 562 victricium
1522 510 1808 566 victarum—

203 589 316 645 que
341 573 576 644 partium
605 571 788 626 duces,
869 573 1139 630 Valentem
1162 585 1213 632 et
1231 578 1529 646 Caecinam,
1564 601 1659 653 pro
1684 598 1811 640 con-

205 649 359 702 cione
397 647 653 712 laudatoS,
695 646 871 702 curuli
901 666 1031 703 suae
1060 651 1462 724 circumposuit.
1544 659 1664 713 Mox
1685 663 1807 714 uni-

206 739 428 778 versum
454 723 747 776 >exercitum
771 739 1046 778 occurrere
1070 725 1260 783 infanti
1292 729 1400 784 filio
1420 731 1592 788 iubet:
1635 734 1809 804 pe'rla-

205 807 434 868 tumque
454 805 502 850 et
519 795 892 868 paludamento
909 807 1155 870 opertum
1175 804 1301 857 sinu
1316 805 1570 872 retinenS,
1585 808 1807 863 Germa-

204 875 394 930 uicum
423 871 724 943 adpellavit,
752 873 1028 946 cinxitque
1050 879 1257 932 cunctis
1278 873 1518 935 fortunae
1536 884 1807 954 principa--

204 947 276 1004 lis
317 946 638 1019 insignibus,
719 947 934 1003 Nimius
971 949 1141 1005 honos
1176 953 1315 1008 inter
1350 957 1601 1022 secunda,
1644 959 1805 1014 rebus

203 1023 446 1078 adversis
465 1021 523 1076 in
541 1021 792 1077 solatium
817 1025 994 1078 cessit.

313 1100 397 1154 60.
442 1097 577 1152 Tum
599 1096 856 1152 interfecti
879 1101 1211 1158 centuriones
1230 1107 1620 1178 promptissimi
1636 1107 1802 1170 ‚Otho-

201 1175 514 1230 nianorum:
556 1171 700 1228 unde
727 1175 1010 1245 praecipua
1039 1176 1097 1230 in
1126 1177 1402 1236 Vitellium
1440 1182 1685 1240 alienatio
1709 1202 1803 1256 per

203 1249 441 1322 Illyricos
481 1249 759 1304 exercitus.
841 1247 1013 1304 Simul
1042 1258 1241 1308 ceterae
1270 1254 1505 1329 legiones
1535 1268 1796 1327 contactu,

201 1333 253 1379 et
271 1325 528 1378 adversus
558 1324 900 1380 Germanicos
930 1324 1127 1380 milites
1155 1329 1379 1394 invidia,
1406 1331 1607 1386 bellum
1632 1335 1800 1390 medi-

203 1400 464 1454 tabantur.
544 1397 856 1454 Suetonium
887 1399 1195 1454 Paullinum
1226 1419 1288 1456 ac
1312 1405 1582 1460 Licinium
1606 1409 1799 1464 Procu—

201 1474 337 1539 lum,
372 1474 508 1530 tristi
534 1491 678 1530 mora
711 1472 986 1545 squalidos
1009 1476 1195 1540 tenuit,
1224 1475 1389 1531 donec
1408 1479 1594 1544 auditi,
1620 1499 1801 1537 neces-

199 1551 356 1605 sai-iis
397 1551 566 1622 magis
606 1547 1006 1603 defensionibus
1042 1565 1205 1619 quam
1238 1550 1473 1608 honestis
1505 1564 1796 1621 uterentur.

199 1625 552 1680 Proditionem
576 1622 714 1677 ultro
733 1622 1075 1692 inputabant:
1107 1631 1333 1693 spatium
1355 1630 1494 1697 lonqi
1510 1640 1630 1684 ante
1646 1650 1800 1698 proe-

199 1704 328 1755 lium
367 1704 588 1757 itiner-is,
630 1701 984 1766 fatiyationem
1023 1699 1449 1767 Othonianorum,
1481 1712 1799 1771 permixtum

195 1778 450 1829 vehiculis
467 1788 665 1839 agmen,
697 1788 760 1825 ac
777 1774 1024 1843 pleraque
1042 1780 1278 1843 fortuita,
1301 1782 1483 1847 fraudi
1506 1797 1632 1834 suae
1658 1782 1799 1836 adsi-

195 1853 444 1921 gnantes.
517 1846 586 1897 Et
604 1842 848 1899 Vitellius
867 1846 1089 1903 credidit
1106 1848 1171 1903 de
1189 1852 1429 1923 perfidia,
1455 1858 1505 1906 et
1522 1853 1681 1909 tidem
1703 1857 1798 1911 ah—

197 1918 379 1977 solvit.
458 1916 671 1971 Salvius
700 1919 960 1986 TitianuS,
991 1922 1215 1980 Othonis
1243 1926 1419 1993 frater,
1452 1926 1665 1983 nullum
1686 1930 1798 1985 dis-

196 1994 404 2053 crimen
423 1992 570 2057 adiit,
593 1994 781 2065 pietate
799 2000 850 2048 et
869 1996 1079 2067 ignavia
1101 2009 1403 2058 excusatus.
1460 2003 1626 2059 Mario
1645 2004 1797 2063 Celso

197 2067 504 2126 consulatus
524 2077 783 2123 servatur.
841 2068 946 2125 Sed
965 2073 1222 2131 creditum
1241 2077 1400 2145 fama,
1421 2078 1796 2152 obiectumque

197 2163 324 2202 mox
351 2146 406 2199 in
435 2150 622 2199 senatu
649 2144 874 2201 Caecilio
906 2144 1169 2218 Simplici,
1211 2153 1355 2223 quod
1383 2170 1507 2209 eum
1541 2154 1791 2211 honorem

193 2220 420 2295 pecunia
441 2222 684 2286 mercari,
715 2236 813 2275 nec
830 2222 948 2277 sine
967 2224 1129 2279 exitio
1148 2224 1309 2293 Celsi,
1338 2228 1611 2284 voluisset.
1691 2230 1794 2287 Re-

193 2297 328 2353 stitit
367 2293 635 2361 Vitellius;
679 2296 930 2368 deditque
969 2308 1145 2370 postea
1185 2302 1519 2358 consulatum
1548 2304 1789 2377 Simplici

193 2371 476 2427 innoxium
505 2378 557 2425 et
587 2371 906 2442 inemptum.
989 2373 1587 2437 Trachalumadversus
1610 2383 1787 2438 crimi—

192 2454 379 2501 nantes
401 2444 629 2511 Galeria,
655 2464 789 2501 uxor
810 2443 1027 2514 Vitellii,
1055 2452 1300 2522 protexit.

303 2523 386 2575 6⁴.
423 2522 568 2575 Inter
597 2538 912 2596 magnorum
945 2525 1185 2580 virorum
1224 2526 1535 2583 discrimina
1564 2528 1789 2603 (puden-

193 2594 324 2653 dum
344 2594 506 2668 dictu)
527 2596 786 2653 Mariccus
807 2598 1049 2672 quidam,
1074 2618 1103 2655 e
1120 2600 1277 2673 plebe
1294 2602 1562 2671 Boiorum,
1586 2606 1789 2663 insere-

188 2686 250 2747 γε
267 2686 383 2729 sese
403 2670 642 2727 fortunae
662 2681 712 2727 et
729 2691 1014 2747 provocare
1037 2693 1187 2733 arma
1207 2676 1461 2747 Romana,
1490 2678 1787 2741 simulatio·-
