2081 3038
214 271 334 312 suc.
360 253 454 328 21.)
613 263 771 309 Lm.
808 265 911 309 111.
953 265 1132 312 cap,
1171 264 1418 311 πει-31.
1718 258 1812 312 417

214 364 398 431 Iuliae,
431 365 593 418 Drusi
620 362 779 420 filiae.
860 363 1196 436 thuehaee
1219 364 1454 420 seeundo
1481 381 1715 432 rumore,
1739 367 1813 422 ita

213 439 455 496 adversis
482 439 683 495 animis
702 445 997 511 acceptum,
1020 438 1168 511 quod
1191 439 1304 494 filio
1325 439 1535 496 Claudii
1553 459 1702 498 socer
1720 441 1816 498 Se-

214 517 373 572 ianus
392 513 765 572 destinarem.
844 513 1108 570 Polluisse
1125 512 1454 570 nobilitatem
1473 513 1708 572 familiae
1730 518 1816 574 vi·-

212 591 459 721 debaltur,
482 596 903 662 suspectumque
921 591 1030 646 iam
1052 588 1252 644 nimiae
1268 591 1384 662 spei
1403 589 1655 648 Seianum
1676 591 1812 648 ultra

214 673 343 724 e'xtu
364 667 493 722 isse.

324 745 413 798 3⁰.
454 739 590 796 Fine
606 739 733 796 anui
752 756 1058 796 conoessero
1079 738 1188 797 vita
1209 739 1454 815 insignes
1472 740 1596 806 viri,
1625 741 1687 796 L.
1709 740 1816 798 Vo-

216 817 415 883 lusius,
442 822 497 872 et
520 813 807 872 Sallusti-us
834 815 1080 888 Crispus.
1160 815 1384 874 Volusio
1407 823 1564 872 vetus
1590 814 1812 882 familia,

216 909 395 965 neque
420 898 597 949 tamen
624 898 926 964 praeturam
950 907 1195 966 egi-essex
1231 892 1350 966 ipse
1373 890 1711 948 consulatum
1729 891 1788 946 in

219 967 361 1033 tulit,
390 965 631 1023 censoria
654 967 815 1022 etiam
844 973 1100 1040 potestate
1125 967 1366 1042 legendis
1385 967 1631 1042 equitum
1651 965 1811 1022 decu-

217 1045 315 1100 riis
342 1041 581 1108 functus,
606 1057 901 1116 opumque,
926 1043 1056 1121 quis
1073 1043 1268 1100 domus
1287 1043 1381 1098 illa
1399 1043 1711 1098 inmensum
1731 1044 1818 1099 vi-
1840 1084 1851 1095 .

214 1120 353 1192 guit,
375 1119 587 1190 primus
602 1117 991 1174 adcumulator.
1030 1146 1037 1152 ·
1071 1118 1345 1193 Crispum,
1374 1119 1608 1192 equestri
1635 1126 1813 1174 ortum

216 1195 349 1261 loeo,
376 1193 438 1250 C.
468 1191 777 1260 Sallustius,
805 1206 987 1250 rerum
1014 1195 1376 1251 Romanarum
1404 1193 1814 1251 florentissimus

216 1277 418 1336 auotor,
438 1269 639 1326 sororis
657 1276 903 1340 nepotem
924 1269 983 1325 in
1002 1287 1198 1326 nomen
1217 1269 1460 1326 adscivit.
1501 1268 1678 1342 Atque
1697 1269 1811 1335 ille,

212 1359 573 1496 mm
585 1343 1345 1494 'iffiffmiffsffiepoeffissffiss
1367 1344 1816 1484 ffiffiafssffiz

216 1507 297 1553 tos
316 1492 727 1567 triumphalium
748 1491 1226 1566 consulariumque
1241 1494 1474 1565 potentia
1493 1494 1703 1549 anteiit:
1731 1495 1816 1549 di—

215 1586 409 1628 versus
436 1586 467 1625 a
497 1575 741 1625 veterum
768 1568 1030 1633 instituto,
1064 1586 1160 1639 per
1185 1568 1392 1624 cultum
1421 1574 1474 1623 et
1490 1568 1812 1636 munditias3

215 1647 481 1720 eopiaque
498 1650 551 1699 et
565 1640 851 1699 adfluentia
872 1641 1003 1698 luxu
1027 1643 1270 1715 propior:
1301 1643 1518 1699 suberat
1534 1650 1712 1699 tamen
1731 1644 1816 1699 vi·-

174 1736 179 1741 ·
214 1738 315 1797 gor
340 1718 530 1784 animi,
562 1718 872 1793 ingentibus
902 1719 1129 1793 negotiis
1154 1735 1272 1793 par,
1299 1736 1362 1775 eo
1389 1720 1578 1785 acrior,
1602 1736 1711 1792 quo
1730 1736 1818 1774 so-

215 1812 413 1851 mnum
434 1800 485 1848 et
502 1794 747 1849 inertiam
766 1794 941 1869 magis
956 1794 1268 1850 ostentabat.
1347 1794 1534 1869 Igitur,
1558 1793 1816 1851 ineolumi

219 1871 547 1935 Maecenate,
585 1870 893 1941 proximu03
934 1888 1063 1925 mox
1097 1870 1420 1943 praecipuus
1435 1912 1450 1937 ,
1487 1870 1578 1925 eui
1617 1878 1814 1925 secreta

220 1947 603 2017 imperatorum
653 1945 1005 2002 inniterentur
1020 1986 1033 2012 ,
1086 1952 1138 2001 et
1176 1945 1528 2001 interficiendi
1575 1945 1815 2001 Postumi

219 2019 491 2095 Agrippae
516 2019 784 2087 oonseiue,
814 2027 979 2077 aetate
1004 2028 1272 2093 provecta,
1302 2021 1538 2094 speeiem
1565 2022 1740 2093 magis
1756 2020 1816 2074 in

218 2095 454 2153 amicitia
474 2094 755 2167 principis,
780 2112 945 2169 quam
970 2098 1086 2152 vim
1109 2096 1295 2153 tenuit.
1343 2095 1511 2168 quue
1535 2102 1587 2149 et
1612 2095 1818 2150 Maece-

219 2170 330 2227 nati
350 2169 635 2239 aecidat-83
676 2168 785 2226 fato
797 2171 1089 2243 potentiae,'
1107 2189 1226 2229 raro
1245 2172 1616 2243 sempiternae,
1640 2187 1710 2225 an
1730 2187 1818 2223 sa-

218 2248 323 2303 tias
348 2246 515 2318 oepit,
556 2251 651 2301 aut
674 2244 818 2313 illos,
859 2264 985 2301 cum
1012 2247 1193 2302 omnia
1221 2246 1540 2311 tribuerunt,
1577 2252 1670 2299 aut
1693 2244 1814 2310 hoS,

216 2322 475 2379 numiam
501 2319 637 2377 nihil
658 2320 931 2393 reliquum
954 2329 1054 2387 est,
1075 2322 1223 2395 quod
1245 2322 1483 2395 cupiant.

330 2399 387 2452 34
401 2437 416 2452 .
456 2394 709 2469 Sequitur
726 2396 926 2453 Tiberii
946 2405 1192 2470 quartus,
1219 2397 1381 2452 Drusi
1401 2394 1670 2451 secundus
1689 2410 1817 2449 con-

216 2470 449 2537 sulatus,
470 2472 642 2544 patris
654 2478 819 2545 atque
834 2471 935 2527 filii
954 2471 1178 2547 collegio
1193 2472 1300 2527 insi
1380 2472 1448 2527 is.
1508 2470 1646 2525 Nam
1664 2469 1818 2525 bien-

216 2548 313 2605 nio
330 2554 453 2603 ante
466 2547 777 2603 Germanioi
794 2563 920 2603 eum
928 2547 1144 2603 Tiberio
1159 2546 1302 2603 idem
1361 2563 1510 2611 onor,
1529 2562 1706 2617 neque
1721 2562 1820 2617 pa·-

216 2632 340 2679 truo
368 2622 559 2689 iaetus,
589 2638 767 2695 neque
784 2630 973 2682 natura
990 2630 1100 2678 tam
1121 2638 1397 2678 connexus
1417 2620 1630 2676 fuerat.·
1682 2620 1820 2675 Eius

218 2697 348 2755 anni
368 2697 634 2770 principio
653 2698 921 2764 Tiberius,
944 2698 1105 2771 quasi
1125 2696 1417 2753 firmandae
1435 2694 1746 2762 valetudini,
1759 2695 1817 2750 in

218 2772 569 2851 Campaniam
586 2776 867 2844 concessit,
890 2774 1106 2851 longam
1114 2780 1178 2830 ‘et
1193 2773 1500 2832 'continuam
1520 2771 1815 2831 absentiam
