<?xml version="1.0" encoding="UTF-8"?>
<!DOCTYPE html PUBLIC "-//W3C//DTD XHTML 1.0 Transitional//EN"
    "http://www.w3.org/TR/xhtml1/DTD/xhtml1-transitional.dtd">
<html xmlns="http://www.w3.org/1999/xhtml" xml:lang="en" lang="en">
 <head>
  <title>
</title>
<meta http-equiv="Content-Type" content="text/html;charset=utf-8" />
  <meta name='ocr-system' content='tesseract 3.04.00' />
  <meta name='ocr-capabilities' content='ocr_page ocr_carea ocr_par ocr_line ocrx_word'/>
</head>
<body>
  <div class='ocr_page' id='page_1' title='image "./operaquoadextan03tacigoog_0417.png"; bbox 0 0 2081 3038; ppageno 0'>
   <div class='ocr_carea' id='block_1_1' title="bbox 187 219 1790 303">
    <p class='ocr_par' dir='ltr' id='par_1_1' title="bbox 187 219 1790 303">
     <span class='ocr_line' id='line_1_1' title="bbox 187 219 1790 303; baseline 0.003 -21"><span class='ocrx_word' id='word_1_1' title='bbox 187 246 313 284; x_wconf 62' lang='lat' dir='ltr'>A,c.</span> <span class='ocrx_word' id='word_1_2' title='bbox 341 219 436 303; x_wconf 65' lang='lat' dir='ltr'>tr.)</span> <span class='ocrx_word' id='word_1_3' title='bbox 585 238 722 284; x_wconf 78' lang='lat' dir='ltr'>Lis.</span> <span class='ocrx_word' id='word_1_4' title='bbox 763 238 913 284; x_wconf 81' lang='lat' dir='ltr'><strong>xvl.</strong></span> <span class='ocrx_word' id='word_1_5' title='bbox 955 238 1114 285; x_wconf 71' lang='lat' dir='ltr'>cAP.</span> <span class='ocrx_word' id='word_1_6' title='bbox 1158 239 1399 287; x_wconf 82' lang='lat'><strong>33—35.</strong></span> <span class='ocrx_word' id='word_1_7' title='bbox 1694 235 1790 287; x_wconf 72' lang='grc'>449</span> 
     </span>
    </p>
   </div>
   <div class='ocr_carea' id='block_1_2' title="bbox 184 337 1797 2368">
    <p class='ocr_par' dir='ltr' id='par_1_2' title="bbox 187 337 1787 487">
     <span class='ocr_line' id='line_1_2' title="bbox 187 337 1787 415; baseline 0.003 -26"><span class='ocrx_word' id='word_1_8' title='bbox 187 337 355 407; x_wconf 85' lang='lat' dir='ltr'>Eprio</span> <span class='ocrx_word' id='word_1_9' title='bbox 384 345 434 392; x_wconf 93' lang='lat' dir='ltr'>et</span> <span class='ocrx_word' id='word_1_10' title='bbox 455 337 785 405; x_wconf 80' lang='lat' dir='ltr'>Cossutiano,</span> <span class='ocrx_word' id='word_1_11' title='bbox 815 340 1175 413; x_wconf 76' lang='lat' dir='ltr'>quinquagies</span> <span class='ocrx_word' id='word_1_12' title='bbox 1201 341 1501 395; x_wconf 83' lang='lat' dir='ltr'>sestertium</span> <span class='ocrx_word' id='word_1_13' title='bbox 1527 340 1787 415; x_wconf 75' lang='lat' dir='ltr'>singuiis;</span> 
     </span>
     <span class='ocr_line' id='line_1_3' title="bbox 187 411 1693 487; baseline 0.004 -22"><span class='ocrx_word' id='word_1_14' title='bbox 187 411 399 467; x_wconf 86' lang='lat' dir='ltr'>Ostorio</span> <span class='ocrx_word' id='word_1_15' title='bbox 419 413 700 469; x_wconf 87' lang='lat' dir='ltr'>duodecies</span> <span class='ocrx_word' id='word_1_16' title='bbox 723 422 774 468; x_wconf 90' lang='lat' dir='ltr'>et</span> <span class='ocrx_word' id='word_1_17' title='bbox 792 416 1091 486; x_wconf 70' lang='lat' dir='ltr'>quaestoria</span> <span class='ocrx_word' id='word_1_18' title='bbox 1113 415 1347 487; x_wconf 82' lang='lat' dir='ltr'>insignia</span> <span class='ocrx_word' id='word_1_19' title='bbox 1366 416 1693 471; x_wconf 87' lang='lat' dir='ltr'>tribuuntur.</span> 
     </span>
    </p>

    <p class='ocr_par' dir='ltr' id='par_1_3' title="bbox 184 488 1797 1539">
     <span class='ocr_line' id='line_1_4' title="bbox 302 488 1793 563; baseline 0.003 -23"><span class='ocrx_word' id='word_1_20' title='bbox 302 489 388 543; x_wconf 78' lang='lat'>34.</span> <span class='ocrx_word' id='word_1_21' title='bbox 429 488 568 543; x_wconf 88' lang='lat' dir='ltr'>Tum</span> <span class='ocrx_word' id='word_1_22' title='bbox 588 490 655 543; x_wconf 87' lang='lat' dir='ltr'>ad</span> <span class='ocrx_word' id='word_1_23' title='bbox 672 490 981 556; x_wconf 83' lang='lat' dir='ltr'>Thraseam,</span> <span class='ocrx_word' id='word_1_24' title='bbox 1005 490 1064 546; x_wconf 92' lang='lat' dir='ltr'>in</span> <span class='ocrx_word' id='word_1_25' title='bbox 1083 489 1252 545; x_wconf 86' lang='lat' dir='ltr'>hortis</span> <span class='ocrx_word' id='word_1_26' title='bbox 1271 498 1533 563; x_wconf 83' lang='lat' dir='ltr'>agentem,</span> <span class='ocrx_word' id='word_1_27' title='bbox 1546 501 1793 562; x_wconf 83' lang='lat' dir='ltr'>quaestor</span> 
     </span>
     <span class='ocr_line' id='line_1_5' title="bbox 189 561 1791 637; baseline 0.003 -23"><span class='ocrx_word' id='word_1_28' title='bbox 189 561 429 617; x_wconf 87' lang='lat' dir='ltr'>consulis</span> <span class='ocrx_word' id='word_1_29' title='bbox 467 566 670 619; x_wconf 88' lang='lat' dir='ltr'>missus</span> <span class='ocrx_word' id='word_1_30' title='bbox 710 572 1109 637; x_wconf 83' lang='lat' dir='ltr'>vesperascente</span> <span class='ocrx_word' id='word_1_31' title='bbox 1146 565 1253 619; x_wconf 87' lang='lat' dir='ltr'>iam</span> <span class='ocrx_word' id='word_1_32' title='bbox 1293 566 1399 619; x_wconf 92' lang='lat' dir='ltr'>die.</span> <span class='ocrx_word' id='word_1_33' title='bbox 1479 566 1791 621; x_wconf 81' lang='lat' dir='ltr'>Inlustrium</span> 
     </span>
     <span class='ocr_line' id='line_1_6' title="bbox 190 630 1794 713; baseline 0.003 -24"><span class='ocrx_word' id='word_1_34' title='bbox 190 638 431 691; x_wconf 86' lang='lat' dir='ltr'>virorum</span> <span class='ocrx_word' id='word_1_35' title='bbox 463 636 892 713; x_wconf 79' lang='lat' dir='ltr'>feminarumque</span> <span class='ocrx_word' id='word_1_36' title='bbox 917 647 1097 695; x_wconf 86' lang='lat' dir='ltr'>coetus</span> <span class='ocrx_word' id='word_1_37' title='bbox 1125 630 1428 711; x_wconf 69' lang='lat' dir='ltr'>frequentes</span> <span class='ocrx_word' id='word_1_38' title='bbox 1459 647 1655 713; x_wconf 81' lang='lat' dir='ltr'>egerat,</span> <span class='ocrx_word' id='word_1_39' title='bbox 1680 659 1794 694; x_wconf 86' lang='lat' dir='ltr'>ma-</span> 
     </span>
     <span class='ocr_line' id='line_1_7' title="bbox 187 712 1789 789; baseline 0.002 -23"><span class='ocrx_word' id='word_1_40' title='bbox 187 713 338 767; x_wconf 89' lang='lat' dir='ltr'>xime</span> <span class='ocrx_word' id='word_1_41' title='bbox 363 712 601 769; x_wconf 88' lang='lat' dir='ltr'>intentus</span> <span class='ocrx_word' id='word_1_42' title='bbox 627 715 908 781; x_wconf 84' lang='lat' dir='ltr'>Demetrio,</span> <span class='ocrx_word' id='word_1_43' title='bbox 942 712 1173 789; x_wconf 75' lang='lat' dir='ltr'>Cynicae</span> <span class='ocrx_word' id='word_1_44' title='bbox 1195 716 1544 770; x_wconf 87' lang='lat' dir='ltr'>institutionis</span> <span class='ocrx_word' id='word_1_45' title='bbox 1564 714 1789 771; x_wconf 89' lang='lat' dir='ltr'>doctori:</span> 
     </span>
     <span class='ocr_line' id='line_1_8' title="bbox 187 790 1790 862; baseline 0.001 -21"><span class='ocrx_word' id='word_1_46' title='bbox 187 804 317 841; x_wconf 90' lang='lat' dir='ltr'>cum</span> <span class='ocrx_word' id='word_1_47' title='bbox 337 805 466 862; x_wconf 89' lang='lat' dir='ltr'>quo,</span> <span class='ocrx_word' id='word_1_48' title='bbox 489 798 550 844; x_wconf 91' lang='lat' dir='ltr'>ut</span> <span class='ocrx_word' id='word_1_49' title='bbox 565 790 855 845; x_wconf 83' lang='lat' dir='ltr'>coniectare</span> <span class='ocrx_word' id='word_1_50' title='bbox 871 798 982 846; x_wconf 87' lang='lat' dir='ltr'>erat</span> <span class='ocrx_word' id='word_1_51' title='bbox 1001 791 1292 845; x_wconf 89' lang='lat' dir='ltr'>intentione</span> <span class='ocrx_word' id='word_1_52' title='bbox 1302 790 1483 846; x_wconf 80' lang='lat' dir='ltr'>vultus</span> <span class='ocrx_word' id='word_1_53' title='bbox 1504 798 1555 845; x_wconf 94' lang='lat' dir='ltr'>et</span> <span class='ocrx_word' id='word_1_54' title='bbox 1574 791 1790 857; x_wconf 88' lang='lat' dir='ltr'>auditis,</span> 
     </span>
     <span class='ocr_line' id='line_1_9' title="bbox 186 862 1795 938; baseline 0.001 -21"><span class='ocrx_word' id='word_1_55' title='bbox 186 863 234 917; x_wconf 89' lang='lat' dir='ltr'>si</span> <span class='ocrx_word' id='word_1_56' title='bbox 258 880 367 935; x_wconf 88' lang='lat' dir='ltr'>qua</span> <span class='ocrx_word' id='word_1_57' title='bbox 389 862 586 919; x_wconf 86' lang='lat' dir='ltr'>clarius</span> <span class='ocrx_word' id='word_1_58' title='bbox 603 864 1075 938; x_wconf 85' lang='lat' dir='ltr'>proloquebantur,</span> <span class='ocrx_word' id='word_1_59' title='bbox 1092 865 1160 920; x_wconf 92' lang='lat' dir='ltr'>de</span> <span class='ocrx_word' id='word_1_60' title='bbox 1179 873 1364 920; x_wconf 86' lang='lat' dir='ltr'>natura</span> <span class='ocrx_word' id='word_1_61' title='bbox 1386 867 1595 920; x_wconf 84' lang='lat' dir='ltr'>animae</span> <span class='ocrx_word' id='word_1_62' title='bbox 1615 875 1665 921; x_wconf 89' lang='lat' dir='ltr'>et</span> <span class='ocrx_word' id='word_1_63' title='bbox 1683 866 1795 919; x_wconf 91' lang='lat' dir='ltr'>dis-</span> 
     </span>
     <span class='ocr_line' id='line_1_10' title="bbox 187 939 1797 1013; baseline 0.002 -21"><span class='ocrx_word' id='word_1_64' title='bbox 187 940 476 994; x_wconf 83' lang='lat' dir='ltr'>sociatione</span> <span class='ocrx_word' id='word_1_65' title='bbox 511 940 735 1011; x_wconf 88' lang='lat' dir='ltr'>spiritus</span> <span class='ocrx_word' id='word_1_66' title='bbox 774 942 1119 1013; x_wconf 86' lang='lat' dir='ltr'>corporisque</span> <span class='ocrx_word' id='word_1_67' title='bbox 1144 939 1473 1013; x_wconf 86' lang='lat' dir='ltr'>inquirebat;</span> <span class='ocrx_word' id='word_1_68' title='bbox 1516 941 1683 996; x_wconf 87' lang='lat' dir='ltr'>donec</span> <span class='ocrx_word' id='word_1_69' title='bbox 1702 942 1797 995; x_wconf 86' lang='lat' dir='ltr'>ad-</span> 
     </span>
     <span class='ocr_line' id='line_1_11' title="bbox 189 1014 1791 1083; baseline 0.002 -17"><span class='ocrx_word' id='word_1_70' title='bbox 189 1014 337 1069; x_wconf 80' lang='lat' dir='ltr'>venit</span> <span class='ocrx_word' id='word_1_71' title='bbox 363 1014 629 1071; x_wconf 81' lang='lat' dir='ltr'>Domitius</span> <span class='ocrx_word' id='word_1_72' title='bbox 658 1015 1010 1083; x_wconf 88' lang='lat' dir='ltr'>Caecilianus,</span> <span class='ocrx_word' id='word_1_73' title='bbox 1055 1034 1123 1071; x_wconf 87' lang='lat' dir='ltr'>ex</span> <span class='ocrx_word' id='word_1_74' title='bbox 1154 1016 1361 1071; x_wconf 88' lang='lat' dir='ltr'>intimis</span> <span class='ocrx_word' id='word_1_75' title='bbox 1392 1017 1601 1081; x_wconf 87' lang='lat' dir='ltr'>amicis,</span> <span class='ocrx_word' id='word_1_76' title='bbox 1642 1024 1693 1070; x_wconf 92' lang='lat' dir='ltr'>et</span> <span class='ocrx_word' id='word_1_77' title='bbox 1722 1017 1791 1082; x_wconf 86' lang='lat' dir='ltr'>ei,</span> 
     </span>
     <span class='ocr_line' id='line_1_12' title="bbox 187 1089 1795 1165; baseline 0.001 -23"><span class='ocrx_word' id='word_1_78' title='bbox 187 1089 326 1161; x_wconf 88' lang='lat' dir='ltr'>quid</span> <span class='ocrx_word' id='word_1_79' title='bbox 346 1098 564 1147; x_wconf 88' lang='lat' dir='ltr'>senatus</span> <span class='ocrx_word' id='word_1_80' title='bbox 583 1092 898 1158; x_wconf 84' lang='lat' dir='ltr'>censuisset,</span> <span class='ocrx_word' id='word_1_81' title='bbox 922 1093 1188 1165; x_wconf 87' lang='lat' dir='ltr'>exposuit.</span> <span class='ocrx_word' id='word_1_82' title='bbox 1269 1092 1437 1165; x_wconf 77' lang='lat' dir='ltr'>igitur</span> <span class='ocrx_word' id='word_1_83' title='bbox 1458 1090 1640 1146; x_wconf 88' lang='lat' dir='ltr'>flentes</span> <span class='ocrx_word' id='word_1_84' title='bbox 1660 1108 1795 1163; x_wconf 89' lang='lat' dir='ltr'>que-</span> 
     </span>
     <span class='ocr_line' id='line_1_13' title="bbox 188 1164 1791 1244; baseline 0.002 -27"><span class='ocrx_word' id='word_1_85' title='bbox 188 1164 536 1237; x_wconf 85' lang='lat' dir='ltr'>ritantesque‚</span> <span class='ocrx_word' id='word_1_86' title='bbox 579 1168 675 1238; x_wconf 91' lang='lat' dir='ltr'>qui</span> <span class='ocrx_word' id='word_1_87' title='bbox 715 1166 949 1233; x_wconf 86' lang='lat' dir='ltr'>aderant,</span> <span class='ocrx_word' id='word_1_88' title='bbox 969 1237 974 1244; x_wconf 92' lang='lat'>.</span> <span class='ocrx_word' id='word_1_89' title='bbox 992 1165 1251 1222; x_wconf 81' lang='lat' dir='ltr'>facessere</span> <span class='ocrx_word' id='word_1_90' title='bbox 1285 1183 1508 1238; x_wconf 87' lang='lat' dir='ltr'>propere</span> <span class='ocrx_word' id='word_1_91' title='bbox 1540 1166 1791 1232; x_wconf 86' lang='lat' dir='ltr'>Thrasea,</span> 
     </span>
     <span class='ocr_line' id='line_1_14' title="bbox 187 1240 1795 1312; baseline 0.002 -19"><span class='ocrx_word' id='word_1_92' title='bbox 187 1256 296 1293; x_wconf 91' lang='lat' dir='ltr'>neu</span> <span class='ocrx_word' id='word_1_93' title='bbox 323 1240 563 1312; x_wconf 85' lang='lat' dir='ltr'>pericula</span> <span class='ocrx_word' id='word_1_94' title='bbox 591 1259 690 1297; x_wconf 87' lang='lat' dir='ltr'>sua</span> <span class='ocrx_word' id='word_1_95' title='bbox 721 1243 1005 1297; x_wconf 79' lang='lat' dir='ltr'>miscerent</span> <span class='ocrx_word' id='word_1_96' title='bbox 1032 1260 1159 1298; x_wconf 84' lang='lat' dir='ltr'>cum</span> <span class='ocrx_word' id='word_1_97' title='bbox 1178 1242 1593 1308; x_wconf 83' lang='lat' dir='ltr'>sortedamnati,</span> <span class='ocrx_word' id='word_1_98' title='bbox 1617 1242 1795 1297; x_wconf 90' lang='lat' dir='ltr'>horta-</span> 
     </span>
     <span class='ocr_line' id='line_1_15' title="bbox 187 1315 1797 1390; baseline 0.001 -21"><span class='ocrx_word' id='word_1_99' title='bbox 187 1323 296 1371; x_wconf 90' lang='lat' dir='ltr'>tur.</span> <span class='ocrx_word' id='word_1_100' title='bbox 376 1315 717 1390; x_wconf 80' lang='lat' dir='ltr'>Arriamque,</span> <span class='ocrx_word' id='word_1_101' title='bbox 747 1325 1035 1373; x_wconf 84' lang='lat' dir='ltr'>tentantem</span> <span class='ocrx_word' id='word_1_102' title='bbox 1064 1318 1244 1372; x_wconf 86' lang='lat' dir='ltr'>mariti</span> <span class='ocrx_word' id='word_1_103' title='bbox 1274 1334 1525 1389; x_wconf 89' lang='lat' dir='ltr'>suprema</span> <span class='ocrx_word' id='word_1_104' title='bbox 1544 1326 1597 1371; x_wconf 85' lang='lat' dir='ltr'>et</span> <span class='ocrx_word' id='word_1_105' title='bbox 1613 1330 1797 1372; x_wconf 85' lang='lat' dir='ltr'>exem-</span> 
     </span>
     <span class='ocr_line' id='line_1_16' title="bbox 184 1388 1796 1465; baseline 0.002 -22"><span class='ocrx_word' id='word_1_106' title='bbox 184 1388 344 1463; x_wconf 89' lang='lat' dir='ltr'>plum</span> <span class='ocrx_word' id='word_1_107' title='bbox 364 1390 549 1448; x_wconf 84' lang='lat' dir='ltr'>Arriae</span> <span class='ocrx_word' id='word_1_108' title='bbox 570 1394 754 1447; x_wconf 86' lang='lat' dir='ltr'>matris</span> <span class='ocrx_word' id='word_1_109' title='bbox 773 1393 949 1465; x_wconf 87' lang='lat' dir='ltr'>sequi,</span> <span class='ocrx_word' id='word_1_110' title='bbox 972 1400 1170 1457; x_wconf 90' lang='lat' dir='ltr'>monet,</span> <span class='ocrx_word' id='word_1_111' title='bbox 1200 1392 1424 1446; x_wconf 90' lang='lat' dir='ltr'>retinere</span> <span class='ocrx_word' id='word_1_112' title='bbox 1444 1393 1608 1446; x_wconf 82' lang='lat' dir='ltr'>vitam</span> <span class='ocrx_word' id='word_1_113' title='bbox 1630 1392 1796 1447; x_wconf 84' lang='lat' dir='ltr'>filiae-</span> 
     </span>
     <span class='ocr_line' id='line_1_17' title="bbox 186 1466 1567 1539; baseline 0.001 -19"><span class='ocrx_word' id='word_1_114' title='bbox 186 1482 298 1539; x_wconf 90' lang='lat' dir='ltr'>que</span> <span class='ocrx_word' id='word_1_115' title='bbox 315 1467 590 1523; x_wconf 82' lang='lat' dir='ltr'>communi</span> <span class='ocrx_word' id='word_1_116' title='bbox 611 1468 920 1527; x_wconf 84' lang='lat' dir='ltr'>subsidium</span> <span class='ocrx_word' id='word_1_117' title='bbox 942 1468 1166 1523; x_wconf 86' lang='lat' dir='ltr'>unicum</span> <span class='ocrx_word' id='word_1_118' title='bbox 1187 1475 1295 1523; x_wconf 86' lang='lat' dir='ltr'>no&#39;n</span> <span class='ocrx_word' id='word_1_119' title='bbox 1313 1466 1567 1522; x_wconf 85' lang='lat' dir='ltr'>adimere.</span> 
     </span>
    </p>

    <p class='ocr_par' dir='ltr' id='par_1_4' title="bbox 185 1541 1797 2368">
     <span class='ocr_line' id='line_1_18' title="bbox 301 1541 1796 1618; baseline 0.001 -22"><span class='ocrx_word' id='word_1_120' title='bbox 301 1547 386 1598; x_wconf 83' lang='lat'>35.</span> <span class='ocrx_word' id='word_1_121' title='bbox 429 1543 568 1606; x_wconf 69' lang='lat' dir='ltr'>Tum</span> <span class='ocrx_word' id='word_1_122' title='bbox 596 1559 912 1618; x_wconf 81' lang='lat' dir='ltr'>progressus</span> <span class='ocrx_word' id='word_1_123' title='bbox 941 1545 1000 1599; x_wconf 90' lang='lat' dir='ltr'>in</span> <span class='ocrx_word' id='word_1_124' title='bbox 1019 1544 1305 1614; x_wconf 89' lang='lat' dir='ltr'>porticum,</span> <span class='ocrx_word' id='word_1_125' title='bbox 1334 1541 1447 1597; x_wconf 90' lang='lat' dir='ltr'>illic</span> <span class='ocrx_word' id='word_1_126' title='bbox 1470 1559 1499 1596; x_wconf 87' lang='lat' dir='ltr'>a</span> <span class='ocrx_word' id='word_1_127' title='bbox 1519 1551 1796 1614; x_wconf 84' lang='lat' dir='ltr'>quaestore</span> 
     </span>
     <span class='ocr_line' id='line_1_19' title="bbox 185 1616 1795 1692; baseline 0.002 -22"><span class='ocrx_word' id='word_1_128' title='bbox 185 1619 472 1688; x_wconf 84' lang='lat' dir='ltr'>reperitur,</span> <span class='ocrx_word' id='word_1_129' title='bbox 504 1617 730 1673; x_wconf 86' lang='lat' dir='ltr'>laetitiae</span> <span class='ocrx_word' id='word_1_130' title='bbox 759 1619 993 1691; x_wconf 89' lang='lat' dir='ltr'>propior,</span> <span class='ocrx_word' id='word_1_131' title='bbox 1026 1619 1156 1691; x_wconf 89' lang='lat' dir='ltr'>quia</span> <span class='ocrx_word' id='word_1_132' title='bbox 1186 1616 1515 1684; x_wconf 90' lang='lat' dir='ltr'>Helvidium,</span> <span class='ocrx_word' id='word_1_133' title='bbox 1534 1635 1795 1692; x_wconf 83' lang='lat' dir='ltr'>generum</span> 
     </span>
     <span class='ocr_line' id='line_1_20' title="bbox 187 1692 1797 1769; baseline 0.001 -23"><span class='ocrx_word' id='word_1_134' title='bbox 187 1708 377 1759; x_wconf 90' lang='lat' dir='ltr'>suum,</span> <span class='ocrx_word' id='word_1_135' title='bbox 401 1693 549 1748; x_wconf 84' lang='lat' dir='ltr'>Italia</span> <span class='ocrx_word' id='word_1_136' title='bbox 567 1701 774 1750; x_wconf 78' lang='lat' dir='ltr'>tantum</span> <span class='ocrx_word' id='word_1_137' title='bbox 793 1695 960 1750; x_wconf 87' lang='lat' dir='ltr'>arceri</span> <span class='ocrx_word' id='word_1_138' title='bbox 980 1701 1312 1769; x_wconf 80' lang='lat' dir='ltr'>cognoverat.</span> <span class='ocrx_word' id='word_1_139' title='bbox 1357 1692 1585 1765; x_wconf 81' lang='lat' dir='ltr'>Accepto</span> <span class='ocrx_word' id='word_1_140' title='bbox 1602 1693 1797 1748; x_wconf 86' lang='lat' dir='ltr'>dehinc</span> 
     </span>
     <span class='ocr_line' id='line_1_21' title="bbox 188 1769 1797 1836; baseline 0.001 -14"><span class='ocrx_word' id='word_1_141' title='bbox 188 1778 409 1824; x_wconf 87' lang='lat' dir='ltr'>senatus</span> <span class='ocrx_word' id='word_1_142' title='bbox 437 1769 697 1836; x_wconf 86' lang='lat' dir='ltr'>consulto,</span> <span class='ocrx_word' id='word_1_143' title='bbox 729 1769 1038 1825; x_wconf 88' lang='lat' dir='ltr'>Helvidium</span> <span class='ocrx_word' id='word_1_144' title='bbox 1069 1778 1119 1824; x_wconf 90' lang='lat' dir='ltr'>et</span> <span class='ocrx_word' id='word_1_145' title='bbox 1143 1770 1469 1824; x_wconf 85' lang='lat' dir='ltr'>Demetrium</span> <span class='ocrx_word' id='word_1_146' title='bbox 1488 1771 1548 1823; x_wconf 91' lang='lat' dir='ltr'>in</span> <span class='ocrx_word' id='word_1_147' title='bbox 1573 1770 1797 1824; x_wconf 88' lang='lat' dir='ltr'>cubicu-</span> 
     </span>
     <span class='ocr_line' id='line_1_22' title="bbox 189 1842 1792 1917; baseline 0.002 -21"><span class='ocrx_word' id='word_1_148' title='bbox 189 1842 308 1897; x_wconf 74' lang='lat' dir='ltr'>ium</span> <span class='ocrx_word' id='word_1_149' title='bbox 348 1843 582 1900; x_wconf 88' lang='lat' dir='ltr'>inducit:</span> <span class='ocrx_word' id='word_1_150' title='bbox 670 1847 1034 1917; x_wconf 85' lang='lat' dir='ltr'>porrectisque</span> <span class='ocrx_word' id='word_1_151' title='bbox 1074 1845 1359 1916; x_wconf 91' lang='lat' dir='ltr'>utriusque</span> <span class='ocrx_word' id='word_1_152' title='bbox 1385 1844 1590 1900; x_wconf 86' lang='lat' dir='ltr'>brachii</span> <span class='ocrx_word' id='word_1_153' title='bbox 1620 1849 1792 1911; x_wconf 78' lang='lat' dir='ltr'>vcniS,</span> 
     </span>
     <span class='ocr_line' id='line_1_23' title="bbox 189 1920 1792 1994; baseline 0.001 -21"><span class='ocrx_word' id='word_1_154' title='bbox 189 1927 476 1991; x_wconf 85' lang='lat' dir='ltr'>postquam</span> <span class='ocrx_word' id='word_1_155' title='bbox 515 1937 757 1975; x_wconf 87' lang='lat' dir='ltr'>cruorem</span> <span class='ocrx_word' id='word_1_156' title='bbox 795 1920 998 1985; x_wconf 81' lang='lat' dir='ltr'>effudit,</span> <span class='ocrx_word' id='word_1_157' title='bbox 1040 1920 1274 1975; x_wconf 91' lang='lat' dir='ltr'>humum</span> <span class='ocrx_word' id='word_1_158' title='bbox 1313 1935 1477 1991; x_wconf 90' lang='lat' dir='ltr'>super</span> <span class='ocrx_word' id='word_1_159' title='bbox 1514 1936 1792 1994; x_wconf 78' lang='lat' dir='ltr'>spargens,</span> 
     </span>
     <span class='ocr_line' id='line_1_24' title="bbox 189 1995 1797 2068; baseline 0 -19"><span class='ocrx_word' id='word_1_160' title='bbox 189 1995 414 2067; x_wconf 87' lang='lat' dir='ltr'>propius</span> <span class='ocrx_word' id='word_1_161' title='bbox 441 2002 623 2050; x_wconf 84' lang='lat' dir='ltr'>vocato</span> <span class='ocrx_word' id='word_1_162' title='bbox 648 2005 945 2068; x_wconf 88' lang='lat' dir='ltr'>quaestore,</span> <span class='ocrx_word' id='word_1_163' title='bbox 976 1996 1229 2059; x_wconf 81' lang='lat' dir='ltr'>Libemus,</span> <span class='ocrx_word' id='word_1_164' title='bbox 1252 1995 1451 2066; x_wconf 90' lang='lat' dir='ltr'>inquit,</span> <span class='ocrx_word' id='word_1_165' title='bbox 1477 2013 1575 2051; x_wconf 86' lang='lat' dir='ltr'>10v1</span> <span class='ocrx_word' id='word_1_166' title='bbox 1595 2014 1797 2049; x_wconf 69' lang='lat' dir='ltr'>mnen-</span> 
     </span>
     <span class='ocr_line' id='line_1_25' title="bbox 187 2070 1795 2140; baseline 0.001 -18"><span class='ocrx_word' id='word_1_167' title='bbox 187 2087 318 2126; x_wconf 79' lang='lat' dir='ltr'>rom.</span> <span class='ocrx_word' id='word_1_168' title='bbox 384 2070 591 2139; x_wconf 79' lang='lat' dir='ltr'>Specta,</span> <span class='ocrx_word' id='word_1_169' title='bbox 613 2075 827 2126; x_wconf 72' lang='lat' dir='ltr'>iuvenis.</span> <span class='ocrx_word' id='word_1_170' title='bbox 895 2071 963 2124; x_wconf 87' lang='lat' dir='ltr'>Et</span> <span class='ocrx_word' id='word_1_171' title='bbox 982 2087 1127 2124; x_wconf 78' lang='lat' dir='ltr'>omen</span> <span class='ocrx_word' id='word_1_172' title='bbox 1146 2073 1352 2140; x_wconf 76' lang='lat' dir='ltr'>quidem</span> <span class='ocrx_word' id='word_1_173' title='bbox 1372 2074 1451 2125; x_wconf 79' lang='lat' dir='ltr'>dii</span> <span class='ocrx_word' id='word_1_174' title='bbox 1461 2073 1795 2138; x_wconf 46' lang='lat' dir='ltr'>pronubum&amp;</span> 
     </span>
     <span class='ocr_line' id='line_1_26' title="bbox 191 2147 1797 2216; baseline -0.001 -17"><span class='ocrx_word' id='word_1_175' title='bbox 191 2152 416 2200; x_wconf 76' lang='lat' dir='ltr'>ceterum</span> <span class='ocrx_word' id='word_1_176' title='bbox 433 2149 493 2200; x_wconf 78' lang='lat' dir='ltr'>in</span> <span class='ocrx_word' id='word_1_177' title='bbox 510 2164 572 2200; x_wconf 81' lang='lat' dir='ltr'>ea</span> <span class='ocrx_word' id='word_1_178' title='bbox 593 2153 821 2214; x_wconf 69' lang='lat' dir='ltr'>impera</span> <span class='ocrx_word' id='word_1_179' title='bbox 845 2154 1001 2200; x_wconf 79' lang='lat' dir='ltr'>natus</span> <span class='ocrx_word' id='word_1_180' title='bbox 1025 2163 1094 2210; x_wconf 74' lang='lat' dir='ltr'>es,</span> <span class='ocrx_word' id='word_1_181' title='bbox 1125 2147 1313 2214; x_wconf 70' lang='lat' dir='ltr'>quibus</span> <span class='ocrx_word' id='word_1_182' title='bbox 1336 2149 1547 2216; x_wconf 78' lang='lat' dir='ltr'>firmare</span> <span class='ocrx_word' id='word_1_183' title='bbox 1564 2150 1797 2200; x_wconf 81' lang='lat' dir='ltr'>animum</span> 
     </span>
     <span class='ocr_line' id='line_1_27' title="bbox 193 2219 1796 2289; baseline -0.001 -15"><span class='ocrx_word' id='word_1_184' title='bbox 193 2224 436 2289; x_wconf 70' lang='lat' dir='ltr'>eaepediat</span> <span class='ocrx_word' id='word_1_185' title='bbox 458 2224 810 2288; x_wconf 66' lang='lat' dir='ltr'>constantibus</span> <span class='ocrx_word' id='word_1_186' title='bbox 827 2221 1093 2288; x_wconf 73' lang='lat' dir='ltr'>exemplis.</span> <span class='ocrx_word' id='word_1_187' title='bbox 1121 2221 1263 2287; x_wconf 90' lang='lat' dir='ltr'>Post,</span> <span class='ocrx_word' id='word_1_188' title='bbox 1287 2219 1600 2276; x_wconf 86' lang='lat' dir='ltr'>lentitudine</span> <span class='ocrx_word' id='word_1_189' title='bbox 1619 2220 1796 2274; x_wconf 87' lang='lat' dir='ltr'>exitus</span> 
     </span>
     <span class='ocr_line' id='line_1_28' title="bbox 190 2291 1759 2368; baseline -0.003 -15"><span class='ocrx_word' id='word_1_190' title='bbox 190 2311 382 2368; x_wconf 77' lang='lat' dir='ltr'>graves</span> <span class='ocrx_word' id='word_1_191' title='bbox 402 2296 668 2352; x_wconf 85' lang='lat' dir='ltr'>cruciatus</span> <span class='ocrx_word' id='word_1_192' title='bbox 687 2295 1230 2362; x_wconf 76' lang='lat' dir='ltr'>adferente,obversis</span> <span class='ocrx_word' id='word_1_193' title='bbox 1248 2297 1307 2351; x_wconf 90' lang='lat' dir='ltr'>in</span> <span class='ocrx_word' id='word_1_194' title='bbox 1326 2295 1651 2352; x_wconf 89' lang='lat' dir='ltr'>Demetrium</span> <span class='ocrx_word' id='word_1_195' title='bbox 1672 2291 1707 2326; x_wconf 84' lang='lat'><em>*</em></span> <span class='ocrx_word' id='word_1_196' title='bbox 1724 2291 1759 2326; x_wconf 84' lang='lat'><em>*</em></span> 
     </span>
    </p>
   </div>
   <div class='ocr_carea' id='block_1_3' title="bbox 190 2457 1797 2703">
    <p class='ocr_par' dir='ltr' id='par_1_5' title="bbox 190 2457 1797 2703">
     <span class='ocr_line' id='line_1_29' title="bbox 286 2457 1797 2510; baseline 0 -12"><span class='ocrx_word' id='word_1_197' title='bbox 286 2459 445 2508; x_wconf 74' lang='lat' dir='ltr'>(Nou</span> <span class='ocrx_word' id='word_1_198' title='bbox 481 2460 518 2498; x_wconf 90' lang='lat'>1.</span> <span class='ocrx_word' id='word_1_199' title='bbox 550 2458 735 2510; x_wconf 68' lang='lat' dir='ltr'>bip-ti.</span> <span class='ocrx_word' id='word_1_200' title='bbox 765 2461 898 2498; x_wconf 69' lang='lat' dir='ltr'>Multa</span> <span class='ocrx_word' id='word_1_201' title='bbox 925 2465 967 2497; x_wconf 82' lang='lat' dir='ltr'>et</span> <span class='ocrx_word' id='word_1_202' title='bbox 990 2457 1097 2498; x_wconf 73' lang='lat' dir='ltr'>libro</span> <span class='ocrx_word' id='word_1_203' title='bbox 1123 2457 1233 2501; x_wconf 73' lang='lat' dir='ltr'>huie.</span> <span class='ocrx_word' id='word_1_204' title='bbox 1259 2463 1301 2498; x_wconf 74' lang='lat' dir='ltr'>ot</span> <span class='ocrx_word' id='word_1_205' title='bbox 1322 2457 1582 2497; x_wconf 67' lang='lat' dir='ltr'>Nmuinuo</span> <span class='ocrx_word' id='word_1_206' title='bbox 1599 2457 1797 2498; x_wconf 64' lang='lat' dir='ltr'>luston·-</span> 
     </span>
     <span class='ocr_line' id='line_1_30' title="bbox 193 2520 1792 2574; baseline -0.001 -13"><span class='ocrx_word' id='word_1_207' title='bbox 193 2523 330 2562; x_wconf 74' lang='lat' dir='ltr'>deene</span> <span class='ocrx_word' id='word_1_208' title='bbox 349 2525 515 2562; x_wconf 69' lang='lat' dir='ltr'>clarum·</span> <span class='ocrx_word' id='word_1_209' title='bbox 561 2523 658 2562; x_wconf 75' lang='lat' dir='ltr'>Duo</span> <span class='ocrx_word' id='word_1_210' title='bbox 676 2524 772 2562; x_wconf 76' lang='lat' dir='ltr'>mni</span> <span class='ocrx_word' id='word_1_211' title='bbox 791 2523 952 2562; x_wconf 81' lang='lat' dir='ltr'>dicendi</span> <span class='ocrx_word' id='word_1_212' title='bbox 971 2529 1209 2574; x_wconf 69' lang='lat' dir='ltr'>supersunt,</span> <span class='ocrx_word' id='word_1_213' title='bbox 1226 2522 1271 2560; x_wconf 77' lang='lat' dir='ltr'>in</span> <span class='ocrx_word' id='word_1_214' title='bbox 1284 2520 1431 2572; x_wconf 77' lang='lat' dir='ltr'>quibu·</span> <span class='ocrx_word' id='word_1_215' title='bbox 1449 2523 1500 2560; x_wconf 78' lang='lat' dir='ltr'>do</span> <span class='ocrx_word' id='word_1_216' title='bbox 1512 2523 1693 2562; x_wconf 69' lang='lat' dir='ltr'>adventu</span> <span class='ocrx_word' id='word_1_217' title='bbox 1710 2521 1792 2560; x_wconf 79' lang='lat' dir='ltr'>Te-</span> 
     </span>
     <span class='ocr_line' id='line_1_31' title="bbox 190 2584 1794 2638; baseline -0.001 -14"><span class='ocrx_word' id='word_1_218' title='bbox 190 2587 353 2632; x_wconf 71' lang='lat' dir='ltr'>ridntiu,</span> <span class='ocrx_word' id='word_1_219' title='bbox 389 2589 441 2626; x_wconf 76' lang='lat' dir='ltr'>de</span> <span class='ocrx_word' id='word_1_220' title='bbox 471 2587 750 2629; x_wconf 71' lang='lat' dir='ltr'>coniuratione</span> <span class='ocrx_word' id='word_1_221' title='bbox 769 2587 1002 2634; x_wconf 73' lang='lat' dir='ltr'>vinici-m,</span> <span class='ocrx_word' id='word_1_222' title='bbox 1031 2587 1085 2626; x_wconf 74' lang='lat' dir='ltr'>d·</span> <span class='ocrx_word' id='word_1_223' title='bbox 1110 2592 1221 2624; x_wconf 74' lang='lat' dir='ltr'>motu</span> <span class='ocrx_word' id='word_1_224' title='bbox 1243 2584 1444 2628; x_wconf 68' lang='lat' dir='ltr'>Vindicis,</span> <span class='ocrx_word' id='word_1_225' title='bbox 1469 2585 1631 2638; x_wconf 67' lang='lat' dir='ltr'>alioque</span> <span class='ocrx_word' id='word_1_226' title='bbox 1655 2586 1794 2638; x_wconf 67' lang='lat' dir='ltr'>digua,</span> 
     </span>
     <span class='ocr_line' id='line_1_32' title="bbox 192 2646 1681 2703; baseline 0.001 -15"><span class='ocrx_word' id='word_1_227' title='bbox 192 2664 332 2703; x_wconf 68' lang='lat' dir='ltr'>quaen</span> <span class='ocrx_word' id='word_1_228' title='bbox 350 2664 492 2702; x_wconf 65' lang='lat' dir='ltr'>magno</span> <span class='ocrx_word' id='word_1_229' title='bbox 510 2657 673 2691; x_wconf 74' lang='lat' dir='ltr'>auctore</span> <span class='ocrx_word' id='word_1_230' title='bbox 689 2651 838 2690; x_wconf 62' lang='lat' dir='ltr'>tradita</span> <span class='ocrx_word' id='word_1_231' title='bbox 855 2652 1097 2700; x_wconf 69' lang='lat' dir='ltr'>legeremus,</span> <span class='ocrx_word' id='word_1_232' title='bbox 1114 2651 1149 2689; x_wconf 71' lang='lat' dir='ltr'>ui</span> <span class='ocrx_word' id='word_1_233' title='bbox 1168 2646 1263 2687; x_wconf 71' lang='lat' dir='ltr'>ratt-</span> <span class='ocrx_word' id='word_1_234' title='bbox 1282 2647 1339 2688; x_wconf 73' lang='lat' dir='ltr'>iu</span> <span class='ocrx_word' id='word_1_235' title='bbox 1356 2648 1489 2687; x_wconf 72' lang='lat' dir='ltr'>vinum</span> <span class='ocrx_word' id='word_1_236' title='bbox 1504 2649 1681 2700; x_wconf 72' lang='lat' dir='ltr'>suis-et.)</span> 
     </span>
    </p>
   </div>
   <div class='ocr_carea' id='block_1_4' title="bbox 773 2758 1223 2796">
    <p class='ocr_par' dir='ltr' id='par_1_6' title="bbox 773 2758 1223 2796">
     <span class='ocr_line' id='line_1_33' title="bbox 773 2758 1223 2796; baseline 0 -16"><span class='ocrx_word' id='word_1_237' title='bbox 773 2758 1223 2796; x_wconf 37' lang='grc' dir='ltr'>...ᾖρον-..-</span> 
     </span>
    </p>
   </div>
  </div>
 </body>
</html>
