2081 3038
204 209 445 283 mano.)
606 219 760 265 mn.
799 219 869 266 11.
908 219 1085 265 cAP.
1127 219 1363 266 55—57.
1707 218 1771 270 89

202 325 375 374 atrum
393 317 708 383 adtulerunt,
729 316 938 373 Vitellio
955 313 1226 389 plausere:
1266 319 1496 390 populus
1513 337 1636 375 cum
1660 321 1776 377 lau-

202 409 266 447 ru
304 409 365 446 ac
400 390 619 446 floribus
656 392 853 448 Galbae
886 393 1146 464 imagines
1181 393 1380 446 circum
1411 394 1601 464 templa
1629 395 1769 460 tulit,

202 467 461 538 congestis
489 467 547 520 in
576 466 793 521 modum
822 465 1013 519 tumuli
1032 467 1258 530 coronis,
1281 467 1426 520 iuxta
1447 466 1618 521 lacum
1639 469 1772 522 Cur-

202 540 279 603 tii,
308 555 467 610 quem
490 539 661 594 locum
684 539 848 594 Galba
868 539 1098 592 moriens
1117 540 1376 610 sanguine
1397 539 1655 594 infecerat.
1712 543 1770 595 In

200 620 383 667 senatu
405 621 608 676 cuncta,
634 612 804 685 longis
824 610 1046 666 aliorum
1065 613 1448 682 principatibus
1465 615 1770 683 composita,

199 687 375 740 statim
397 686 763 741 decernuntur.
843 685 1060 739 Additae
1079 703 1200 757 erga
1217 686 1558 740 Germanicos
1574 689 1773 740 exerci-

200 769 286 813 tus
308 759 487 814 laudes
505 769 801 831 gratesque,
816 770 865 812 et
885 761 1048 813 missa
1070 759 1272 831 legatio,
1285 776 1424 830 quae
1440 759 1632 831 gaudio
1651 759 1773 814 fun-

199 840 425 905 geretur.
488 834 743 887 Reoitatae
764 833 909 886 Fabii
932 829 1164 886 Valentis
1179 832 1426 904 epistolae
1445 833 1511 887 ad
1527 844 1771 888 consules

200 908 421 977 scriptae
458 907 599 960 haud
638 907 984 961 inmoderate:
1034 907 1228 979 gratior
1246 906 1496 961 Caecinae
1519 907 1770 962 modestia

199 979 317 1044 fuit,
340 979 482 1051 quod
502 997 605 1036 non
624 981 939 1050 scripsisset.

306 1055 390 1108 56.
432 1053 673 1109 Ceterum
713 1054 856 1109 ltalia
892 1053 1112 1127 gravius
1136 1061 1294 1126 atque
1319 1055 1563 1121 atrocius,
1607 1072 1772 1127 quam

200 1126 354 1191 bello,
376 1126 751 1184 adflictabatur.
796 1129 1031 1199 Dispersi
1051 1145 1144 1199 per
1165 1129 1454 1200 municipia
1473 1137 1527 1183 et
1544 1128 1770 1185 colonias

198 1195 461 1256 Vitelliani
490 1202 732 1272 spoliare,
773 1219 972 1273 rapere,
1016 1204 1070 1256 vi
1095 1210 1146 1256 et
1164 1203 1362 1274 stupris
1381 1202 1633 1274 polluere.
1711 1206 1769 1259 In

196 1291 353 1330 omne
381 1273 460 1330 fas
487 1275 740 1347 nefasque
766 1278 908 1332 avidi
936 1283 1026 1330 aut
1048 1276 1277 1340 venales,
1325 1295 1430 1331 non
1457 1291 1623 1342 sacro,
1665 1297 1769 1334 non

200 1347 415 1419 profano
432 1349 777 1403 abstinebant.
856 1351 921 1403 Et
940 1349 1104 1412 fuere,
1128 1351 1224 1419 qui
1241 1351 1486 1404 inimicos
1505 1369 1631 1406 suos
1649 1369 1772 1422 spe-

196 1424 279 1476 cie
309 1421 538 1474 militum
564 1422 927 1475 interficerent.
1006 1423 1225 1490 Ipsique
1253 1421 1468 1485 milites,
1497 1425 1770 1495 regionum

198 1494 371 1566 gnari,
412 1492 623 1549 refertos
642 1512 813 1567 agros,
854 1494 988 1549 dites
1012 1495 1274 1558 dominos,
1295 1495 1352 1548 in
1371 1495 1637 1565 praedam,
1661 1505 1767 1562 aut,

200 1569 247 1621 si
276 1574 627 1638 repugnatum
656 1568 800 1631 foret,
832 1567 899 1621 ad
924 1568 1192 1633 excidium
1211 1568 1569 1623 destinabant:
1609 1571 1774 1625 obno-

202 1640 307 1693 xiis
332 1638 559 1693 ducibus
586 1651 637 1695 et
663 1641 940 1711 prohibere
960 1659 1064 1697 non
1086 1642 1251 1696 ausis.
1329 1642 1506 1697 Minus
1523 1646 1772 1700 avaritiae

199 1715 257 1769 in
278 1713 517 1778 Caecina,
548 1716 672 1785 plus
688 1715 1017 1772 ambitionis:
1063 1714 1270 1782 Valens,
1291 1717 1360 1771 ob
1377 1716 1522 1771 lucra
1541 1726 1592 1772 et
1609 1718 1774 1790 quae-

200 1796 316 1843 stus
336 1785 569 1852 infamis,
600 1806 766 1861 eoque
790 1789 990 1846 alienae
1012 1791 1170 1845 etiam
1189 1790 1376 1861 culpae
1393 1791 1768 1849 dissimulator.

202 1864 310 1915 Iam
348 1859 555 1931 pridem
602 1863 802 1917 adtritis
839 1864 1015 1919 Italiae
1051 1866 1210 1920 rebus
1225 1907 1239 1929 ,
1289 1873 1492 1919 tantum
1531 1867 1770 1937 peditum

198 1936 569 2065 letaluitumque,
614 1938 693 1993 vis
732 1937 1031 2010 damnaque
1070 1948 1120 1995 et
1155 1940 1382 1995 iniuriae
1410 1956 1562 2012 segne
1591 1940 1776 1995 tolera-

267 2017 408 2065 ntur.

306 2086 391 2139 57.
434 2084 646 2139 Interim
666 2085 929 2151 Vitellius,
958 2088 1204 2141 victoriae
1222 2104 1350 2143 suae
1371 2088 1599 2152 nescius,
1633 2096 1693 2142 ut
1707 2089 1776 2163 ad

199 2160 465 2231 integrum
493 2158 715 2225 bellum,
755 2160 987 2231 reliquae
1018 2160 1317 2216 Germanici
1345 2163 1606 2216 exercitus
1634 2163 1773 2216 vires

200 2231 451 2287 trahebat.
528 2233 688 2288 Pauci
717 2244 952 2289 veterum
978 2234 1213 2289 militum
1244 2236 1301 2288 in
1329 2234 1567 2289 hibernis
1587 2236 1771 2294 relicti.

200 2305 455 2360 festinatis
472 2322 567 2377 per
588 2306 785 2363 Gallias
803 2308 1111 2372 delectibu5‚
1132 2315 1192 2362 ut
1210 2310 1592 2365 remanentium
1614 2307 1774 2381 legio-

200 2396 331 2434 num
376 2380 591 2435 nomina
640 2381 1029 2453 supplerentur.
1109 2380 1246 2436 Cura
1292 2383 1436 2453 ripae
1485 2382 1774 2437 Hordeonio

198 2451 383 2508 Flacco
411 2454 697 2524 permissa:
739 2457 855 2527 ipse
881 2474 910 2512 e
933 2455 1228 2511 Britannico
1249 2455 1449 2511 delectu
1476 2463 1588 2511 octo
1605 2456 1772 2511 millia

197 2526 303 2581 sibi
324 2526 581 2583 adiunxit.
658 2530 742 2593 Et,
774 2546 1062 2600 paucorum
1090 2529 1298 2585 dierum
1325 2530 1421 2583 iter
1439 2546 1770 2601 progressuS‚

197 2616 474 2671 prosperas
493 2597 633 2672 apud
652 2603 959 2659 Bedriacum
980 2620 1086 2667 ree,
1110 2619 1170 2656 ac
1190 2601 1582 2659 morteoihonis
1600 2605 1774 2659 conci-

198 2672 344 2727 disse
361 2672 583 2740 bellum‚
606 2677 823 2747 accepit.
901 2678 1089 2732 Vocata
1115 2676 1380 2741 concione,
1404 2677 1648 2732 virtutem
1671 2679 1774 2733 mi-
