<?xml version="1.0" encoding="UTF-8"?>
<!DOCTYPE html PUBLIC "-//W3C//DTD XHTML 1.0 Transitional//EN"
    "http://www.w3.org/TR/xhtml1/DTD/xhtml1-transitional.dtd">
<html xmlns="http://www.w3.org/1999/xhtml" xml:lang="en" lang="en">
 <head>
  <title>
</title>
<meta http-equiv="Content-Type" content="text/html;charset=utf-8" />
  <meta name='ocr-system' content='tesseract 3.04.00' />
  <meta name='ocr-capabilities' content='ocr_page ocr_carea ocr_par ocr_line ocrx_word'/>
</head>
<body>
  <div class='ocr_page' id='page_1' title='image "./operaquoadextan03tacigoog/operaquoadextan03tacigoog_0727.png"; bbox 0 0 2081 3038; ppageno 0'>
   <div class='ocr_carea' id='block_1_1' title="bbox 514 222 1746 277">
    <p class='ocr_par' dir='ltr' id='par_1_1' title="bbox 514 222 1746 277">
     <span class='ocr_line' id='line_1_1' title="bbox 514 222 1746 277; baseline 0.002 -4"><span class='ocrx_word' id='word_1_1' title='bbox 514 228 928 275; x_wconf 59' lang='lat' dir='ltr'>manneus,</span> <span class='ocrx_word' id='word_1_2' title='bbox 972 231 1131 277; x_wconf 81' lang='lat' dir='ltr'>CAP.</span> <span class='ocrx_word' id='word_1_3' title='bbox 1173 230 1258 277; x_wconf 77' lang='lat'>1⁷.</span> <span class='ocrx_word' id='word_1_4' title='bbox 1303 230 1384 275; x_wconf 82' lang='lat'>18.</span> <span class='ocrx_word' id='word_1_5' title='bbox 1651 222 1746 277; x_wconf 74' lang='lat'>3⁴7</span> 
     </span>
    </p>
   </div>
   <div class='ocr_carea' id='block_1_2' title="bbox 122 328 1760 2815">
    <p class='ocr_par' dir='ltr' id='par_1_2' title="bbox 122 328 1758 2418">
     <span class='ocr_line' id='line_1_2' title="bbox 151 328 1753 404; baseline 0.001 -19"><span class='ocrx_word' id='word_1_6' title='bbox 151 348 251 386; x_wconf 91' lang='lat' dir='ltr'>non</span> <span class='ocrx_word' id='word_1_7' title='bbox 278 328 447 385; x_wconf 87' lang='lat' dir='ltr'>video.</span> <span class='ocrx_word' id='word_1_8' title='bbox 528 331 686 395; x_wconf 90' lang='lat' dir='ltr'>Nam,</span> <span class='ocrx_word' id='word_1_9' title='bbox 729 339 789 386; x_wconf 93' lang='lat' dir='ltr'>ut</span> <span class='ocrx_word' id='word_1_10' title='bbox 816 331 881 385; x_wconf 89' lang='lat' dir='ltr'>de</span> <span class='ocrx_word' id='word_1_11' title='bbox 912 330 1163 387; x_wconf 81' lang='lat' dir='ltr'>Cicerone</span> <span class='ocrx_word' id='word_1_12' title='bbox 1189 332 1307 404; x_wconf 88' lang='lat' dir='ltr'>ipso</span> <span class='ocrx_word' id='word_1_13' title='bbox 1333 331 1538 404; x_wconf 91' lang='lat' dir='ltr'>loquar,</span> <span class='ocrx_word' id='word_1_14' title='bbox 1581 332 1753 387; x_wconf 87' lang='lat' dir='ltr'>Hirtio</span> 
     </span>
     <span class='ocr_line' id='line_1_3' title="bbox 152 405 1750 479; baseline 0.001 -20"><span class='ocrx_word' id='word_1_15' title='bbox 152 421 342 477; x_wconf 83' lang='lat' dir='ltr'>nempe</span> <span class='ocrx_word' id='word_1_16' title='bbox 358 412 409 459; x_wconf 92' lang='lat' dir='ltr'>et</span> <span class='ocrx_word' id='word_1_17' title='bbox 429 406 601 459; x_wconf 90' lang='lat' dir='ltr'>Pansa</span> <span class='ocrx_word' id='word_1_18' title='bbox 620 423 781 471; x_wconf 67' lang='lat' dir='ltr'>coss,</span> <span class='ocrx_word' id='word_1_19' title='bbox 804 413 864 461; x_wconf 84' lang='lat' dir='ltr'>ut</span> <span class='ocrx_word' id='word_1_20' title='bbox 883 406 1006 461; x_wconf 86' lang='lat' dir='ltr'>Tiro</span> <span class='ocrx_word' id='word_1_21' title='bbox 1027 405 1251 462; x_wconf 84' lang='lat' dir='ltr'>libertus</span> <span class='ocrx_word' id='word_1_22' title='bbox 1271 407 1390 462; x_wconf 86' lang='lat' dir='ltr'>eius</span> <span class='ocrx_word' id='word_1_23' title='bbox 1411 407 1750 479; x_wconf 87' lang='lat' dir='ltr'>scripsit,VII</span> 
     </span>
     <span class='ocr_line' id='line_1_4' title="bbox 151 480 1751 555; baseline 0.001 -20"><span class='ocrx_word' id='word_1_24' title='bbox 151 481 275 535; x_wconf 89' lang='lat' dir='ltr'>Idus</span> <span class='ocrx_word' id='word_1_25' title='bbox 294 480 540 535; x_wconf 86' lang='lat' dir='ltr'>Decemb.</span> <span class='ocrx_word' id='word_1_26' title='bbox 564 481 771 536; x_wconf 86' lang='lat' dir='ltr'>occisus</span> <span class='ocrx_word' id='word_1_27' title='bbox 793 490 891 547; x_wconf 90' lang='lat' dir='ltr'>est,</span> <span class='ocrx_word' id='word_1_28' title='bbox 924 500 1034 554; x_wconf 90' lang='lat' dir='ltr'>quo</span> <span class='ocrx_word' id='word_1_29' title='bbox 1055 500 1193 537; x_wconf 89' lang='lat' dir='ltr'>anno</span> <span class='ocrx_word' id='word_1_30' title='bbox 1213 482 1267 538; x_wconf 92' lang='lat' dir='ltr'>d.</span> <span class='ocrx_word' id='word_1_31' title='bbox 1297 481 1575 555; x_wconf 84' lang='lat' dir='ltr'>Augustus</span> <span class='ocrx_word' id='word_1_32' title='bbox 1594 483 1653 537; x_wconf 90' lang='lat' dir='ltr'>in</span> <span class='ocrx_word' id='word_1_33' title='bbox 1675 482 1751 537; x_wconf 85' lang='lat' dir='ltr'>lo-</span> 
     </span>
     <span class='ocr_line' id='line_1_5' title="bbox 151 556 1749 623; baseline 0.002 -14"><span class='ocrx_word' id='word_1_34' title='bbox 151 574 271 609; x_wconf 88' lang='lat' dir='ltr'>cum</span> <span class='ocrx_word' id='word_1_35' title='bbox 313 557 512 610; x_wconf 82' lang='lat' dir='ltr'>Pansae</span> <span class='ocrx_word' id='word_1_36' title='bbox 552 563 601 610; x_wconf 88' lang='lat' dir='ltr'>et</span> <span class='ocrx_word' id='word_1_37' title='bbox 638 556 796 611; x_wconf 83' lang='lat' dir='ltr'>Hirtii</span> <span class='ocrx_word' id='word_1_38' title='bbox 834 574 893 610; x_wconf 90' lang='lat' dir='ltr'>se</span> <span class='ocrx_word' id='word_1_39' title='bbox 932 565 983 611; x_wconf 91' lang='lat' dir='ltr'>et</span> <span class='ocrx_word' id='word_1_40' title='bbox 1011 556 1074 623; x_wconf 88' lang='lat' dir='ltr'>Q.</span> <span class='ocrx_word' id='word_1_41' title='bbox 1101 557 1321 613; x_wconf 85' lang='lat' dir='ltr'>Pedium</span> <span class='ocrx_word' id='word_1_42' title='bbox 1353 575 1490 613; x_wconf 79' lang='lat' dir='ltr'>eosS.</span> <span class='ocrx_word' id='word_1_43' title='bbox 1523 557 1749 613; x_wconf 78' lang='lat' dir='ltr'>suffecit.</span> 
     </span>
     <span class='ocr_line' id='line_1_6' title="bbox 151 630 1752 705; baseline 0.001 -20"><span class='ocrx_word' id='word_1_44' title='bbox 151 630 327 686; x_wconf 81' lang='lat' dir='ltr'>Statue</span> <span class='ocrx_word' id='word_1_45' title='bbox 347 632 418 687; x_wconf 90' lang='lat' dir='ltr'>VI</span> <span class='ocrx_word' id='word_1_46' title='bbox 437 640 487 685; x_wconf 92' lang='lat' dir='ltr'>et</span> <span class='ocrx_word' id='word_1_47' title='bbox 504 631 545 685; x_wconf 95' lang='lat' dir='ltr'>L</span> <span class='ocrx_word' id='word_1_48' title='bbox 568 650 754 697; x_wconf 87' lang='lat' dir='ltr'>annos,</span> <span class='ocrx_word' id='word_1_49' title='bbox 768 632 969 703; x_wconf 90' lang='lat' dir='ltr'>quibus</span> <span class='ocrx_word' id='word_1_50' title='bbox 990 650 1117 688; x_wconf 88' lang='lat' dir='ltr'>mox</span> <span class='ocrx_word' id='word_1_51' title='bbox 1137 632 1298 687; x_wconf 89' lang='lat' dir='ltr'>divus</span> <span class='ocrx_word' id='word_1_52' title='bbox 1313 631 1592 705; x_wconf 87' lang='lat' dir='ltr'>Augustus</span> <span class='ocrx_word' id='word_1_53' title='bbox 1614 649 1752 686; x_wconf 90' lang='lat' dir='ltr'>rem-</span> 
     </span>
     <span class='ocr_line' id='line_1_7' title="bbox 153 706 1756 780; baseline -0.001 -19"><span class='ocrx_word' id='word_1_54' title='bbox 153 706 418 778; x_wconf 85' lang='lat' dir='ltr'>publicam</span> <span class='ocrx_word' id='word_1_55' title='bbox 450 708 613 775; x_wconf 80' lang='lat' dir='ltr'>rexit3</span> <span class='ocrx_word' id='word_1_56' title='bbox 656 706 825 764; x_wconf 87' lang='lat' dir='ltr'>adiice</span> <span class='ocrx_word' id='word_1_57' title='bbox 850 706 1050 762; x_wconf 88' lang='lat' dir='ltr'>Tiberii</span> <span class='ocrx_word' id='word_1_58' title='bbox 1080 717 1184 763; x_wconf 87' lang='lat' dir='ltr'>tres</span> <span class='ocrx_word' id='word_1_59' title='bbox 1214 716 1264 762; x_wconf 89' lang='lat' dir='ltr'>et</span> <span class='ocrx_word' id='word_1_60' title='bbox 1284 708 1497 780; x_wconf 86' lang='lat' dir='ltr'>viginti,</span> <span class='ocrx_word' id='word_1_61' title='bbox 1522 714 1572 759; x_wconf 89' lang='lat' dir='ltr'>et</span> <span class='ocrx_word' id='word_1_62' title='bbox 1591 722 1756 776; x_wconf 86' lang='lat' dir='ltr'>prope</span> 
     </span>
     <span class='ocr_line' id='line_1_8' title="bbox 152 780 1758 855; baseline -0.002 -18"><span class='ocrx_word' id='word_1_63' title='bbox 152 780 564 854; x_wconf 77' lang='lat' dir='ltr'>quadriennium</span> <span class='ocrx_word' id='word_1_64' title='bbox 597 781 729 846; x_wconf 89' lang='lat' dir='ltr'>Caii,</span> <span class='ocrx_word' id='word_1_65' title='bbox 763 799 823 835; x_wconf 89' lang='lat' dir='ltr'>ac</span> <span class='ocrx_word' id='word_1_66' title='bbox 854 781 940 836; x_wconf 88' lang='lat' dir='ltr'>bis</span> <span class='ocrx_word' id='word_1_67' title='bbox 968 790 1254 855; x_wconf 85' lang='lat' dir='ltr'>quaternos</span> <span class='ocrx_word' id='word_1_68' title='bbox 1284 782 1448 838; x_wconf 86' lang='lat' dir='ltr'>denos</span> <span class='ocrx_word' id='word_1_69' title='bbox 1473 780 1683 836; x_wconf 85' lang='lat' dir='ltr'>Claudii</span> <span class='ocrx_word' id='word_1_70' title='bbox 1706 789 1758 834; x_wconf 90' lang='lat' dir='ltr'>et</span> 
     </span>
     <span class='ocr_line' id='line_1_9' title="bbox 151 855 1753 929; baseline -0.001 -18"><span class='ocrx_word' id='word_1_71' title='bbox 151 858 375 912; x_wconf 90' lang='lat' dir='ltr'>Neronis</span> <span class='ocrx_word' id='word_1_72' title='bbox 396 875 582 922; x_wconf 82' lang='lat' dir='ltr'>annOS,</span> <span class='ocrx_word' id='word_1_73' title='bbox 606 866 763 929; x_wconf 88' lang='lat' dir='ltr'>atque</span> <span class='ocrx_word' id='word_1_74' title='bbox 783 858 965 929; x_wconf 89' lang='lat' dir='ltr'>ipsum</span> <span class='ocrx_word' id='word_1_75' title='bbox 986 858 1185 915; x_wconf 83' lang='lat' dir='ltr'>Galbae</span> <span class='ocrx_word' id='word_1_76' title='bbox 1208 866 1258 912; x_wconf 93' lang='lat' dir='ltr'>et</span> <span class='ocrx_word' id='word_1_77' title='bbox 1279 856 1502 913; x_wconf 87' lang='lat' dir='ltr'>Othonis</span> <span class='ocrx_word' id='word_1_78' title='bbox 1525 865 1576 910; x_wconf 90' lang='lat' dir='ltr'>et</span> <span class='ocrx_word' id='word_1_79' title='bbox 1589 855 1753 911; x_wconf 88' lang='lat' dir='ltr'>Vitel-</span> 
     </span>
     <span class='ocr_line' id='line_1_10' title="bbox 152 930 1754 1007; baseline -0.002 -20"><span class='ocrx_word' id='word_1_80' title='bbox 152 932 208 987; x_wconf 88' lang='lat' dir='ltr'>lii</span> <span class='ocrx_word' id='word_1_81' title='bbox 230 930 450 1007; x_wconf 87' lang='lat' dir='ltr'>longum</span> <span class='ocrx_word' id='word_1_82' title='bbox 473 942 523 987; x_wconf 89' lang='lat' dir='ltr'>et</span> <span class='ocrx_word' id='word_1_83' title='bbox 542 951 711 988; x_wconf 91' lang='lat' dir='ltr'>unum</span> <span class='ocrx_word' id='word_1_84' title='bbox 736 951 959 999; x_wconf 89' lang='lat' dir='ltr'>annum,</span> <span class='ocrx_word' id='word_1_85' title='bbox 975 951 1035 988; x_wconf 91' lang='lat' dir='ltr'>ac</span> <span class='ocrx_word' id='word_1_86' title='bbox 1055 941 1260 988; x_wconf 85' lang='lat' dir='ltr'>sextam</span> <span class='ocrx_word' id='word_1_87' title='bbox 1280 935 1386 988; x_wconf 90' lang='lat' dir='ltr'>iam</span> <span class='ocrx_word' id='word_1_88' title='bbox 1410 932 1579 987; x_wconf 79' lang='lat' dir='ltr'>felicis</span> <span class='ocrx_word' id='word_1_89' title='bbox 1591 931 1754 985; x_wconf 90' lang='lat' dir='ltr'>huius</span> 
     </span>
     <span class='ocr_line' id='line_1_11' title="bbox 151 1006 1753 1083; baseline -0.001 -22"><span class='ocrx_word' id='word_1_90' title='bbox 151 1010 479 1079; x_wconf 82' lang='lat' dir='ltr'>principatus</span> <span class='ocrx_word' id='word_1_91' title='bbox 506 1010 803 1083; x_wconf 85' lang='lat' dir='ltr'>stationem,</span> <span class='ocrx_word' id='word_1_92' title='bbox 846 1026 963 1081; x_wconf 88' lang='lat' dir='ltr'>qua</span> <span class='ocrx_word' id='word_1_93' title='bbox 974 1008 1338 1081; x_wconf 87' lang='lat' dir='ltr'>Vespasianus</span> <span class='ocrx_word' id='word_1_94' title='bbox 1365 1006 1753 1079; x_wconf 87' lang='lat' dir='ltr'>rempublicam</span> 
     </span>
     <span class='ocr_line' id='line_1_12' title="bbox 152 1082 1752 1141; baseline -0.001 -4"><span class='ocrx_word' id='word_1_95' title='bbox 152 1084 315 1139; x_wconf 85' lang='lat' dir='ltr'>fovet:</span> <span class='ocrx_word' id='word_1_96' title='bbox 342 1084 381 1139; x_wconf 92' lang='lat' dir='ltr'>C</span> <span class='ocrx_word' id='word_1_97' title='bbox 404 1094 453 1139; x_wconf 87' lang='lat' dir='ltr'>et</span> <span class='ocrx_word' id='word_1_98' title='bbox 472 1084 579 1138; x_wconf 90' lang='lat' dir='ltr'>XX</span> <span class='ocrx_word' id='word_1_99' title='bbox 598 1085 724 1140; x_wconf 89' lang='lat' dir='ltr'>anni</span> <span class='ocrx_word' id='word_1_100' title='bbox 747 1085 817 1139; x_wconf 94' lang='lat' dir='ltr'>ab</span> <span class='ocrx_word' id='word_1_101' title='bbox 834 1086 1052 1140; x_wconf 89' lang='lat' dir='ltr'>interitu</span> <span class='ocrx_word' id='word_1_102' title='bbox 1076 1085 1381 1141; x_wconf 86' lang='lat' dir='ltr'>Ciceronis</span> <span class='ocrx_word' id='word_1_103' title='bbox 1369 1104 1422 1139; x_wconf 87' lang='lat' dir='ltr'>m</span> <span class='ocrx_word' id='word_1_104' title='bbox 1445 1084 1592 1139; x_wconf 90' lang='lat' dir='ltr'>hunc</span> <span class='ocrx_word' id='word_1_105' title='bbox 1610 1082 1752 1137; x_wconf 91' lang='lat' dir='ltr'>diem</span> 
     </span>
     <span class='ocr_line' id='line_1_13' title="bbox 150 1159 1754 1233; baseline -0.001 -18"><span class='ocrx_word' id='word_1_106' title='bbox 150 1159 509 1233; x_wconf 82' lang='lat' dir='ltr'>conliguntur,</span> <span class='ocrx_word' id='word_1_107' title='bbox 552 1161 717 1215; x_wconf 84' lang='lat' dir='ltr'>unius</span> <span class='ocrx_word' id='word_1_108' title='bbox 757 1160 993 1215; x_wconf 89' lang='lat' dir='ltr'>hominis</span> <span class='ocrx_word' id='word_1_109' title='bbox 1034 1168 1194 1215; x_wconf 85' lang='lat' dir='ltr'>aetas.</span> <span class='ocrx_word' id='word_1_110' title='bbox 1275 1162 1412 1217; x_wconf 86' lang='lat' dir='ltr'>Nam</span> <span class='ocrx_word' id='word_1_111' title='bbox 1442 1162 1559 1233; x_wconf 88' lang='lat' dir='ltr'>ipse</span> <span class='ocrx_word' id='word_1_112' title='bbox 1579 1176 1676 1233; x_wconf 82' lang='lat' dir='ltr'>ego</span> <span class='ocrx_word' id='word_1_113' title='bbox 1697 1175 1754 1213; x_wconf 78' lang='lat' dir='ltr'>in</span> 
     </span>
     <span class='ocr_line' id='line_1_14' title="bbox 122 1235 1756 1311; baseline 0 -23"><span class='ocrx_word' id='word_1_114' title='bbox 122 1236 415 1305; x_wconf 77' lang='lat' dir='ltr'>¹Britannia</span> <span class='ocrx_word' id='word_1_115' title='bbox 446 1236 555 1291; x_wconf 86' lang='lat' dir='ltr'>vidi</span> <span class='ocrx_word' id='word_1_116' title='bbox 588 1254 791 1302; x_wconf 89' lang='lat' dir='ltr'>senem,</span> <span class='ocrx_word' id='word_1_117' title='bbox 814 1236 911 1308; x_wconf 90' lang='lat' dir='ltr'>qui</span> <span class='ocrx_word' id='word_1_118' title='bbox 933 1254 991 1291; x_wconf 88' lang='lat' dir='ltr'>se</span> <span class='ocrx_word' id='word_1_119' title='bbox 1011 1235 1270 1292; x_wconf 75' lang='lat' dir='ltr'>fatebatur</span> <span class='ocrx_word' id='word_1_120' title='bbox 1291 1238 1338 1291; x_wconf 89' lang='lat' dir='ltr'>ei</span> <span class='ocrx_word' id='word_1_121' title='bbox 1358 1252 1571 1311; x_wconf 82' lang='lat' dir='ltr'>pugnae</span> <span class='ocrx_word' id='word_1_122' title='bbox 1590 1235 1756 1290; x_wconf 88' lang='lat' dir='ltr'>inter-</span> 
     </span>
     <span class='ocr_line' id='line_1_15' title="bbox 152 1309 1755 1381; baseline 0 -18"><span class='ocrx_word' id='word_1_123' title='bbox 152 1310 335 1375; x_wconf 86' lang='lat' dir='ltr'>fuisse,</span> <span class='ocrx_word' id='word_1_124' title='bbox 359 1329 465 1381; x_wconf 88' lang='lat' dir='ltr'>qua</span> <span class='ocrx_word' id='word_1_125' title='bbox 488 1311 787 1375; x_wconf 84' lang='lat' dir='ltr'>Caesarem,</span> <span class='ocrx_word' id='word_1_126' title='bbox 807 1309 1121 1366; x_wconf 84' lang='lat' dir='ltr'>inferentem</span> <span class='ocrx_word' id='word_1_127' title='bbox 1139 1330 1286 1366; x_wconf 88' lang='lat' dir='ltr'>arma</span> <span class='ocrx_word' id='word_1_128' title='bbox 1307 1312 1755 1376; x_wconf 76' lang='lat' dir='ltr'>Britann18,arce-</span> 
     </span>
     <span class='ocr_line' id='line_1_16' title="bbox 152 1384 1752 1471; baseline 0.001 -34"><span class='ocrx_word' id='word_1_129' title='bbox 152 1402 207 1438; x_wconf 88' lang='lat' dir='ltr'>re</span> <span class='ocrx_word' id='word_1_130' title='bbox 238 1384 480 1438; x_wconf 86' lang='lat' dir='ltr'>litoribus</span> <span class='ocrx_word' id='word_1_131' title='bbox 511 1393 561 1438; x_wconf 89' lang='lat' dir='ltr'>et</span> <span class='ocrx_word' id='word_1_132' title='bbox 588 1384 785 1455; x_wconf 90' lang='lat' dir='ltr'>pellere</span> <span class='ocrx_word' id='word_1_133' title='bbox 814 1384 1052 1471; x_wconf 73' lang='lat' dir='ltr'>adgressi</span> <span class='ocrx_word' id='word_1_134' title='bbox 1079 1387 1379 1440; x_wconf 89' lang='lat' dir='ltr'>sunt.1ta</span> <span class='ocrx_word' id='word_1_135' title='bbox 1401 1387 1448 1440; x_wconf 90' lang='lat' dir='ltr'>si</span> <span class='ocrx_word' id='word_1_136' title='bbox 1468 1403 1613 1450; x_wconf 90' lang='lat' dir='ltr'>eum,</span> <span class='ocrx_word' id='word_1_137' title='bbox 1655 1388 1752 1456; x_wconf 90' lang='lat' dir='ltr'>qui</span> 
     </span>
     <span class='ocr_line' id='line_1_17' title="bbox 152 1457 1752 1531; baseline -0.001 -18"><span class='ocrx_word' id='word_1_138' title='bbox 152 1467 387 1513; x_wconf 84' lang='lat' dir='ltr'>armatus</span> <span class='ocrx_word' id='word_1_139' title='bbox 417 1457 475 1513; x_wconf 93' lang='lat' dir='ltr'>C.</span> <span class='ocrx_word' id='word_1_140' title='bbox 504 1458 713 1513; x_wconf 88' lang='lat' dir='ltr'>Caesari</span> <span class='ocrx_word' id='word_1_141' title='bbox 744 1460 951 1525; x_wconf 85' lang='lat' dir='ltr'>restitit,</span> <span class='ocrx_word' id='word_1_142' title='bbox 995 1459 1080 1513; x_wconf 88' lang='lat' dir='ltr'>vel</span> <span class='ocrx_word' id='word_1_143' title='bbox 1102 1460 1379 1531; x_wconf 86' lang='lat' dir='ltr'>captivitas</span> <span class='ocrx_word' id='word_1_144' title='bbox 1401 1460 1485 1514; x_wconf 90' lang='lat' dir='ltr'>vel</span> <span class='ocrx_word' id='word_1_145' title='bbox 1506 1457 1752 1514; x_wconf 88' lang='lat' dir='ltr'>voluntas</span> 
     </span>
     <span class='ocr_line' id='line_1_18' title="bbox 154 1533 1756 1606; baseline -0.002 -16"><span class='ocrx_word' id='word_1_146' title='bbox 154 1535 235 1590; x_wconf 83' lang='lat' dir='ltr'>vel</span> <span class='ocrx_word' id='word_1_147' title='bbox 264 1534 432 1588; x_wconf 81' lang='lat' dir='ltr'>fatum</span> <span class='ocrx_word' id='word_1_148' title='bbox 462 1534 678 1606; x_wconf 88' lang='lat' dir='ltr'>aliquod</span> <span class='ocrx_word' id='word_1_149' title='bbox 704 1534 761 1589; x_wconf 92' lang='lat' dir='ltr'>in</span> <span class='ocrx_word' id='word_1_150' title='bbox 781 1534 972 1591; x_wconf 89' lang='lat' dir='ltr'>urbem</span> <span class='ocrx_word' id='word_1_151' title='bbox 993 1535 1356 1606; x_wconf 84' lang='lat' dir='ltr'>pertraxisset,</span> <span class='ocrx_word' id='word_1_152' title='bbox 1399 1535 1542 1589; x_wconf 89' lang='lat' dir='ltr'>idem</span> <span class='ocrx_word' id='word_1_153' title='bbox 1565 1533 1756 1589; x_wconf 84' lang='lat' dir='ltr'>Caesa-</span> 
     </span>
     <span class='ocr_line' id='line_1_19' title="bbox 150 1609 1757 1682; baseline 0 -18"><span class='ocrx_word' id='word_1_154' title='bbox 150 1627 265 1664; x_wconf 87' lang='lat' dir='ltr'>rem</span> <span class='ocrx_word' id='word_1_155' title='bbox 294 1610 475 1682; x_wconf 88' lang='lat' dir='ltr'>ipsum</span> <span class='ocrx_word' id='word_1_156' title='bbox 506 1617 557 1664; x_wconf 88' lang='lat' dir='ltr'>et</span> <span class='ocrx_word' id='word_1_157' title='bbox 585 1609 891 1666; x_wconf 88' lang='lat' dir='ltr'>Ciceronem</span> <span class='ocrx_word' id='word_1_158' title='bbox 918 1609 1104 1664; x_wconf 88' lang='lat' dir='ltr'>audire</span> <span class='ocrx_word' id='word_1_159' title='bbox 1120 1610 1310 1681; x_wconf 91' lang='lat' dir='ltr'>potuit,</span> <span class='ocrx_word' id='word_1_160' title='bbox 1338 1618 1386 1665; x_wconf 86' lang='lat' dir='ltr'>et</span> <span class='ocrx_word' id='word_1_161' title='bbox 1404 1611 1599 1666; x_wconf 86' lang='lat' dir='ltr'>nostris</span> <span class='ocrx_word' id='word_1_162' title='bbox 1620 1627 1757 1682; x_wconf 88' lang='lat' dir='ltr'>quo-</span> 
     </span>
     <span class='ocr_line' id='line_1_20' title="bbox 151 1685 1756 1774; baseline -0.001 -35"><span class='ocrx_word' id='word_1_163' title='bbox 151 1703 260 1774; x_wconf 81' lang='lat' dir='ltr'>que</span> <span class='ocrx_word' id='word_1_164' title='bbox 295 1685 591 1740; x_wconf 84' lang='lat' dir='ltr'>actionibus</span> <span class='ocrx_word' id='word_1_165' title='bbox 619 1686 890 1740; x_wconf 88' lang='lat' dir='ltr'>interesse.</span> <span class='ocrx_word' id='word_1_166' title='bbox 972 1686 1221 1741; x_wconf 87' lang='lat' dir='ltr'>Proximo</span> <span class='ocrx_word' id='word_1_167' title='bbox 1246 1685 1468 1758; x_wconf 85' lang='lat' dir='ltr'>quidem</span> <span class='ocrx_word' id='word_1_168' title='bbox 1489 1686 1756 1759; x_wconf 84' lang='lat' dir='ltr'>congiario</span> 
     </span>
     <span class='ocr_line' id='line_1_21' title="bbox 152 1759 1756 1834; baseline -0.001 -19"><span class='ocrx_word' id='word_1_169' title='bbox 152 1761 259 1832; x_wconf 90' lang='lat' dir='ltr'>ipsi</span> <span class='ocrx_word' id='word_1_170' title='bbox 281 1759 491 1815; x_wconf 85' lang='lat' dir='ltr'>vidistis</span> <span class='ocrx_word' id='word_1_171' title='bbox 512 1760 797 1832; x_wconf 88' lang='lat' dir='ltr'>plerosque</span> <span class='ocrx_word' id='word_1_172' title='bbox 816 1778 990 1828; x_wconf 89' lang='lat' dir='ltr'>senes,</span> <span class='ocrx_word' id='word_1_173' title='bbox 1013 1761 1110 1834; x_wconf 88' lang='lat' dir='ltr'>qui</span> <span class='ocrx_word' id='word_1_174' title='bbox 1131 1779 1189 1815; x_wconf 90' lang='lat' dir='ltr'>se</span> <span class='ocrx_word' id='word_1_175' title='bbox 1208 1778 1237 1815; x_wconf 88' lang='lat' dir='ltr'>a</span> <span class='ocrx_word' id='word_1_176' title='bbox 1257 1760 1311 1815; x_wconf 87' lang='lat' dir='ltr'>d.</span> <span class='ocrx_word' id='word_1_177' title='bbox 1335 1778 1552 1833; x_wconf 88' lang='lat' dir='ltr'>quoque</span> <span class='ocrx_word' id='word_1_178' title='bbox 1567 1762 1756 1834; x_wconf 88' lang='lat' dir='ltr'>Augu-</span> 
     </span>
     <span class='ocr_line' id='line_1_22' title="bbox 151 1834 1756 1910; baseline -0.001 -20"><span class='ocrx_word' id='word_1_179' title='bbox 151 1844 233 1890; x_wconf 91' lang='lat' dir='ltr'>sto</span> <span class='ocrx_word' id='word_1_180' title='bbox 272 1834 435 1890; x_wconf 87' lang='lat' dir='ltr'>semel</span> <span class='ocrx_word' id='word_1_181' title='bbox 477 1842 636 1908; x_wconf 85' lang='lat' dir='ltr'>atque</span> <span class='ocrx_word' id='word_1_182' title='bbox 673 1837 868 1890; x_wconf 84' lang='lat' dir='ltr'>iterum</span> <span class='ocrx_word' id='word_1_183' title='bbox 904 1837 1172 1908; x_wconf 86' lang='lat' dir='ltr'>accepisse</span> <span class='ocrx_word' id='word_1_184' title='bbox 1205 1836 1538 1910; x_wconf 85' lang='lat' dir='ltr'>congiarium</span> <span class='ocrx_word' id='word_1_185' title='bbox 1575 1853 1756 1890; x_wconf 87' lang='lat' dir='ltr'>narra-</span> 
     </span>
     <span class='ocr_line' id='line_1_23' title="bbox 152 1909 1757 1983; baseline -0.001 -18"><span class='ocrx_word' id='word_1_186' title='bbox 152 1910 297 1965; x_wconf 88' lang='lat' dir='ltr'>bant.</span> <span class='ocrx_word' id='word_1_187' title='bbox 378 1910 461 1964; x_wconf 84' lang='lat' dir='ltr'>Ex</span> <span class='ocrx_word' id='word_1_188' title='bbox 490 1928 599 1982; x_wconf 93' lang='lat' dir='ltr'>quo</span> <span class='ocrx_word' id='word_1_189' title='bbox 631 1909 826 1983; x_wconf 87' lang='lat' dir='ltr'>conligi</span> <span class='ocrx_word' id='word_1_190' title='bbox 858 1919 1046 1982; x_wconf 90' lang='lat' dir='ltr'>potest,</span> <span class='ocrx_word' id='word_1_191' title='bbox 1088 1919 1140 1968; x_wconf 89' lang='lat' dir='ltr'>et</span> <span class='ocrx_word' id='word_1_192' title='bbox 1169 1910 1462 1968; x_wconf 84' lang='lat' dir='ltr'>Corvinum</span> <span class='ocrx_word' id='word_1_193' title='bbox 1485 1910 1553 1966; x_wconf 89' lang='lat' dir='ltr'>ab</span> <span class='ocrx_word' id='word_1_194' title='bbox 1575 1909 1686 1964; x_wconf 88' lang='lat' dir='ltr'>illis</span> <span class='ocrx_word' id='word_1_195' title='bbox 1706 1917 1757 1964; x_wconf 89' lang='lat' dir='ltr'>et</span> 
     </span>
     <span class='ocr_line' id='line_1_24' title="bbox 151 1985 1752 2073; baseline -0.001 -33"><span class='ocrx_word' id='word_1_196' title='bbox 151 1985 403 2040; x_wconf 82' lang='lat' dir='ltr'>Asinium</span> <span class='ocrx_word' id='word_1_197' title='bbox 444 1985 618 2041; x_wconf 89' lang='lat' dir='ltr'>audiri</span> <span class='ocrx_word' id='word_1_198' title='bbox 653 1986 909 2073; x_wconf 75' lang='lat' dir='ltr'>potuisse.</span> <span class='ocrx_word' id='word_1_199' title='bbox 990 1988 1126 2041; x_wconf 90' lang='lat' dir='ltr'>Nam</span> <span class='ocrx_word' id='word_1_200' title='bbox 1151 1986 1450 2043; x_wconf 87' lang='lat' dir='ltr'>Corvinus</span> <span class='ocrx_word' id='word_1_201' title='bbox 1436 2004 1493 2041; x_wconf 79' lang='lat' dir='ltr'>in</span> <span class='ocrx_word' id='word_1_202' title='bbox 1515 1985 1752 2041; x_wconf 90' lang='lat' dir='ltr'>medium</span> 
     </span>
     <span class='ocr_line' id='line_1_25' title="bbox 153 2059 1758 2136; baseline -0.002 -20"><span class='ocrx_word' id='word_1_203' title='bbox 153 2078 330 2134; x_wconf 87' lang='lat' dir='ltr'>usque</span> <span class='ocrx_word' id='word_1_204' title='bbox 357 2059 588 2136; x_wconf 77' lang='lat' dir='ltr'>Augusti</span> <span class='ocrx_word' id='word_1_205' title='bbox 616 2061 995 2132; x_wconf 89' lang='lat' dir='ltr'>principatum,</span> <span class='ocrx_word' id='word_1_206' title='bbox 1037 2060 1263 2117; x_wconf 87' lang='lat' dir='ltr'>Asinius</span> <span class='ocrx_word' id='word_1_207' title='bbox 1290 2079 1460 2134; x_wconf 88' lang='lat' dir='ltr'>paene</span> <span class='ocrx_word' id='word_1_208' title='bbox 1487 2061 1554 2116; x_wconf 90' lang='lat' dir='ltr'>ad</span> <span class='ocrx_word' id='word_1_209' title='bbox 1584 2067 1758 2115; x_wconf 87' lang='lat' dir='ltr'>extre-</span> 
     </span>
     <span class='ocr_line' id='line_1_26' title="bbox 153 2135 1754 2208; baseline -0.002 -15"><span class='ocrx_word' id='word_1_210' title='bbox 153 2155 307 2193; x_wconf 89' lang='lat' dir='ltr'>mum</span> <span class='ocrx_word' id='word_1_211' title='bbox 331 2136 569 2192; x_wconf 87' lang='lat' dir='ltr'>duravit:</span> <span class='ocrx_word' id='word_1_212' title='bbox 593 2167 667 2176; x_wconf 89' lang='lat'>—</span> <span class='ocrx_word' id='word_1_213' title='bbox 706 2153 773 2191; x_wconf 89' lang='lat' dir='ltr'>ne</span> <span class='ocrx_word' id='word_1_214' title='bbox 810 2136 1063 2191; x_wconf 86' lang='lat' dir='ltr'>dividatis</span> <span class='ocrx_word' id='word_1_215' title='bbox 1086 2135 1383 2204; x_wconf 88' lang='lat' dir='ltr'>sacculum,</span> <span class='ocrx_word' id='word_1_216' title='bbox 1427 2145 1478 2192; x_wconf 88' lang='lat' dir='ltr'>et</span> <span class='ocrx_word' id='word_1_217' title='bbox 1507 2137 1754 2208; x_wconf 87' lang='lat' dir='ltr'>antiquos</span> 
     </span>
     <span class='ocr_line' id='line_1_27' title="bbox 151 2211 1754 2285; baseline -0.002 -17"><span class='ocrx_word' id='word_1_218' title='bbox 151 2231 213 2268; x_wconf 90' lang='lat' dir='ltr'>ac</span> <span class='ocrx_word' id='word_1_219' title='bbox 235 2219 436 2269; x_wconf 88' lang='lat' dir='ltr'>veteres</span> <span class='ocrx_word' id='word_1_220' title='bbox 458 2212 696 2267; x_wconf 83' lang='lat' dir='ltr'>vocitetis</span> <span class='ocrx_word' id='word_1_221' title='bbox 716 2219 965 2278; x_wconf 77' lang='lat' dir='ltr'>oratoreS,</span> <span class='ocrx_word' id='word_1_222' title='bbox 980 2230 1117 2285; x_wconf 90' lang='lat' dir='ltr'>quos</span> <span class='ocrx_word' id='word_1_223' title='bbox 1139 2211 1448 2268; x_wconf 90' lang='lat' dir='ltr'>eorumdem</span> <span class='ocrx_word' id='word_1_224' title='bbox 1471 2211 1754 2268; x_wconf 90' lang='lat' dir='ltr'>hominum</span> 
     </span>
     <span class='ocr_line' id='line_1_28' title="bbox 151 2285 1758 2368; baseline -0.001 -26"><span class='ocrx_word' id='word_1_225' title='bbox 151 2305 308 2343; x_wconf 88' lang='lat' dir='ltr'>aures</span> <span class='ocrx_word' id='word_1_226' title='bbox 339 2305 640 2362; x_wconf 84' lang='lat' dir='ltr'>agnoscere,</span> <span class='ocrx_word' id='word_1_227' title='bbox 668 2305 730 2343; x_wconf 87' lang='lat' dir='ltr'>ac</span> <span class='ocrx_word' id='word_1_228' title='bbox 749 2285 895 2343; x_wconf 89' lang='lat' dir='ltr'>velut</span> <span class='ocrx_word' id='word_1_229' title='bbox 923 2288 1316 2368; x_wconf 50' lang='lat' dir='ltr'>coniungere-et</span> <span class='ocrx_word' id='word_1_230' title='bbox 1335 2286 1582 2359; x_wconf 80' lang='lat' dir='ltr'>copulare</span> <span class='ocrx_word' id='word_1_231' title='bbox 1601 2293 1758 2358; x_wconf 89' lang='lat' dir='ltr'>potu-</span> 
     </span>
     <span class='ocr_line' id='line_1_29' title="bbox 151 2370 328 2418; baseline 0 0"><span class='ocrx_word' id='word_1_232' title='bbox 151 2370 328 2418; x_wconf 89' lang='lat' dir='ltr'>erunt.</span> 
     </span>
    </p>

    <p class='ocr_par' dir='ltr' id='par_1_3' title="bbox 151 2436 1760 2815">
     <span class='ocr_line' id='line_1_30' title="bbox 266 2436 1760 2511; baseline 0 -19"><span class='ocrx_word' id='word_1_233' title='bbox 266 2443 348 2493; x_wconf 73' lang='lat'>⁴8.</span> <span class='ocrx_word' id='word_1_234' title='bbox 391 2440 529 2494; x_wconf 86' lang='lat' dir='ltr'>Haec</span> <span class='ocrx_word' id='word_1_235' title='bbox 555 2437 673 2492; x_wconf 88' lang='lat' dir='ltr'>ideo</span> <span class='ocrx_word' id='word_1_236' title='bbox 699 2437 958 2511; x_wconf 84' lang='lat' dir='ltr'>praedixi,</span> <span class='ocrx_word' id='word_1_237' title='bbox 988 2445 1065 2503; x_wconf 83' lang='lat' dir='ltr'>ut,</span> <span class='ocrx_word' id='word_1_238' title='bbox 1090 2439 1266 2511; x_wconf 90' lang='lat' dir='ltr'>siqua</span> <span class='ocrx_word' id='word_1_239' title='bbox 1287 2455 1356 2493; x_wconf 87' lang='lat' dir='ltr'>ex</span> <span class='ocrx_word' id='word_1_240' title='bbox 1374 2436 1568 2494; x_wconf 89' lang='lat' dir='ltr'>horum</span> <span class='ocrx_word' id='word_1_241' title='bbox 1589 2445 1760 2493; x_wconf 89' lang='lat' dir='ltr'>orato-</span> 
     </span>
     <span class='ocr_line' id='line_1_31' title="bbox 154 2512 1758 2588; baseline -0.001 -20"><span class='ocrx_word' id='word_1_242' title='bbox 154 2533 276 2569; x_wconf 87' lang='lat' dir='ltr'>rum</span> <span class='ocrx_word' id='word_1_243' title='bbox 308 2513 446 2569; x_wconf 80' lang='lat' dir='ltr'>fama</span> <span class='ocrx_word' id='word_1_244' title='bbox 474 2512 751 2588; x_wconf 84' lang='lat' dir='ltr'>gloriaque</span> <span class='ocrx_word' id='word_1_245' title='bbox 778 2513 895 2569; x_wconf 88' lang='lat' dir='ltr'>laus</span> <span class='ocrx_word' id='word_1_246' title='bbox 926 2513 1256 2586; x_wconf 87' lang='lat' dir='ltr'>temporibus</span> <span class='ocrx_word' id='word_1_247' title='bbox 1289 2513 1610 2586; x_wconf 82' lang='lat' dir='ltr'>adquiritur,</span> <span class='ocrx_word' id='word_1_248' title='bbox 1633 2529 1758 2567; x_wconf 88' lang='lat' dir='ltr'>ean-</span> 
     </span>
     <span class='ocr_line' id='line_1_32' title="bbox 151 2589 1754 2662; baseline -0.001 -19"><span class='ocrx_word' id='word_1_249' title='bbox 151 2589 275 2644; x_wconf 90' lang='lat' dir='ltr'>dem</span> <span class='ocrx_word' id='word_1_250' title='bbox 296 2589 535 2644; x_wconf 87' lang='lat' dir='ltr'>docerem</span> <span class='ocrx_word' id='word_1_251' title='bbox 556 2591 613 2644; x_wconf 93' lang='lat' dir='ltr'>in</span> <span class='ocrx_word' id='word_1_252' title='bbox 636 2589 811 2646; x_wconf 88' lang='lat' dir='ltr'>medio</span> <span class='ocrx_word' id='word_1_253' title='bbox 830 2590 987 2644; x_wconf 87' lang='lat' dir='ltr'>sitam</span> <span class='ocrx_word' id='word_1_254' title='bbox 1010 2598 1061 2644; x_wconf 92' lang='lat' dir='ltr'>et</span> <span class='ocrx_word' id='word_1_255' title='bbox 1078 2589 1379 2662; x_wconf 87' lang='lat' dir='ltr'>propiorem</span> <span class='ocrx_word' id='word_1_256' title='bbox 1401 2589 1576 2656; x_wconf 73' lang='lat' dir='ltr'>nobie,</span> <span class='ocrx_word' id='word_1_257' title='bbox 1591 2605 1754 2660; x_wconf 89' lang='lat' dir='ltr'>quam</span> 
     </span>
     <span class='ocr_line' id='line_1_33' title="bbox 151 2663 1756 2738; baseline 0 -20"><span class='ocrx_word' id='word_1_258' title='bbox 151 2663 266 2719; x_wconf 88' lang='lat' dir='ltr'>Ser.</span> <span class='ocrx_word' id='word_1_259' title='bbox 292 2663 509 2731; x_wconf 87' lang='lat' dir='ltr'>Galbae,</span> <span class='ocrx_word' id='word_1_260' title='bbox 534 2663 594 2721; x_wconf 91' lang='lat' dir='ltr'>C.</span> <span class='ocrx_word' id='word_1_261' title='bbox 620 2664 867 2732; x_wconf 86' lang='lat' dir='ltr'>Carboni,</span> <span class='ocrx_word' id='word_1_262' title='bbox 882 2683 1128 2738; x_wconf 90' lang='lat' dir='ltr'>quosque</span> <span class='ocrx_word' id='word_1_263' title='bbox 1149 2665 1279 2720; x_wconf 90' lang='lat' dir='ltr'>alios</span> <span class='ocrx_word' id='word_1_264' title='bbox 1301 2665 1488 2720; x_wconf 88' lang='lat' dir='ltr'>merito</span> <span class='ocrx_word' id='word_1_265' title='bbox 1508 2664 1756 2736; x_wconf 86' lang='lat' dir='ltr'>antiquos</span> 
     </span>
     <span class='ocr_line' id='line_1_34' title="bbox 156 2738 1758 2815; baseline -0.001 -19"><span class='ocrx_word' id='word_1_266' title='bbox 156 2740 541 2797; x_wconf 60' lang='lat' dir='ltr'>vocaverimus</span> <span class='ocrx_word' id='word_1_267' title='bbox 605 2739 741 2798; x_wconf 89' lang='lat' dir='ltr'>Sunt</span> <span class='ocrx_word' id='word_1_268' title='bbox 764 2743 907 2798; x_wconf 87' lang='lat' dir='ltr'>enim</span> <span class='ocrx_word' id='word_1_269' title='bbox 934 2741 1136 2798; x_wconf 87' lang='lat' dir='ltr'>horridi</span> <span class='ocrx_word' id='word_1_270' title='bbox 1160 2750 1209 2798; x_wconf 91' lang='lat' dir='ltr'>et</span> <span class='ocrx_word' id='word_1_271' title='bbox 1229 2739 1435 2815; x_wconf 87' lang='lat' dir='ltr'>inpoliti</span> <span class='ocrx_word' id='word_1_272' title='bbox 1459 2748 1509 2796; x_wconf 89' lang='lat' dir='ltr'>et</span> <span class='ocrx_word' id='word_1_273' title='bbox 1529 2738 1687 2796; x_wconf 88' lang='lat' dir='ltr'>rudes</span> <span class='ocrx_word' id='word_1_274' title='bbox 1709 2747 1758 2794; x_wconf 82' lang='lat' dir='ltr'>et</span> 
     </span>
    </p>
   </div>
  </div>
 </body>
</html>
