2081 3038
191 205 295 262 2⁴6
759 206 1231 254 ANNALIUM
1530 196 1802 270 (suasa.

193 311 320 370 dam
339 327 564 368 suorum
585 310 774 376 aciem,
795 309 936 381 picta
959 325 1091 364 auro
1107 293 1387 364 Medorum
1406 308 1651 382 agmina3
1674 307 1806 366 hinc

152 412 165 419 ·
195 388 360 454 viros,
383 385 510 442 inde
533 384 787 458 praedam
806 383 1101 442 ostendere.

306 463 392 518 35.
431 461 722 527 Enimvero
748 459 896 533 apud
923 458 1191 514 Sarmatas
1220 475 1327 516 non
1357 475 1467 514 una
1486 476 1592 515 vox
1616 458 1801 516 ducis:

193 556 254 595 se
280 537 520 612 quisque
542 535 844 602 stimulant,
875 553 940 590 na
960 551 1195 604 pugnam
1220 552 1317 602 per
1340 539 1565 604 saqittas
1580 539 1775 590 inirent
1784 547 1807 604 ,³

196 619 389 683 impetu
407 621 460 668 et
477 616 709 668 cominus
727 614 1182 681 praeveniendum.
1244 608 1435 665 Variae
1452 610 1582 666 binc
1598 609 1809 666 bellan-

199 690 337 744 tium
365 688 600 760 species3
641 703 768 742 cum
787 685 1036 750 Parthus,
1067 684 1226 756 sequi
1244 683 1333 741 vel
1356 683 1543 758 fugere
1558 686 1677 758 pari
1696 695 1809 742 arte

197 771 406 830 suetus,
429 761 746 820 distraheret
765 770 991 827 turmas,
1023 760 1261 832 spatium
1278 760 1473 816 ictibus
1496 771 1803 834 quaereret:

198 840 488 908 Sarmatae,
508 839 710 896 omisso
729 853 876 902 arcu,
909 853 1020 909 quo
1038 834 1261 892 brevius
1282 832 1478 902 valent,
1502 838 1671 894 contis
1690 836 1809 911 gla-

199 916 417 988 diisque
442 921 684 981 ruerent;
727 911 884 968 modo
911 911 1179 984 equestris
1209 909 1399 982 proelii
1426 928 1593 977 more,
1618 910 1809 969 frontis

201 1000 252 1044 et
271 997 322 1046 te
387 990 402 1003 ’
426 990 602 1045 vices:
643 987 952 1061 aliquando,
977 994 1039 1042 ut
1056 985 1288 1042 conferta
1308 986 1449 1042 acies
1463 1029 1476 1053 ,
1496 987 1809 1061 corporibus

201 1073 253 1120 et
289 1081 368 1137 pu
387 1081 456 1119 su
491 1079 764 1118 armorum
788 1061 1065 1134 pellerent,
1096 1059 1439 1134 pellerentur.
1518 1063 1739 1135 Iamque
1758 1071 1810 1118 et

203 1137 396 1194 Albani
413 1138 663 1210 Iberique
675 1154 947 1210 prensare,
959 1133 1259 1203 detrudere,
1272 1137 1559 1210 ancipitem
1566 1155 1808 1213 pugnam

203 1212 447 1268 hostibus
478 1210 666 1270 facere.
745 1212 892 1280 Quos
919 1230 1084 1284 super
1110 1229 1297 1285 eques,
1340 1220 1392 1269 et
1414 1231 1445 1268 a
1469 1213 1810 1286 propioribus

203 1286 522 1344 vulneribus
539 1287 750 1360 pedites
764 1287 1119 1346 adflictahant.
1180 1289 1323 1344 Inter
1339 1304 1479 1360 quae
1496 1289 1812 1344 Pharasma-

203 1381 300 1420 nes
325 1359 658 1436 Orodesque,
679 1363 812 1420 dum
831 1365 1068 1420 strenuis
1086 1362 1301 1430 adsunt,
1328 1371 1423 1420 aut
1439 1363 1811 1420 dubitantibus

203 1439 556 1506 subveniunt,
597 1440 895 1514 conspicui,
935 1455 1107 1513 eoque
1140 1439 1327 1514 gnari,
1366 1438 1625 1505 clamore,
1666 1438 1809 1505 telis,

205 1515 364 1589 equis
381 1524 736 1575 concurrunt:
779 1517 1068 1575 instantius
1087 1514 1501 1571 Pharasmanes:
1544 1532 1671 1570 nam
1690 1514 1815 1570 vul-

205 1609 312 1648 nus
347 1609 446 1665 per
481 1590 692 1665 galeam
728 1592 930 1667 adagim
971 1608 1072 1648 nec
1104 1591 1296 1647 iterare
1324 1589 1513 1656 valuit,
1545 1590 1813 1663 praelatus

206 1684 367 1741 equo,
398 1674 449 1722 et
473 1668 785 1725 fortissimis
807 1666 1097 1724 satellitum
1122 1666 1523 1741 protegentibus
1540 1666 1810 1721 saucium.

207 1744 370 1799 Fama
394 1750 570 1797 tamen
587 1744 772 1809 occisi,
793 1742 928 1798 falso
945 1741 1162 1808 credita,
1190 1742 1449 1798 exterruit
1467 1742 1705 1808 Parthos,
1728 1742 1815 1799 vi-

207 1818 538 1889 ctoriamque
561 1834 886 1873 concessere.

320 1895 405 1947 36.
448 1892 574 1949 Mox
591 1890 894 1949 Artabanus
913 1898 1016 1949 tota
1033 1890 1175 1949 mole
1188 1894 1343 1967 regni
1368 1890 1547 1948 ultum
1565 1892 1646 1947 iit.
1717 1892 1819 1947 Pe·-

207 1967 331 2024 ritia
355 1965 595 2025 locorum
634 1968 704 2025 ab
739 1968 910 2025 Iberis
935 1965 1133 2023 melius
1159 1974 1480 2043 pugnatum.
1558 1968 1671 2023 Nec
1698 1967 1819 2023 ideo

207 2042 546 2109 abscedebat,
569 2044 644 2110 ni,
667 2045 946 2101 contractis
966 2042 1291 2119 legionibuS,
1314 2042 1586 2109 Vitellius,
1616 2052 1669 2099 et
1684 2043 1819 2100 sub-

207 2119 319 2175 dito
345 2134 581 2183 rumore,
613 2126 887 2191 tamquam
912 2119 1349 2190 Mesopotamiam
1367 2118 1680 2185 invasurus,
1702 2137 1821 2175 me-

208 2204 329 2253 tum
346 2193 578 2251 Romani
592 2192 721 2249 belli
741 2193 968 2251 fecisset.
1023 2196 1165 2249 Tum
1182 2195 1383 2250 omissa
1402 2192 1675 2260 Armenia,
1700 2213 1821 2251 ver-

208 2288 410 2345 sasque
429 2268 688 2325 Artabani
708 2287 822 2339 res3
865 2269 1133 2327 inliciente
1150 2268 1366 2326 Vitellio
1379 2310 1393 2336 ,
1424 2274 1717 2325 desererent
1734 2289 1821 2324 re-

209 2364 346 2417 qom,
371 2363 586 2401 saevum
605 2349 662 2401 in
674 2364 834 2415 pace,
865 2355 914 2401 et
931 2350 1167 2401 advorsis
1178 2348 1501 2415 proeliorum
1526 2351 1821 2402 exitiosum.

212 2424 384 2497 Igitur
402 2420 658 2477 Sinnaces
671 2464 686 2489 ,
717 2438 882 2495 quem
899 2428 1053 2477 antea
1070 2418 1344 2477 infensum
1374 2421 1696 2487 memoravi,
1725 2438 1825 2493 pa-

209 2507 346 2553 trem
368 2495 684 2571 Abdagesen
703 2496 944 2571 aliosque
961 2495 1195 2553 occultos
1214 2495 1457 2563 consilii,
1478 2504 1533 2553 et
1549 2504 1678 2553 tunc
1696 2512 1825 2551 con-

211 2573 382 2627 tinuis
401 2571 645 2629 cladibus
663 2573 1036 2646 promptiores,
1060 2570 1128 2627 ad
1148 2571 1491 2627 desectionem
1510 2572 1699 2628 trabit:
1728 2571 1827 2627 ad-

212 2645 506 2703 fluentibus
523 2647 803 2719 paullatim
817 2691 832 2716 ,
853 2649 953 2722 qui
967 2690 982 2715 ‚
1009 2655 1157 2703 metu
1178 2647 1351 2721 magis
1365 2686 1379 2712 ,
1406 2664 1574 2719 quam
1594 2648 1829 2703 benevo-

215 2719 380 2783 lentia
393 2760 408 2789 ,
439 2722 666 2783 subiecti
680 2767 695 2795 ,
723 2726 950 2809 repertis
975 2722 1285 2801 auctoribus
1298 2762 1313 2791 ,
1350 2721 1679 2783 sustulerant
1706 2723 1827 2781 ani-
