2081 3038
266 212 366 266 3⁰0
835 216 1306 265 ANNALmn
1597 208 1871 283 (umam.

263 316 474 385 stravit,
493 334 526 373 e
541 333 800 391 responso
817 317 1191 392 haruspicum,
1214 318 1359 391 quod
1372 318 1515 375 Iovis
1534 336 1597 374 ac
1604 318 1877 376 Minervae

264 394 422 451 aedes
439 393 508 450 de
526 394 672 451 caelo
688 402 852 450 tactae
872 404 1040 451 erant.
1644 438 1651 449 .

373 473 460 528 25.
501 469 568 537 Q.
588 470 830 537 Volusio,
855 472 914 525 P.
935 470 1183 543 Scipione
1200 486 1338 526 coss.
1360 472 1533 526 otium
1551 469 1701 536 foris,
1724 468 1873 527 foeda

263 545 411 601 domi
440 546 687 616 lascivia3
729 564 839 620 qua
869 548 1008 603 Nero
1037 548 1229 601 itinera
1258 546 1413 601 urbis
1438 555 1493 602 et
1520 546 1797 618 lupanaria
1824 555 1879 601 et

262 621 578 679 diverticula
591 664 608 689 ,
638 630 784 678 veste
809 623 994 694 servili
1020 623 1079 678 in
1107 621 1590 679 dissimulationem
1618 622 1708 678 sui
1728 638 1880 676 com-

262 696 470 769 positus
487 739 500 762 ,
523 698 826 769 pererrabat
839 739 852 764 ‚
877 698 1255 754 comitantibus
1270 739 1285 763 ,
1307 698 1404 771 qui
1423 705 1669 769 raperent
1686 696 1878 751 vendi-

263 771 406 833 tioni.
421 774 662 847 exposita
676 814 690 839 .
731 782 783 832 et
809 773 986 829 obviis
1021 773 1247 829 vulnera
1287 772 1571 839 inferrent,
1612 771 1877 827 adversus

263 850 478 925 ignaros
503 848 636 905 adeo
650 891 666 914 ,
717 856 776 905 ut
801 848 917 920 ipse
943 865 1163 921 quoque
1190 848 1455 921 exciperet
1489 848 1629 904 ictus
1646 882 1661 909 2
1702 854 1756 902 et
1785 864 1880 901 ore

263 918 566 996 praeferret.
645 922 848 979 Deinde
863 967 876 989 ,
900 924 996 981 ubi
1017 920 1298 981 Caesarem
1318 940 1436 979 esse
1450 965 1463 988 ,
1485 922 1584 996 qui
1600 939 1879 997 grassare-

265 1009 380 1067 tur,
401 1000 698 1073 pernotuit,
733 1000 1175 1073 augebanturque
1195 998 1425 1055 iniuriae
1445 996 1703 1055 adversus
1726 999 1878 1066 ,viros

264 1074 601 1147 feminasque
617 1073 882 1149 insignes,
905 1082 960 1130 et
974 1075 1220 1147 quidam,
1235 1074 1499 1148 permissa
1519 1070 1695 1131 semel.
1708 1073 1880 1127 licen-

262 1152 333 1205 tia
355 1150 460 1205 sub
481 1150 697 1207 nomine
717 1150 942 1206 Neronis
957 1191 972 1217 ,
1004 1148 1165 1206 inulti
1193 1150 1427 1239 propriis
1447 1166 1572 1206 cum
1591 1148 1765 1223 globis
1785 1162 1879 1203 ea-

262 1224 386 1279 dem
415 1224 754 1287 exercebant,
786 1226 844 1279 in
873 1225 1096 1282 modum
1124 1225 1445 1297 captivitatis
1471 1239 1580 1281 nox
1594 1224 1872 1301 agebatur.

263 1299 434 1355 lulius
461 1300 744 1356 Montanus
759 1342 772 1367 ,
815 1302 1067 1356 senatorii
1104 1300 1309 1357 ordinis
1324 1344 1337 1367 ,
1380 1300 1476 1356 sed
1504 1301 1602 1373 qui
1632 1300 1876 1356 nondum

262 1375 519 1431 honorem
539 1377 874 1449 capessisset,
887 1391 1208 1451 congressus
1229 1374 1359 1432 forte
1378 1393 1475 1449 per
1488 1374 1733 1433 tenebras
1746 1392 1875 1431 cum

262 1451 506 1526 principe
519 1495 532 1517 ,
557 1452 684 1526 quia
709 1453 763 1506 vi
783 1460 1123 1507 attentantem
1146 1453 1337 1507 acriter
1355 1451 1646 1526 repulerat,
1672 1450 1878 1506 'deinde

262 1529 504 1604 agnitum
547 1537 811 1594 oraverat,
853 1529 1010 1602 quasi
1039 1527 1436 1601 exprobrasset,
1479 1529 1615 1584 mori
1655 1527 1877 1583 adactus

263 1612 360 1660 est.
427 1605 567 1660 Nero
585 1612 784 1670 autem,
807 1605 1127 1660 metuentior
1146 1605 1204 1661 in
1222 1612 1516 1678 posterum,
1545 1601 1745 1658 milites
1763 1603 1876 1658 sibi

262 1687 312 1734 et
327 1678 615 1752 plerosque
631 1679 950 1754 gladiatores
968 1679 1348 1756 circumdedit,
1382 1680 1478 1752 qui
1504 1679 1747 1735 rixarum
1766 1679 1878 1733 ini-

263 1755 333 1808 tia
353 1754 560 1810 modica
577 1761 631 1809 et
647 1754 806 1827 quasi
825 1755 1031 1826 privata
1053 1755 1316 1810 sinerent:
1342 1757 1390 1810 si
1410 1773 1440 1810 a
1459 1753 1617 1809 laesis
1636 1753 1875 1810 validius

262 1837 534 1902 ageretur,
565 1844 713 1886 arma
748 1826 1062 1884 inferebant.
1142 1829 1429 1886 Ludicram
1462 1844 1678 1904 quoque
1702 1829 1877 1885 licen·-

263 1905 389 1960 tiam
421 1913 472 1959 et
498 1903 728 1960 fautores
756 1903 1081 1960 histrionum
1112 1905 1261 1961 velut
1288 1906 1346 1962 in
1374 1905 1577 1978 proelia
1616 1907 1877 1961 convertit

260 1981 560 2052 inpunitate
577 1988 629 2035 et
645 1979 900 2054 praemiis
918 2022 931 2046 ,
965 1988 1125 2054 atque
1154 1982 1271 2054 ipse
1298 1981 1539 2037 occultus
1558 1989 1609 2036 et
1632 1981 1877 2054 plerum-

261 2072 370 2128 que
389 2072 566 2110 coram
587 2063 958 2128 prospectans:
984 2055 1170 2122 donec,
1194 2054 1427 2113 discordi
1448 2055 1666 2128 populo,
1680 2063 1731 2111 et
1747 2071 1876 2130 gra-

265 2130 429 2186 vioris
465 2140 642 2186 motus
678 2140 900 2197 terrore,
945 2149 1052 2187 non
1091 2131 1239 2188 aliud
1272 2131 1572 2187 remedium
1599 2139 1871 2204 repertum

261 2214 367 2272 est,
410 2224 574 2280 quam
617 2213 677 2262 ut
712 2206 1000 2263 histriones
1026 2207 1173 2263 Italia
1214 2207 1562 2280 pellerentur,
1606 2207 1875 2280 milesque

262 2281 462 2337 theatro
479 2297 698 2356 rursum
720 2283 1016 2338 adsideret.'
1450 2291 1455 2298 '

370 2361 473 2416 26...
501 2358 598 2413 Per
617 2358 760 2413 idem
781 2366 995 2431 tempus
1015 2368 1193 2414 actum
1211 2359 1270 2414 in
1292 2366 1479 2414 senatu
1508 2363 1573 2414 de
1594 2361 1877 2426 fraudibus

249 2435 587 2498 ‘libet-torum,
615 2433 1069 2509 efflagitatumque
1082 2476 1097 2500 ‚
1138 2444 1198 2492 ut
1222 2439 1474 2493 adversus
1500 2438 1635 2494 molo
1661 2439 1877 2492 meritos

259 2515 584 2566 revocandae
601 2511 858 2566 libertatis
875 2515 959 2566 ius
971 2516 1217 2580 patronis
1228 2515 1467 2567 daretur.
1507 2511 1617 2566 Neo
1632 2509 1872 2576 deerant,

261 2585 361 2654 qui
381 2594 674 2642 censerent.
753 2584 859 2642 Sed
877 2585 1149 2652 consules,
1176 2585 1483 2644 relationem
1506 2586 1743 2658 incipere
1760 2604 1872 2642 non

263 2660 380 2712 ausi
410 2661 598 2732 ignaro
627 2663 896 2734 principe,
938 2662 1297 2735 perscripsere
1336 2671 1511 2721 tamen
1544 2679 1873 2728 consensum

261 2743 506 2792 uenenis:
548 2740 638 2790 ille
667 2745 758 2793 απ·
778 2746 965 2793 auctor
1001 2743 1385 2794 constitutionis
1416 2743 1589 2810 fieret,
1634 2746 1699 2794 ut
1734 2740 1877 2796 inter
