2081 3038
220 209 339 250 aa.
366 190 459 266 ετ.)
580 202 739 246 mn.
778 202 928 248 xvr.
971 202 1151 248 CAP.
1193 200 1440 249 29—-81,
1717 191 1817 246 4⁴7

221 310 401 362 toruus
423 319 484 356 ac
503 303 709 366 minax,
752 318 899 367 voce,
938 300 1114 367 vultu,
1139 301 1326 382 ,oculis
1347 301 1668 358 ardesceret:
1711 319 1818 360 non

220 375 305 431 illa
337 383 456 432 nota
484 383 535 430 et
562 375 861 431 celebritate
889 374 1252 449 periculorum
1283 383 1433 432 sueta
1460 377 1568 433 iam
1601 386 1818 432 senatus

220 452 497 516 maestitia,
521 449 615 506 sed
636 469 809 507 novus
828 458 881 506 et
908 449 1068 508 altior.
1079 468 1242 522 pavor
1270 468 1465 506 manus
1485 460 1536 508 et
1555 453 1654 508 tela
1674 453 1820 508 mili-

220 536 331 581 tum
360 527 719 581 cernentibus,
798 524 971 582 Simul
1004 527 1184 598 ipsius
1209 525 1472 582 Thraseae
1500 528 1819 586 venerabilis

219 601 421 672 species
449 600 857 657 obversabatur:
902 609 953 658 et
979 609 1148 668 erant,
1179 602 1278 674 qui
1305 597 1601 658 Helvidium
1621 621 1820 673 quoque

219 676 625 744 miserarentur,
682 681 933 732 innoxiae
984 681 1276 748 adfinitatis
1314 695 1512 749 poenas
1557 682 1819 733 daturum.

223 751 359 816 Quid
390 752 678 820 Aqrippino
696 755 960 817 obiectum,
992 757 1098 808 nisi
1118 756 1315 807 tristem
1327 757 1503 821 patris
1517 758 1782 823 fortunam
1793 751 1823 806 ?

218 830 424 896 quando
450 835 498 881 et
519 829 623 892 iile,
650 831 867 896 perinde
884 832 1146 893 innocens,
1187 827 1384 884 Tiberii
1399 832 1622 884 saevitia
1647 831 1824 883 conci-

217 905 388 956 disset.
469 901 741 961 Enimvero
784 903 1092 960 Montanum
1123 906 1320 974 probae
1358 907 1622 969 iuventae,
1660 920 1824 977 neque

214 980 403 1047 [amosi
422 981 687 1040 carminis,
704 981 830 1048 quia
840 981 1124 1047 protulerit
1145 983 1422 1048 inqenium,
1436 988 1697 1034 extorrem
1715 982 1820 1048 aqi.

326 1054 410 1108 30.
451 1049 627 1126 Atque
656 1053 869 1108 interim
898 1052 1142 1110 Ostorius
1171 1051 1423 1119 Sabinus,
1453 1053 1638 1110 Sorani
1659 1051 1823 1110 adcu-

216 1133 374 1193 sator,
396 1127 713 1202 ingreditur,
737 1124 1050 1202 orditurque
1068 1134 1131 1184 de
1149 1133 1386 1186 amicitia
1397 1129 1620 1185 Rubellii
1627 1129 1818 1195 Plauti,

216 1205 449 1273 quodque
482 1207 909 1273 proconsulatum
943 1203 1100 1262 Asiae
1137 1203 1394 1270 SoranuS,
1423 1223 1527 1274 pro
1557 1209 1816 1282 claritate,

214 1281 315 1334 eibi
334 1281 513 1350 potius
538 1283 1002 1344 adcommodatum,
1037 1298 1196 1350 quam
1223 1297 1292 1336 ew
1319 1284 1547 1336 utilitate
1567 1287 1824 1336 communi

214 1358 413 1422 eoi-sset,
444 1357 630 1409 alendo
654 1357 929 1410 seditiones
958 1359 1242 1410 civitatum.
1320 1353 1505 1411 Vetera
1525 1356 1682 1411 baec:
1722 1355 1823 1410 sed

215 1445 399 1484 recens
438 1437 489 1483 et
524 1429 673 1502 quod
706 1429 1010 1484 discrimini
1049 1429 1216 1501 patris
1256 1428 1422 1484 filiam
1459 1430 1816 1495 connectebat,

214 1507 351 1575 quod
374 1510 649 1573 pecuniam
678 1505 854 1575 Magis
882 1507 1136 1575 dilarqita
1163 1514 1306 1561 esset.
1384 1504 1657 1562 Acciderat
1692 1522 1822 1561 sane

212 1582 407 1653 pietate
435 1578 741 1645 Serviliam,
762 1580 817 1635 id
848 1580 993 1635 enim
1026 1596 1221 1635 nomen
1247 1580 1458 1652 puellae
1488 1578 1614 1637 fuit:
1658 1599 1816 1652 quae,

214 1656 428 1717 caritate
458 1672 582 1729 erga
609 1663 903 1727 parentem,
932 1654 1099 1711 simul
1125 1655 1466 1729 inprudentia
1488 1658 1690 1722 aetatis„
1713 1674 1820 1712 non

218 1742 395 1787 tamen
426 1728 574 1793 aliud
601 1730 1016 1797 consultaverat,
1048 1749 1214 1805 quam
1243 1730 1310 1786 de
1337 1730 1696 1788 incolumitate
1725 1731 1822 1789 do—

216 1822 364 1870 mus,
404 1808 457 1859 e't
494 1821 561 1859 an
588 1802 866 1875 placabilis
896 1807 1054 1873 Nero,
1097 1825 1164 1862 an
1193 1806 1424 1881 cognitio
1442 1815 1658 1869 senatus
1674 1806 1819 1865 'nihil

216 1890 368 1937 atrox
386 1876 628 1937 adferret.
701 1881 868 1955 Igitur
887 1884 1050 1937 accita
1070 1883 1226 1938 estin
1247 1891 1514 1949 senatum,
1537 1891 1821 1939 steterunt-

215 1971 328 2029 que
345 1953 573 2012 diversi:
617 1962 737 2011 ante
757 1954 987 2013 tribunal
1008 1956 1315 2025 consulum,
1335 1956 1555 2033 grandis
1576 1975 1705 2015 aevo
1723 1976 1822 2031 pa-

216 2048 371 2099 rens;
412 2037 591 2086 contra
612 2030 739 2099 fitia,
764 2032 902 2087 intra
921 2033 1241 2090 vicesimum
1263 2034 1445 2089 aetatis
1465 2052 1690 2099 annum,
1717 2052 1821 2089 nu-

213 2125 314 2185 per
334 2106 539 2173 marito,
572 2106 749 2163 Annio
766 2106 1022 2175 Pollione,
1051 2110 1109 2164 in
1129 2109 1383 2165 exsilium
1404 2106 1583 2181 pulso,
1605 2108 1818 2165 vid-nata

196 2175 555 2255 'desolataque
572 2204 584 2239 :
627 2201 688 2238 ac
707 2201 775 2239 ne
795 2189 999 2257 patrem
1020 2183 1239 2257 quidem
1261 2185 1496 2251 intuenS,
1519 2185 1675 2239 cuius
1693 2200 1821 2241 one-

214 2276 364 2315 rasse
382 2257 619 2331 pericula
640 2258 938 2317 videbatur.

306 2336 409 2389 et.
452 2332 593 2389 Tum
620 2336 977 2409 interrogante
1002 2333 1328 2400 adcusatore,
1371 2352 1444 2389 an
1475 2336 1644 2388 cultus
1669 2336 1820 2389 clota-

214 2410 307 2475 les,
327 2426 401 2464 an
419 2412 709 2465 detractum
730 2414 923 2465 cervici
940 2411 1128 2465 monito
1146 2428 1328 2465 venum
1346 2412 1588 2475 dedisset,
1610 2426 1712 2482 quo
1725 2427 1820 2477 pe-
1862 2425 1875 2440 ³

216 2489 427 2541 cuniam
454 2488 711 2555 faciendis
736 2486 963 2555 Magicis
987 2490 1161 2541 sacris
1181 2480 1544 2540 contraheret?
1577 2482 1820 2555 primum

214 2558 378 2615 strata
404 2558 581 2627 humi,
626 2559 890 2635 longoque
908 2558 1033 2618 fletu
1053 2568 1107 2617 et
1123 2560 1354 2626 silenti0,
1395 2566 1536 2633 post,
1569 2558 1754 2615 altaria
1771 2567 1823 2614 et

212 2652 365 2693 aram
392 2633 685 2709 complexa,
715 2636 918 2700 Nullos,
954 2634 1152 2710 inquit,
1183 2638 1352 2705 inpios
1379 2638 1516 2700 deos,
1535 2636 1714 2691 nullas
1731 2636 1821 2689 do-

212 2714 459 2841 voti'onee,
471 2729 565 2841 παι)
582 2715 732 2767 aliud
747 2714 1042 2784 infelicibus
1053 2718 1203 2783 preci
1207 2714 1299 2767 bus
1303 2714 1570 2842 ¹1⁶)nid>ocavi,
1588 2728 1752 2785 quam⁸
1763 2719 1820 2765 ut

335 2803 503 2841 *cirus
570 2828 583 2842 .
