2081 3038
538 204 952 252 AGRICOLA.
995 206 1157 253 CAP.
1201 208 1265 251 45
1325 208 1405 254 46.
1672 205 1759 256 30⁴

169 307 411 363 adsidere
442 305 760 373 valetudini,
792 306 969 365 fovere
997 307 1350 375 deficientem,
1383 311 1561 365 satiari
1590 311 1765 377 vultu,

169 381 472 454 complexu,
496 399 600 438 non
621 382 856 456 contigit.
877 384 880 387 ’
929 384 1346 454 Excepissemus
1366 394 1503 439 certe
1524 388 1712 441 manda
1721 396 1765 441 ta

174 475 452 531 vocesque,
487 476 624 530 quas
653 460 868 530 penitus
887 459 1068 516 animo
1088 459 1395 533 figet-emus,
1477 461 1660 517 Noster
1681 463 1771 518 hie

169 532 335 599 dolor,
381 541 621 588 nostrum
663 533 889 589 vulnus:
951 535 1107 590 nobis
1148 545 1255 590 tam
1289 536 1476 609 longae
1505 537 1769 592 absentiae

169 609 465 665 conditione
486 618 605 664 ante
621 609 1038 682 quadriennium
1061 611 1295 666 amissus
1316 629 1393 665 ee.
1443 609 1633 665 Omnia
1654 614 1772 667 sine

169 685 352 750 dubio,
375 685 575 756 optime
594 692 894 757 parentum,
908 685 1180 741 adsidente
1200 686 1567 741 amantissima
1584 705 1768 752 uxore,

170 759 482 832 superfuere
527 760 714 815 honori
757 768 874 816 tuo:
935 762 1280 832 paucioribus
1320 770 1497 816 tamen
1537 760 1772 817 lacrimis

169 837 497 907 compositus
523 852 602 902 es,
644 844 694 891 et
722 837 1016 891 novissima
1043 838 1101 892 in
1132 835 1251 891 luce
1279 837 1645 893 desideravere
1674 837 1773 893 ali-

169 912 304 984 quid
323 909 464 966 oculi
485 912 582 966 tui.

280 988 363 1042 46.
405 986 462 1041 Si
483 988 609 1060 quis
629 989 840 1060 piorum
860 987 1113 1041 manibus
1133 986 1308 1057 locus;
1352 989 1419 1053 si,
1440 999 1499 1043 ut
1519 989 1773 1060 sapienti-

170 1063 272 1119 bus
309 1061 498 1134 placet,
540 1081 645 1120 non
688 1080 812 1117 cum
852 1079 1070 1135 corpore
1096 1063 1515 1137 exstinguuntur
1546 1082 1772 1138 magnae

168 1140 404 1193 animae:
447 1137 653 1210 placide
671 1140 936 1212 quiescaS,
981 1156 1208 1211 nosque,
1248 1138 1470 1195 domum
1494 1148 1661 1205 tuam,
1704 1140 1772 1195 ab

167 1214 381 1270 infirmo
408 1214 672 1269 desiderio
699 1222 749 1267 et
779 1213 1137 1269 muliebribus
1172 1214 1417 1271 lamentis
1448 1216 1515 1271 ad
1535 1223 1773 1271 oontem-

167 1289 454 1362 plationem
483 1291 743 1345 virtutum
773 1297 988 1343 tuarum
1017 1306 1193 1354 voces,
1228 1306 1367 1362 quas
1394 1308 1569 1363 neque
1598 1291 1769 1365 lugeri

170 1382 344 1436 neque
363 1362 547 1437 plangi
569 1364 646 1419 fas
669 1372 772 1417 est:
815 1363 1163 1419 admiratione
1182 1373 1232 1418 te
1251 1366 1449 1435 potine,
1473 1374 1524 1420 et
1549 1367 1771 1422 immor-

171 1439 366 1495 talibus
389 1439 660 1504 laudibuS,
685 1445 750 1500 et,
772 1439 820 1493 si
841 1446 1029 1493 natura
1048 1439 1369 1510 suppeditet,
1390 1439 1660 1496 aemulatu
1679 1442 1773 1497 de-

169 1533 433 1572 coremus,
513 1516 564 1570 Is
588 1531 745 1570 verus
765 1512 952 1579 honos,
981 1531 1043 1568 ea
1062 1514 1485 1570 coniunctissimi
1507 1518 1773 1590 cuiusque

171 1594 358 1664 pietas.
439 1590 498 1645 Id
540 1590 678 1646 filiae
715 1606 934 1662 quoque
975 1591 1241 1662 uxorique
1271 1592 1651 1662 praeceperim,
1694 1593 1775 1647 sic

168 1668 354 1740 patrie,
395 1668 474 1720 sic
501 1665 674 1720 mariti
708 1667 1020 1720 memoriam
1050 1667 1310 1734 venerari,
1350 1675 1409 1721 ut
1438 1668 1617 1722 omnia
1638 1667 1769 1724 facta

168 1743 416 1814 dictaque
445 1742 561 1797 eius
586 1757 768 1796 secum
799 1738 1093 1806 revolvant,
1139 1740 1442 1814 famamque
1461 1759 1522 1797 ac
1542 1742 1766 1816 figuram

167 1819 336 1873 animi
364 1819 536 1890 magis
567 1833 732 1889 quam
759 1816 995 1888 corporis
1023 1816 1463 1888 complectantur3
1506 1834 1614 1872 non
1644 1820 1771 1890 quia

168 1892 600 1949 intercedendum
631 1899 814 1963 putem
839 1893 1191 1964 imaginibus„
1232 1910 1371 1965 quae
1391 1909 1656 1948 marmore
1681 1902 1771 1948 aut

167 1986 288 2025 aere
310 1969 612 2042 finguntur:
655 1966 750 2021 sed
778 1974 838 2021 ut
855 1966 1043 2022 vultus
1062 1968 1363 2034 hominum,
1386 1969 1456 2023 ita
1482 1968 1768 2024 simulacra

169 2044 353 2101 vultus
384 2042 630 2099 inbecilla
658 2060 720 2096 ac
739 2041 979 2096 mortalia
1002 2050 1157 2112 sunt;
1202 2043 1367 2098 forma
1390 2046 1583 2098 mentis
1606 2053 1771 2099 aeter-

165 2139 264 2178 na:
307 2137 471 2192 quam
501 2128 676 2173 tenere
704 2125 755 2172 et
773 2118 1094 2189 exprimere,
1117 2137 1221 2174 non
1240 2137 1335 2190 per
1355 2119 1582 2174 alienam
1605 2128 1771 2174 mate-

166 2199 300 2253 riam
324 2204 374 2250 et
393 2203 579 2259 artem,
604 2193 698 2248 sed
719 2194 827 2250 tuis
848 2194 964 2264 ipse
983 2195 1243 2259 moribus,
1260 2195 1452 2266 possis,
1492 2193 1769 2267 Quidquid

164 2291 234 2329 ex
251 2270 496 2345 Agricola
516 2271 840 2334 amavimus-1,
863 2269 1136 2341 quidquid
1154 2270 1329 2324 mirati
1350 2288 1561 2334 eumue,
1593 2277 1772 2326 manet

164 2362 594 2418 mansurumque
623 2353 702 2400 est
731 2346 786 2399 in
818 2345 1016 2399 animis
1040 2344 1343 2409 hominum,
1386 2346 1440 2399 in
1468 2346 1773 2401 aeternitate

165 2431 487 2493 temporum,
511 2419 652 2476 fama
675 2438 874 2475 rerum.
954 2421 1091 2475 Nam
1116 2420 1309 2476 multos
1332 2426 1591 2487 veterum,
1625 2421 1773 2477 velut

162 2498 420 2572 inglorios
441 2504 491 2552 et
511 2495 795 2571 ignobileS,
826 2494 1026 2552 oblivio
1051 2497 1263 2551 obruet:
1305 2494 1570 2568 Agricola,
1594 2505 1776 2569 poste-

163 2572 305 2628 ritati
326 2580 568 2628 narratus
588 2580 638 2628 et
659 2571 900 2638 traditae,
925 2578 1195 2643 superstes
1216 2570 1333 2625 erit.

758 2741 1185 2770 ’ψ
