2081 3038
289 218 386 275 uo
760 224 1411 275 tusa-onmnma
1615 218 1893 292 (ausas.

285 327 470 381 lerant.
551 326 727 383 Pudor
763 335 938 383 tamen
982 336 1032 383 et
1069 329 1364 401 praesentis
1402 327 1557 383 ducis
1595 330 1895 385 reverentia

285 401 607 467 morabatur,
633 403 776 457 haud
795 403 1048 459 diuturna
1068 403 1283 459 vincula
1305 403 1449 475 apud
1474 403 1657 459 avidos
1678 405 1892 475 pericu-

285 476 457 531 lorum
480 486 530 531 et
549 478 819 533 dedecoris
840 496 1074 535 securos.
1154 480 1232 534 Eo
1259 487 1405 533 metu
1428 479 1667 535 cohortes
1688 480 1895 534 Arimi-

285 570 414 607 num
457 555 762 625 praemittit,
805 554 942 609 alam
983 555 1117 609 tueri
1148 562 1291 628 terga
1322 554 1497 609 iubet:
1540 555 1658 625 ipse
1678 555 1888 625 paucis,

282 646 420 701 quos
460 628 678 683 adversa
709 647 812 683 non
845 638 1198 691 mutaverant,
1241 629 1619 684 comitantibus
1646 628 1793 683 flexit
1830 631 1889 684 in

281 704 580 769 Umbriam,
613 714 774 777 atque
799 705 924 759 inde
950 704 1251 759 Etruriam:
1294 704 1409 769 ubi,
1443 706 1655 777 cognito
1674 720 1894 777 pugnae

282 779 656 835 Cremonensis
686 788 898 844 eventu,
933 798 1035 834 non
1061 782 1338 852 ignavum,
1370 787 1439 844 et,
1462 780 1507 834 si
1532 780 1887 851 provenisset,

280 864 430 911 atrox
457 854 742 921 consilium
771 856 912 919 iniit,
959 862 1034 921 ut,
1070 856 1301 926 adreptis
1322 855 1573 920 navibus,
1612 856 1671 909 in
1692 870 1892 927 quam-

281 948 498 1003 cunque
525 939 726 1001 partem
755 931 1120 985 Narbonensis
1140 931 1448 1001 provinciae
1464 947 1733 1003 egressus,
1758 930 1893 985 Gal-

281 1006 380 1061 lias
401 1010 452 1060 et
471 1006 733 1059 exercitus
753 1012 803 1059 et
813 1005 1131 1060 Germaniae
1147 1013 1331 1079 gentes
1351 1022 1663 1077 novumque
1680 1004 1885 1060 bellum

280 1084 458 1135 cieret.

393 1158 474 1209 42.
517 1154 764 1227 Digresso
791 1155 1028 1221 Valente,
1062 1155 1313 1227 trepidoS,
1348 1156 1445 1227 qui
1474 1154 1781 1210 Ariminum
1810 1164 1891 1210 te-

279 1231 493 1294 nebant,
537 1229 815 1285 Cornelius
836 1232 1066 1296 Fuscus,
1109 1231 1318 1285 admoto
1347 1232 1580 1285 exercitu
1610 1238 1661 1285 et
1701 1231 1889 1287 missis

277 1322 372 1377 per
392 1306 635 1377 proxima
660 1306 872 1361 litorum
888 1307 1217 1369 Liburnicis,
1230 1314 1364 1360 terra
1386 1308 1633 1377 marique
1650 1307 1891 1361 circum-

281 1382 440 1436 venit.
503 1379 843 1452 Occupantur
865 1380 1018 1453 plana
1043 1382 1293 1435 Umbriae
1312 1389 1361 1435 et
1382 1398 1487 1454 qua
1512 1382 1739 1436 Picenus
1759 1398 1890 1455 ager

275 1456 437 1511 Adria
476 1456 728 1512 adluitur.
809 1456 1112 1530 Omnisque
1152 1455 1297 1511 Italia
1326 1456 1465 1510 inter
1488 1456 1884 1528 Vespasianum

275 1551 336 1587 ac
357 1532 630 1587 Vitellium
653 1531 920 1604 Apennini
943 1533 1089 1606 iugis
1118 1532 1476 1587 dividebatur.
1558 1533 1758 1588 Fabius
1780 1534 1887 1587 Va-

277 1608 390 1662 lens
419 1625 448 1661 e
475 1609 602 1662 sinu
633 1609 824 1663 Pisano
849 1610 1074 1682 segnitia
1098 1607 1262 1662 maris
1282 1616 1373 1662 aut
1394 1608 1707 1662 adversante
1726 1619 1889 1664 vento

276 1684 490 1738 Portum
515 1683 755 1737 Herculis
776 1685 1008 1738 Monoeci
1032 1682 1333 1753 depellitur.
1378 1681 1531 1738 Haud
1550 1682 1735 1755 procul
1758 1684 1889 1739 inde

274 1758 461 1831 agebat
480 1759 680 1813 Marius
699 1759 958 1822 MaturuS,
972 1757 1194 1830 Alpium
1216 1759 1607 1814 maritimarum
1630 1775 1891 1830 procura-

273 1842 371 1896 tor,
421 1831 559 1887 [idus
590 1833 818 1898 Vitellio,
861 1835 1019 1888 cuius
1049 1842 1463 1899 sacramentum,
1506 1835 1713 1890 cunctis
1742 1837 1887 1890 circa

273 1908 579 1973 hostilibus,
606 1909 842 1964 nondum
864 1917 1100 1963 exuerat.
1183 1911 1231 1963 ls
1258 1909 1529 1964 Valentem
1552 1911 1773 1964 comiter
1790 1927 1889 1966 ex-

273 1993 506 2060 ceptum,
539 2003 602 2038 ne
633 1985 864 2038 Galliam
885 1985 1270 2040 Narbonensem
1297 1994 1481 2038 temere
1506 1989 1884 2053 inqu-ederetur,

275 2059 540 2114 monendo
560 2060 772 2114 terruit:
811 2059 975 2114 simul
999 2071 1293 2115 ceterorum
1316 2059 1447 2113 fides
1468 2068 1612 2113 metu
1632 2057 1880 2114 infracta.

274 2135 520 2206 Namque
575 2134 942 2189 circumiectas
991 2137 1231 2190 civitates
1276 2142 1583 2204 procurator
1634 2133 1885 2189 Valerius

273 2209 572 2274 Paullinus,
604 2217 858 2264 strenuus
890 2209 1114 2264 militiae
1142 2217 1193 2264 et
1221 2209 1551 2280 Vespasiano
1574 2217 1694 2262 ante
1715 2207 1888 2263 fortu-

274 2303 395 2340 nam
419 2287 645 2348 amicus,
669 2286 726 2339 in
753 2286 911 2340 verba
935 2287 1053 2340 eius
1073 2285 1336 2357 adegerat.

385 2364 466 2415 43.
511 2360 852 2432 Concitisque
871 2360 1253 2431 omnibuS,q11i
1274 2359 1596 2414 exauctorati
1617 2377 1645 2413 a
1666 2358 1887 2415 Vitellio

271 2435 472 2489 bellum
491 2445 679 2506 sponte
689 2437 990 2500 sumebant,
1005 2434 1424 2490 Foroiuliensem
1438 2433 1696 2489 coloniam
1706 2478 1718 2500 ,
1732 2433 1889 2490 clau-

270 2518 375 2564 stra
399 2511 584 2574 maris,
609 2512 872 2582 pracsidio
892 2511 1164 2566 tuebatur:
1207 2527 1269 2564 eo
1286 2512 1500 2583 gravior
1518 2510 1885 2582 auctor,quod

271 2583 516 2639 Paullino
534 2588 703 2657 patria
725 2587 897 2642 forum
916 2585 1058 2650 lulii,
1075 2593 1125 2640 et
1143 2585 1311 2640 honos
1331 2584 1475 2657 apud
1493 2585 1883 2656 praetorianos,

271 2675 503 2728 quorum
535 2661 805 2731 quondam
845 2661 1096 2716 tribunus
1138 2659 1325 2715 fuerat.
1407 2660 1625 2732 Ipsique
1657 2661 1883 2733 pagani,

273 2729 450 2787 favore
479 2736 794 2807 municipali
824 2743 875 2792 et
894 2735 1103 2791 futurae
1122 2735 1383 2807 potentiae
1402 2751 1517 2807 spe,
1550 2737 1739 2790 iuvare
1758 2753 1889 2807 par-
