2081 3038
31 2536 215 2567 ,ὼ

316 253 413 308 328
873 258 1340 305 Auxanum
1634 249 1917 324 (mmsis.
2047 295 2050 316 ,

312 377 449 414 ram.
529 355 704 430 Atque
721 377 846 414 eum
863 402 875 425 ,
898 370 1109 415 auctore
1128 359 1296 415 Burro
1309 403 1321 425 ,
1344 361 1517 430 prima
1537 361 1918 416 centurionum

300 434 760 507 tribunorumque
781 434 1013 491 adulatio
1030 435 1098 490 ad
1111 451 1260 507 spem
1277 435 1528 500 firmavit,
1540 437 1919 507 prensantium

313 525 536 565 manum
555 512 1003 584 gratantiumque,
1030 510 1178 583 quod
1195 510 1484 566 discrimen
1501 511 1844 582 inprovisum
1865 520 1924 564 et

300 586 499 642 matris
520 582 727 642 facinus
748 587 1019 642 evasisset.
1097 586 1272 640 Amici
1289 585 1492 641 dehinc
1521 585 1667 640 adire
1687 585 1916 674 templa,

312 669 365 716 et
377 677 395 727 ,·
414 669 596 732 coepto
615 661 859 734 exemplo
874 702 886 726 ,
911 661 1156 733 proxima
1175 660 1497 733 Campaniae
1515 661 1811 732 municipia
1833 677 1921 716 vi-

314 737 491 790 ctimis
518 743 570 790 et
596 735 948 810 legationibus
975 735 1226 792 laetitiam
1263 737 1472 792 testari:
1515 737 1632 808 ipse
1645 777 1660 802 ‚
1699 735 1918 792 diversa

313 809 670 876 simulatione,
694 820 948 877 maestus»,
972 819 1023 866 et
1040 813 1199 884 quasi
1218 811 1568 866 incolumitati
1589 823 1720 866 suae
1737 810 1920 865 infen-

313 903 409 941 sus
425 928 438 951 ‚
467 897 528 940 ac
555 887 711 942 morti
729 888 963 959 parentis
982 886 1344 942 inlacrimans.
1423 885 1560 952 Quia
1588 895 1764 941 tamen
1783 903 1915 951 non,

312 969 374 1016 ut
391 961 672 1016 hominum
702 960 913 1028 vultus,
945 963 1014 1018 ita
1046 959 1282 1018 locorum
1313 961 1472 1016 facies
1493 968 1793 1026 mutantur,
1817 961 1918 1016 ob-

312 1036 730 1108 versabaturque
755 1038 919 1091 maris
948 1035 1098 1092 illius
1125 1044 1179 1091 et
1197 1037 1410 1092 litorum
1431 1038 1612 1111 gravis
1632 1036 1916 1108 adspectus

312 1111 382 1183 (et
399 1115 564 1175 erant,
589 1111 685 1182 qui
702 1111 999 1177 crederent,
1024 1113 1262 1169 sonitum
1283 1113 1442 1168 tubae
1464 1112 1690 1167 collibus
1709 1111 1914 1166 circum
1966 1153 1970 1158 .

312 1183 469 1239 editis
486 1185 841 1258 planctusque
858 1187 1068 1242 tumulo
1087 1189 1272 1243 matris
1288 1186 1766 1262 audiri)Neapolim
1787 1203 1916 1241 con-

310 1260 495 1324 cessit,
528 1259 835 1334 litterasque
861 1261 929 1317 ad
954 1272 1200 1321 senatum
1230 1264 1404 1328 misit,
1436 1279 1669 1336 quarum
1697 1279 1912 1318 summa

312 1342 448 1391 eratt

362 1440 367 1448 ·
400 1428 405 1437 ·
427 1413 521 1466 u:
552 1413 824 1482 Rupes-tum
845 1431 960 1468 cum
976 1419 1120 1485 ferro
1133 1431 1490 1485 percussorem
1507 1415 1814 1484 Aquinum,
1846 1431 1914 1468 σω

313 1492 511 1544 intimis
536 1487 856 1559 Aqripptnao
882 1492 1104 1557 libertis,
1145 1497 1194 1546 et
1222 1493 1380 1547 luisse
1403 1507 1518 1545 eam
1539 1505 1760 1559 poenam
1793 1505 1914 1544 con-

312 1569 546 1629 scientia,
570 1582 676 1634 qua
693 1568 860 1621 scelus
872 1571 1184 1635 paravisset.
1242 1564 1536 1621 Adiiciebat
1552 1564 1780 1619 crimina
1797 1562 1915 1619 lon-

312 1640 436 1712 gius
454 1641 673 1712 repetita
688 1658 700 1708 ;
724 1646 861 1710 quod
880 1646 1192 1697 consortium
1210 1646 1442 1711 imperii,
1465 1645 1842 1709 iuraturasque
1859 1645 1915 1695 in

311 1719 532 1785 feminae
548 1719 705 1769 verba
716 1722 1015 1783 praetorias
1044 1719 1299 1781 cohortes,
1327 1720 1559 1786 idemque
1585 1718 1806 1771 dedecus
1833 1732 1915 1770 so-

311 1798 467 1843 natus
484 1798 534 1845 et
544 1794 730 1860 populi
742 1796 1080 1859 speravisset.-
1099 1809 1180 1855 ac,
1188 1800 1527 1861 posteaquam
1541 1796 1748 1862 tha-stra
1765 1799 1916 1859 opta-

314 1872 370 1918 ta
394 1870 524 1929 sint,
556 1869 757 1935 insertsa
780 1870 939 1921 militi
956 1870 1299 1937 patribusque
1327 1876 1376 1921 et
1387 1868 1555 1935 plebi,
1583 1870 1928 1923 dissuasisset.

310 1944 613 1995 donativum
637 1948 686 1994 et
714 1944 1063 2010 eonyt’art'um,
1091 1944 1428 2011 periculaque
1459 1945 1592 1996 viris
1607 1945 1916 1997 inlustribus

312 2018 663 2070 instruaeisset.
745 2015 949 2081 Quanto
976 2032 1072 2071 suo
1100 2018 1278 2072 labore
1311 2024 1687 2085 perpetratum,
1727 2034 1794 2070 ne
1829 2022 1915 2071 in-

312 2099 575 2158 rumperet
592 2093 817 2155 curiam,
847 2108 911 2145 ne
936 2094 1172 2161 yentz'bus
1194 2095 1427 2147 eaeterm's
1449 2108 1699 2161 responsa
1725 2089 1914 2145 daret?

314 2163 638 2237 Temporum
656 2180 871 2238 quoque
880 2165 1296 2223 Claudianorum
1315 2166 1534 2239 obliqua
1548 2165 1911 2231 insectatione,

314 2246 503 2295 cuncta
532 2240 649 2296 eius
666 2240 1044 2299 dominationis
1061 2241 1258 2316 flagitia
1285 2242 1346 2297 in
1376 2248 1598 2297 matrem
1619 2240 1910 2307 transtulit,

310 2318 525 2388 publica
545 2320 757 2385 senuna
776 2322 1089 2374 exstinctam
1108 2316 1358 2372 referens„
1437 2316 1684 2391 Namque
1702 2324 1754 2371 et
1782 2332 1917 2371 nau-

316 2389 561 2463 fragium.
587 2392 857 2447 narrabat:
908 2392 1055 2465 quod
1095 2392 1374 2447 fortuitum
1402 2388 1598 2455 fuisse,
1631 2391 1756 2463 quis
1787 2391 1916 2445 adeo

316 2466 479 2520 hebes
508 2466 836 2525 inveniretur
853 2509 866 2534 ,
888 2475 950 2523 ut
967 2465 1236 2522 crederet?
1254 2474 1346 2521 aut
1364 2484 1393 2521 a
1415 2466 1640 2521 muliere
1659 2465 1912 2537 naufraga

316 2542 549 2595 *nissum
578 2559 703 2597 cum
728 2541 832 2599 telo
854 2558 1049 2607 unum,
1081 2542 1177 2614 qui
1197 2541 1436 2597 cohortes
1456 2549 1508 2595 et
1525 2538 1721 2594 classes
1741 2540 1918 2610 impe-

414 2617 503 2669 ’τίς
531 2616 915 2691 perfringeret?
948 2616 1090 2691 Ergo
1109 2634 1216 2671 non
1237 2616 1343 2670 iam
1365 2616 1504 2669 Nero
1519 2656 1531 2679 ,
1564 2616 1720 2668 cuius
1740 2614 1944 2670 inme-s

471 2692 715 2746 omnium
736 2700 960 2763 questus
981 2692 1228 2757 anteibat,
1251 2690 1344 2745 sed
1363 2689 1557 2745 Seneca
1578 2689 1802 2743 adverso
1825 2707 1918 2743 ru-

482 2772 592 2820 erat
604 2806 617 2831 ,
642 2772 777 2835 quod
794 2773 1029 2822 oratione
1049 2769 1146 2821 tali
1174 2770 1534 2835 cenfessionem
1551 2767 1857 2831 scripsisset.
