2081 3038
171 244 406 323 aczo.)
604 255 745 301 Lm.
787 256 893 302 111.
938 257 1093 303 cAP.
1129 260 1213 303 16.
1257 259 1336 304 ιτ.
1671 256 1768 309 4ο9

168 371 296 410 mere
314 359 463 426 apud
472 364 674 425 patres,
692 361 1084 428 principemque
1099 377 1332 429 arquere,
1355 364 1413 414 ni
1429 361 1601 414 elusus
1621 379 1656 416 a
1674 362 1771 416 Se-

166 435 285 486 iano
310 447 412 500 per
436 445 584 485 vana
606 436 873 500 promissa
891 438 1053 503 foret:
1091 451 1182 490 nec
1202 437 1352 488 illum
1374 441 1550 504 sponte
1567 441 1769 490 exstin-

167 515 317 570 ctum,
338 523 525 561 verum
544 510 775 561 immisso
788 525 1108 576 percussore.
1144 507 1384 574 Quorum
1407 516 1662 578 neutrum·
1675 509 1770 566 ad-

162 581 555 636 severaverim:
599 597 778 654 neque
816 589 993 637 tamen
1030 581 1270 638 occulere
1309 583 1468 638 debui
1498 593 1768 640 narratum

163 655 228 710 ab
244 655 333 720 iis,
357 656 462 729 qui
493 663 731 712 nostram
751 655 821 732 ad
839 659 1110 714 iuventam
1129 657 1476 726 duraverunt.
1555 659 1767 725 Caesar,

162 731 292 787 flexo
311 731 373 786 in
396 732 723 787 moestitiam
740 749 851 798 ore,
872 749 1021 788 suam
1040 736 1296 788 invidiam
1315 734 1414 788 tali
1430 743 1594 787 morte
1612 753 1772 804 quae-

159 812 314 862 sitam
332 807 488 880 apud
506 813 751 862 senatum
776 804 1081 884 [queritur,]
1105 808 1416 881 crebrisque
1440 810 1774 882 interrogati-

158 881 356 938 onibus
377 881 639 956 exquirit,
652 885 859 952 qualem
878 883 996 938 Piso
1015 887 1149 938 diem
1165 901 1461 956 supremum
1479 893 1772 954 noctemque

161 963 436 1028 exeqisset.
506 955 695 1030 'Atque
714 957 808 1013 illo
824 956 1080 1030 pleraque
1097 960 1378 1030 sapienter,
1403 957 1665 1032 quaedam
1687 961 1772 1013 in-

161 1031 467 1088 consultius
497 1031 870 1106 respondente,
900 1034 1080 1088 recitat
1104 1033 1374 1090 codicillos
1389 1076 1403 1100 ,
1435 1051 1465 1089 a
1493 1034 1686 1090 Pisone
1713 1035 1772 1089 in

160 1108 306 1164 hunc
324 1107 503 1164 ferme
535 1108 758 1164 modum
788 1109 1136 1180 compositos;
1184 1109 1573 1178 Conspiratione
1591 1113 1770 1165 inimi-

160 1201 359 1250 corum,
389 1193 440 1238 et
468 1186 672 1238 invidia
696 1187 826 1255 [alsi
852 1188 1086 1239 criminis
1103 1191 1389 1254 oppressus,
1413 1194 1663 1256 quatenus
1682 1203 1770 1239 ve-

158 1263 316 1313 ritati
342 1267 394 1313 et
423 1263 753 1314 innocentiae
782 1276 925 1314 meae
953 1263 1209 1329 nusquam
1238 1263 1380 1314 locus
1406 1269 1496 1323 est,
1526 1263 1646 1314 deos
1669 1265 1770 1315 im-

158 1335 411 1390 mortales
442 1342 621 1398 testor,
646 1339 847 1389 viaeisse
872 1351 967 1398 me,
996 1333 1206 1398 Caesar,
1239 1353 1355 1390 cum
1381 1337 1478 1404 fide
1496 1339 1771 1390 adversum

160 1419 221 1474 te,
254 1426 423 1479 neque
440 1411 556 1464 alia
576 1413 631 1463 in
648 1417 869 1463 matrem
894 1418 1034 1464 tuam
1045 1413 1238 1478 pietate
1249 1429 1266 1464 .·
1303 1427 1492 1480 vosque
1510 1426 1619 1474 oro,
1645 1413 1770 1463 libe-

159 1489 240 1540 ris
279 1488 412 1540 meis
450 1487 765 1540 consulatis:
804 1501 875 1539 ex
907 1487 1094 1554 quibus
1125 1483 1215 1540 Gn.
1256 1485 1375 1541 Piso
1412 1486 1773 1555 ‘qualicumque

160 1566 411 1627 fortunae
436 1578 582 1615 meae
608 1578 711 1614 non
736 1568 812 1614 est
836 1563 1130 1625 adiunctus,
1161 1578 1278 1615 cum
1305 1576 1450 1614 omne
1467 1561 1561 1613 hoc
1580 1568 1774 1626 tempus

162 1641 219 1690 in
245 1636 374 1690 urbe
406 1640 597 1704 eqerit:
644 1636 722 1689 M.
748 1636 863 1689 Piso
883 1643 1108 1703 repetere
1127 1634 1340 1704 Syriam
1364 1636 1663 1689 dehortatus
1681 1642 1768 1687 est.

164 1710 329 1779 Atque
350 1714 559 1765 utinam
576 1724 667 1779 eqo
682 1712 855 1779 potius
874 1713 981 1779 filio
1001 1714 1190 1773 iuveni,
1221 1726 1379 1779 quam
1397 1712 1486 1764 ille
1495 1712 1646 1778 patri
1661 1712 1774 1763 seni

167 1785 433 1839 cessisset!
470 1784 549 1839 Eo
582 1786 859 1853 impensius
882 1800 1084 1853 precor,
1105 1801 1171 1838 ne
1193 1802 1335 1839 meae
1347 1788 1632 1853 pravitatis
1645 1802 1770 1853 poe-

168 1878 261 1914 nas
280 1864 540 1928 innoxius
559 1862 684 1913 tuat.
716 1860 816 1913 Per
835 1864 1060 1929 quinque
1077 1867 1126 1913 et
1145 1863 1497 1929 quadraqinta
1515 1877 1772 1914 annorum

169 1938 483 2005 obsequium,
507 1949 608 2003 per
634 1936 903 2003 colleqium
932 1937 1229 1989 consulatus
1248 1939 1506 2004 quondam
1524 1938 1574 1987 d.
1593 1934 1772 2005 :iuqu-

167 2020 259 2074 sto,
287 2013 511 2079 parenti
538 2017 641 2070 tuo,
656 2010 927 2077 probatus,
950 2016 1000 2064 et
1017 2011 1115 2063 tibi
1139 2012 1355 2072 amicus,
1379 2026 1471 2065 nec
1491 2011 1775 2077 quidquam

164 2088 424 2153 posthaec
444 2092 747 2153 romain-rus,
767 2084 987 2139 salutem
1006 2086 1228 2155 infelicis
1246 2088 1348 2154 filii
1366 2100 1507 2153 roqo.
1671 2142 1677 2149 ,

274 2160 362 2215 17.
404 2158 483 2214 De
502 2158 756 2215 Plancina
774 2157 912 2213 nihil
933 2156 1152 2215 addidit.
1227 2160 1351 2216 Post
1367 2174 1507 2231 quae
1525 2155 1773 2213 Tiberius

168 2234 556 2293 adolescentem
602 2234 831 2288 erimine
876 2232 1052 2300 civilis
1101 2232 1242 2289 belli
1266 2234 1543 2309 purgavit:
1596 2236 1774 2302 patris

168 2316 353 2381 quippe
374 2315 525 2367 iussa
542 2326 635 2363 nec
648 2313 883 2379 potuisse
905 2311 1070 2379 filium
1088 2314 1402 2365 detrectare.-
1441 2307 1606 2364 simul
1625 2310 1774 2363 nobi-
1825 2344 1830 2351 -

170 2390 366 2441 litatem
394 2389 594 2448 domus,
622 2387 783 2450 etiam
812 2388 991 2451 ipsius,
1023 2400 1226 2454 quoquo
1253 2388 1402 2439 modo
1428 2386 1618 2445 meriti,
1647 2400 1775 2453 ,tyra-¹

166 2478 273 2515 vem
316 2476 503 2515 casum
538 2460 846 2513 miseratus.
924 2458 1026 2513 Pro
1063 2458 1314 2513 Plancina
1342 2475 1466 2513 cum
1489 2456 1698 2529 pudore
1727 2464 1774 2509 et

170 2535 367 2611 flagitio
402 2534 691 2599 disseruit,
733 2533 920 2588 matris
946 2550 1131 2604 preces
1163 2532 1484 2587 obtendens:
1525 2532 1584 2586 in
1611 2544 1774 2601 quam

171 2610 355 2683 optimi
402 2608 676 2681 cuiusque
714 2606 902 2662 secreti
939 2616 1166 2681 questus
1205 2607 1378 2683 magis
1407 2604 1774 2683 ardescebant:

178 2687 231 2741 ld
246 2703 379 2757 erqo·
392 2692 478 2756 sas
494 2690 666 2746 aviae,
690 2686 1092 2748 interfectricem
1108 2685 1310 2749 nepotis
1328 2683 1608 2746 adspicere,
1630 2680 1780 2733 adlo-

177 2766 273 2830 qui,
317 2758 521 2831 eripere
544 2754 799 2815 senatui?
859 2758 1005 2823 Quod
1031 2772 1132 2825 pro
1167 2755 1399 2809 omnibus
1428 2756 1620 2807 civibus
1651 2754 1784 2817 teqes
