2081 3038
150 2912 185 2941 0

224 234 346 273 με.
372 218 465 291 65.)
628 226 765 272 Lm.
806 226 924 272 xv.
966 228 1124 275 ομ).
1168 229 1409 276 34-36,
1719 223 1814 278 377

320 318 417 381 at.
462 324 595 390 Illic,
626 324 870 397 plerique
892 335 957 397 ‚ut
974 327 1383 394 arbitrabantur,
1411 332 1575 396 triste,
1599 339 1658 388 ut
1675 332 1811 403 ipse,

223 400 509 475 providum
539 401 717 470 potius
745 408 797 454 et
816 401 1066 456 secundis
1087 403 1424 468 numinibus,
1448 408 1647 460 evenit:
1691 425 1812 462 nam

225 492 457 549 egreSSO,
502 475 599 546 qui
638 472 893 542 adfuerat,
933 475 1149 548 populo,
1185 494 1413 532 vacuum
1442 487 1494 532 et
1510 481 1626 534 sine
1651 481 1816 536 ullius

226 568 383 615 noxa,
411 550 675 605 theatrum
694 550 1007 624 conlapsum
1027 558 1125 605 est.
1145 566 1148 570 ⁴
1203 551 1362 626 Ergo,
1389 569 1484 624 per
1504 558 1816 625 compositos

225 632 433 691 cantus,
453 632 629 699 grates
646 625 753 681 diis
774 635 932 698 atque
950 627 1125 698 ipsam
1146 627 1370 682 recentis
1388 644 1545 682 casus
1555 627 1816 684 fortunam

225 700 517 766 celebrans,
549 701 919 773 petiturusque
948 703 1114 757 maris
1139 701 1364 756 Hadriae
1388 703 1652 767 traiectus,
1677 705 1819 774 apud

224 778 585 834 Beneventum
605 776 817 831 interim
834 776 1096 832 consedit:
1120 776 1215 832 uhi
1228 776 1602 850 gladiatorium
1619 795 1818 833 munus

225 870 255 907 a
275 851 486 908 Vatinio
514 849 723 907 celebre
746 849 1013 907 edebatur.
1094 851 1341 907 Vatinius
1357 853 1496 908 inter
1513 850 1817 908 foedissima

225 927 345 982 eius
362 925 513 982 aulae
531 933 729 981 ostenta
751 924 870 991 fuit,
894 927 1131 982 sutrinae
1150 927 1396 983 tabernae
1412 927 1687 995 alumnus,
1706 945 1820 982 cor-

224 1018 352 1074 pore
369 1001 585 1067 detorto,
610 1001 810 1056 facetiis
828 1001 1174 1059 scurrilibus:
1201 1004 1375 1074 primo
1394 1003 1453 1060 in
1473 1003 1819 1059 contumelias

225 1077 568 1149 adsumptus;
609 1075 802 1132 deinde
838 1077 1025 1148 optimi
1065 1078 1331 1150 cuiusque
1366 1079 1733 1134 criminatione
1758 1096 1820 1134 eo
1892 1129 1912 1151 ,

225 1169 401 1226 usque
424 1150 609 1218 valuit,
641 1159 702 1207 ut
715 1153 902 1228 gratia,
934 1153 1180 1224 pecunia,
1203 1153 1260 1210 vi
1279 1152 1504 1209 nocendi
1522 1154 1682 1210 etiam
1705 1170 1819 1208 ma-

224 1226 304 1284 los
322 1229 691 1302 praemineret.

333 1307 419 1360 35.
458 1305 593 1360 Eius
619 1320 820 1358 munus
848 1300 1203 1373 frequentanti
1231 1304 1426 1358 Neroni
1477 1320 1547 1358 ne
1568 1303 1704 1360 inter
1725 1323 1820 1360 vo-

226 1380 453 1452 luptates
470 1379 697 1451 quidem
712 1395 741 1432 a
762 1375 1052 1431 sceleribus
1078 1377 1400 1434 cessabatur.
1443 1379 1637 1432 lisdem
1658 1379 1818 1451 quip-

222 1473 290 1528 pe
318 1454 429 1510 illis
458 1453 647 1508 diebus
666 1453 965 1524 Torquatus
985 1450 1200 1506 Silanus
1229 1453 1364 1507 mori
1392 1451 1644 1527 adigitur,
1667 1455 1816 1525 quia,

223 1547 387 1603 super
416 1529 600 1585 Iuniae
631 1527 863 1583 familiae
890 1525 1282 1595 claritudinem,
1307 1527 1362 1582 d.
1384 1524 1692 1602 Augustum
1709 1536 1820 1583 ata-

224 1623 358 1660 vum
394 1604 608 1659 ferebat.
686 1603 827 1657 Iussi
874 1601 1208 1657 adcusatores
1250 1602 1478 1658 obiicere
1491 1644 1505 1668 ,
1541 1608 1820 1673 prodigum

226 1684 620 1749 larqitionibus,
660 1694 821 1747 neque
856 1680 1019 1732 aliam
1053 1694 1193 1746 spem
1227 1696 1382 1747 quam
1409 1682 1468 1733 in
1494 1681 1647 1734 robus
1673 1684 1821 1735 πουὶε

224 1771 347 1809 esse.
429 1752 566 1819 Quin
594 1770 707 1806 eum
732 1756 965 1813 homines,
983 1756 1186 1816 habore,
1206 1770 1336 1824 quoa
1351 1756 1420 1809 ab
1437 1756 1666 1823 epistolis
1685 1763 1733 1809 et
1752 1758 1819 1810 li-

226 1832 373 1884 bellis
411 1837 459 1882 ot
496 1830 786 1881 rationibus
818 1829 1055 1896 adponet,
1096 1833 1307 1883 nomina
1332 1846 1560 1885 summae
1585 1847 1744 1885 curae
1771 1840 1820 1884 et

225 1908 603 1958 meditamenta.
666 1902 807 1957 Tum
826 1902 1050 1957 intimus
1069 1903 1304 1977 quisque
1323 1902 1633 1959 libertorum
1653 1905 1818 1960 vincti

226 1978 555 2051 abreptique.
633 1976 719 2043 Et,
750 1994 874 2032 cum
906 1976 1172 2033 damnatio
1200 1978 1445 2046 instaret,
1476 1978 1817 2035 brachiorum

225 2071 391 2110 venas
410 2054 707 2125 Torquatus
726 2051 1036 2107 interscidit.
1097 2052 1393 2126 Secutaque
1411 2053 1636 2109 Neronis
1655 2054 1821 2111 oratio

223 2148 294 2186 ex
312 2146 481 2185 more:
525 2134 761 2198 quamvis
784 2138 977 2183 sontem
1004 2136 1053 2181 et
1069 2132 1351 2198 defensioni
1372 2132 1556 2183 mer-ito
1571 2132 1814 2198 diffisum,

224 2211 484 2261 victurum
511 2213 680 2259 tamen
704 2207 879 2273 fuisse,
909 2206 958 2258 εἰ
983 2205 1300 2258 clementiam
1317 2206 1507 2259 iudicia
1521 2211 1820 2273 exspectas-

224 2291 316 2337 set.

337 2354 419 2410 36.
462 2353 573 2409 Nee
608 2351 777 2408 multo
810 2358 949 2423 post,
990 2353 1188 2407 omissa
1224 2350 1283 2407 in
1320 2366 1572 2425 praesens
1595 2351 1816 2421 Achaia,

224 2431 464 2505 (caussae
500 2429 558 2483 in
596 2427 793 2482 incerto
831 2424 995 2499 fuere)
1034 2426 1224 2482 urbem
1263 2428 1475 2497 revisit3
1513 2429 1818 2501 provincias

226 2506 479 2569 Orientis,
510 2502 744 2559 maxime
760 2499 1085 2577 Aegyptum,
1114 2503 1328 2557 secretis
1348 2502 1819 2577 imaginationibus

226 2583 450 2657 agitans.
502 2576 719 2633 Dehinc
738 2575 905 2632 edicto
926 2576 1252 2642 testificatuS,
1275 2594 1377 2633 non
1395 2580 1600 2647 longam
1621 2584 1706 2635 sui
1722 2582 1818 2635 ab-

222 2659 460 2720 sentiam,
490 2663 539 2709 et
566 2660 750 2709 cuncta
778 2656 834 2707 in
860 2654 1128 2723 republica
1148 2656 1364 2721 perinde
1390 2656 1585 2709 inmota
1611 2672 1818 2733 acpro-

225 2749 381 2805 ερον-α
397 2734 539 2806 fore,-
576 2745 738 2803 super
756 2746 815 2785 ea
832 2726 1156 2807 profectione
1173 2727 1303 2785 adiit
1320 2726 1658 2802 Capitolium.
1703 2729 1822 2787 mio
