2081 3038
234 239 477 314 μιν.)
652 251 786 293 ms.
830 249 906 293 tv
964 247 1122 291 CAP.
1165 236 1407 294 62—64'.
1737 243 1826 296 481

236 347 499 406 muliebre
518 342 695 414 secus„
708 349 884 403 omnis
906 355 1068 412 aetas,
1080 347 1149 402 ob
1167 349 1618 424 propinquitatem
1639 349 1740 407 loci
1761 350 1838 406 ef·
1939 387 1944 392 -

236 424 441 480 fusius:
485 423 627 480 unde
652 422 866 497 gravior
900 421 1069 494 pestis
1097 420 1218 488 fuit,
1259 423 1488 484 conferta
1514 425 1671 492 mole,
1713 427 1837 482 dein

234 499 511 565 convulsa,
552 499 685 554 dum
712 496 821 552 ruit
840 497 1007 562 intuS,
1050 497 1218 551 autin
1239 499 1492 554 exteriora
1518 500 1834 558 effunditur:

234 576 669 648 immensamque
689 573 802 628 vim
824 570 1151 638 mortalium,
1169 573 1470 645 spectaculo
1486 574 1841 643 intentos‚aut

236 651 334 722 qui
354 651 559 705 circum
579 647 874 715 adstabant,
896 665 1152 720 praeceps
1170 647 1332 703 trahit
1351 653 1511 721 atque
1527 652 1713 721 operit.
1773 653 1841 706 Et

236 725 317 782 illi
347 725 591 798 quidem,
623 740 760 798 quos
788 723 1117 796 principium
1144 723 1340 799 stragis
1367 724 1425 779 in
1447 732 1671 781 mortem
1692 725 1842 781 adfli-

237 808 407 866 xerat,
429 807 491 855 ut
508 798 599 855 tali
620 807 777 866 sorte,
800 800 1095 855 cruciatum
1115 799 1365 874 effugere.
1417 799 1707 856 Miserandi
1728 818 1842 855 ma-

235 877 343 950 gis,
367 891 524 948 quoe,
548 875 771 948 abrupta
789 882 938 947 parte
954 876 1211 948 corporis,
1235 875 1474 931 nondum
1496 875 1604 931 vita
1625 875 1844 930 deseru-

237 957 375 1006 erat:
418 950 515 1023 qui
542 967 637 1023 per
662 951 806 1006 diem
834 951 981 1017 visu,
1009 967 1106 1023 per
1134 957 1341 1008 noctem
1363 949 1661 1007 ululatibus
1681 958 1734 1006 et
1748 969 1844 1026 ge-

238 1026 395 1091 mitu,
417 1026 670 1100 coniuges
691 1033 783 1081 aut
802 1025 998 1082 liberos
1019 1027 1323 1084 noscebant.
1393 1028 1505 1082 Iam
1523 1027 1681 1082 ceteri
1703 1025 1844 1081 fama

236 1099 417 1166 exciti,
441 1099 531 1156 hic
550 1100 783 1168 fratrem,
810 1103 1182 1176 propinquum
1201 1102 1311 1168 ille,
1341 1101 1481 1158 alius
1500 1110 1745 1176 parentes
1766 1102 1846 1157 la-

238 1177 483 1232 mentari.
548 1177 726 1233 Etiam
743 1195 997 1251 quorum,
1019 1179 1233 1234 diversa
1253 1179 1320 1234 de
1339 1195 1549 1245 caussa,
1573 1179 1732 1234 amici
1753 1186 1845 1234 aut

236 1250 521 1309 necessarii
540 1252 777 1318 aberant,
799 1270 993 1325 pavere
1012 1262 1219 1312 tamen:
1271 1255 1582 1328 nequedum
1601 1272 1846 1327 comper-

239 1333 310 1394 to,
333 1344 471 1401 quos
492 1325 584 1383 illa
604 1328 691 1384 vis
707 1327 1042 1400 perculisset,
1065 1329 1218 1385 latior
1237 1345 1305 1384 ex
1322 1330 1522 1386 incerto
1540 1339 1737 1386 metus.

346 1407 432 1459 63.
474 1402 544 1458 Ut
561 1419 782 1476 coepere
803 1403 1066 1459 dimoveri
1094 1404 1310 1472 obruta3
1353 1422 1648 1460 concursus
1666 1405 1732 1461 ad
1752 1423 1846 1462 ex·-

236 1478 445 1536 animos
481 1476 945 1551 complectentium
963 1521 975 1544 ‚
1015 1477 1405 1535 osculantium:
1448 1487 1499 1535 et
1535 1497 1694 1553 saepe
1733 1497 1847 1536 cer-

238 1562 438 1620 tamen,
461 1553 509 1609 si
534 1552 805 1610 oonmsior
825 1551 1005 1619 facies,
1028 1562 1081 1609 et
1099 1570 1196 1625 par
1217 1552 1406 1621 forma,
1419 1562 1510 1610 aut
1527 1562 1689 1621 aetas,
1703 1572 1847 1611 erro-

238 1648 353 1686 rem
383 1628 797 1703 agnoscentibus
825 1627 1033 1683 fecerat.
1116 1627 1520 1705 Quinquaginta
1553 1624 1725 1685 millia
1751 1630 1850 1687 ho-

238 1705 454 1762 minum
476 1718 537 1759 eo
561 1720 690 1759 casu
711 1703 978 1760 debilitata
999 1704 1084 1761 vel
1104 1704 1294 1761 obtrita
1321 1712 1480 1762 sunt:
1521 1713 1849 1781 cautumque

239 1782 297 1837 in
316 1786 594 1853 posterum
613 1780 1092 1847 senatusconsulto,
1122 1800 1185 1836 ne
1204 1784 1322 1851 quis
1339 1784 1716 1852 yladiatorium
1732 1800 1850 1837 mu-

240 1872 342 1909 nus
379 1858 565 1917 ederet,
606 1859 695 1909 eui
728 1860 899 1911 minor
934 1862 1434 1931 quadrinyentorum
1468 1860 1693 1913 millium
1736 1876 1848 1927 rea,-

240 1946 367 1983 neoe
409 1931 841 1997 amphitheatrum
877 1936 1243 2001 imponeretur,
1290 1937 1398 1989 nisi
1437 1936 1548 1989 solo
1583 1937 1852 2003 firmitatis

240 2012 520 2073 spectatae.
596 2002 793 2060 Atilius
832 2007 891 2063 in
925 2006 1180 2063 exsilium
1217 2016 1370 2064 actus
1397 2015 1496 2064 est.
1577 2008 1846 2073 Ceterum,

244 2079 351 2135 sub
371 2086 635 2134 recentem
644 2078 869 2147 cladem,
881 2089 1100 2153 patuere
1116 2100 1397 2157 procerum
1416 2084 1632 2151 domus,
1645 2083 1850 2140 fomen-

236 2164 293 2211 ta
314 2162 366 2209 et
380 2153 575 2210 medici
592 2156 798 2227 passim
814 2156 1072 2229 praebiti:
1095 2156 1306 2233 fuitque
1315 2156 1447 2215 urbs
1466 2176 1562 2233 per
1579 2158 1699 2215 illos
1712 2160 1847 2224 dies,

243 2246 578 2304 quamquam
598 2237 798 2287 maesta
818 2231 969 2298 faeie,
984 2241 1227 2289 veterum
1247 2233 1506 2290 institutis
1523 2234 1740 2300 similis,
1752 2238 1850 2307 qui

242 2322 438 2437 {pagna
458 2313 579 2379 post
596 2304 816 2381 proelia,
841 2308 1052 2363 saucios
1074 2306 1350 2385 largitione
1367 2318 1420 2366 et
1437 2324 1564 2365 cura
1584 2318 1854 2365 sustenta-

282 2389 392 2437 ant.
760 2396 766 2405 ·
1059 2402 1064 2411 ·

354 2458 439 2513 64.
480 2455 733 2514 Nondum
763 2472 824 2513 ea
850 2456 1025 2515 clades
1056 2458 1370 2525 exoleverat,
1411 2476 1536 2515 curn
1566 2458 1711 2535 ignis
1737 2461 1854 2516 vio-

244 2530 405 2589 lentia
427 2532 616 2589 urbem
634 2532 774 2589 ultra
794 2533 1012 2590 solitum
1034 2533 1242 2601 adfecit,
1256 2536 1443 2591 deusto
1457 2544 1634 2591 monte
1644 2534 1848 2593 Caelio:

242 2610 559 2680 feralemque
572 2626 771 2665 annum
789 2606 1046 2676 serebant,
1081 2619 1130 2665 et
1152 2614 1407 2665 ominibus
1423 2614 1660 2668 adversis
1675 2629 1853 2669 susce-

240 2692 391 2753 ptum
408 2688 646 2754 principe·
666 2690 939 2743 eonsilium
966 2690 1249 2749 absentiae,
1279 2686 1376 2759 qui
1401 2702 1518 2742 mos
1542 2686 1722 2763 vulgo,
1747 2688 1854 2750 for-

242 2758 387 2816 tuita
400 2758 466 2816 ad
484 2759 699 2835 culpam
718 2762 984 2820 trahentes
1000 2780 1012 2834 ;
1057 2762 1115 2818 ni
1135 2760 1329 2818 Caesar
1347 2760 1561 2821 obviam
1587 2764 1735 2830 isset,
1759 2764 1854 2819 tri—
