2081 3038
621 192 1047 247 AGRICOLA.
1088 192 1245 243 GAP.
1287 197 1368 242 11.
1410 196 1493 243 12.
1753 188 1852 243 279

257 298 416 356 miles
443 304 600 366 sunt3
640 313 739 353 seu
766 294 991 352 durante
1017 296 1242 371 originis
1263 298 1337 362 vi,
1360 314 1476 363 seu,
1499 301 1855 369 procurrenti-

260 375 437 432 busin
465 371 675 429 diversa
706 373 880 438 terris,
911 373 1107 444 positio
1126 372 1257 428 coeli
1276 373 1583 444 corporibus
1609 373 1849 429 habitum

259 450 419 505 dedit.
449 449 510 503 In
529 448 846 504 universum
869 455 1046 503 tamen
1070 449 1386 513 aestimanti,
1410 447 1590 503 Gallos
1610 451 1851 504 vicinum

259 524 434 581 solum
459 540 765 595 occupasse,
805 522 1058 579 credibile
1084 531 1182 579 est.
1260 524 1461 579 Eorum
1490 541 1637 578 sacra
1665 524 1854 595 depre-

258 599 478 664 hendaS,
501 598 940 671 superstitionum
961 601 1332 670 persuasione:
1361 593 1537 654 serm'o
1553 599 1698 654 haud
1712 600 1855 655 mul-

259 684 374 732 tum
395 674 657 739 diversus,
689 674 747 729 in
767 674 1116 746 deposcendis
1136 674 1389 747 periculis
1409 674 1591 729 eadem
1612 674 1850 740 audacia,

258 761 327 818 et,
351 751 447 806 ubi
465 750 743 814 advenere,
764 750 822 805 in
843 750 1195 807 detrectandis
1214 750 1398 806 eadem
1418 749 1663 805 formido.
1725 750 1853 805 Plus

257 835 435 883 tamen
473 825 693 881 ferociae
728 824 968 880 Britanni
1005 825 1329 897 praeferunt,
1360 834 1421 882 ut
1447 843 1585 898 quos
1614 825 1855 881 nondum

260 902 412 976 longa
449 918 556 973 pax
595 899 890 956 emollierit.
970 902 1107 957 Nam
1130 900 1311 958 Gallos
1349 918 1567 975 quoque
1601 902 1659 956 in
1697 900 1854 955 bellis

259 976 500 1033 floruisse
535 978 866 1048 accepimus:
908 993 1034 1033 mox
1072 979 1298 1051 segnitia
1328 995 1451 1032 cum
1481 977 1587 1033 otio
1614 976 1851 1044 intravit,

255 1054 452 1109 amissa
471 1053 668 1108 virtute
682 1053 880 1123 pariter
899 1068 960 1106 ac
980 1052 1236 1108 libertate.
1308 1051 1462 1119 Quod
1479 1052 1854 1107 Britannorum

253 1129 380 1185 olim
401 1129 560 1184 victis
578 1128 783 1185 evenit:
825 1129 983 1184 ceteri
1004 1136 1240 1194 manent,
1254 1127 1442 1201 quales
1454 1127 1594 1184 Galli
1616 1127 1850 1183 fuerunt.

366 1207 446 1261 ⁴2.
488 1204 549 1258 In
586 1202 761 1275 pedite
798 1203 990 1261 robur:
1050 1204 1313 1278 quaedam
1344 1204 1583 1259 nationes
1610 1211 1663 1259 et
1689 1220 1853 1258 curru

253 1279 593 1352 proeliantur.
669 1278 946 1334 Honestior
978 1281 1191 1353 auriga,
1243 1279 1460 1334 clientes
1492 1286 1849 1353 propugnant.

255 1355 398 1409 Olim
426 1352 646 1426 regiBus
671 1352 945 1423 parebant,
969 1371 1114 1408 nunc
1131 1371 1225 1425 per
1244 1354 1513 1425 principes
1536 1354 1853 1409 factionibus

256 1438 306 1485 et
324 1428 517 1485 studiis
537 1427 840 1482 trahuntur.
919 1427 1027 1483 Nec
1046 1427 1192 1482 aliud
1218 1427 1473 1483 adversus
1492 1428 1854 1483 validissimas

253 1512 438 1580 gentes
466 1521 564 1576 pro
589 1502 744 1558 nobis
774 1501 983 1568 utiliuS,
1017 1521 1181 1576 quam
1210 1502 1352 1575 quod
1368 1504 1425 1558 in
1444 1521 1728 1559 commune
1750 1523 1855 1560 non

255 1578 560 1637 consulunt.
638 1578 810 1633 Rarus
831 1577 1044 1634 duabus
1065 1579 1305 1634 tribusve
1322 1579 1627 1635 civitatibus
1647 1579 1714 1635 ad
1734 1597 1857 1651 pro-

255 1654 583 1732 pulsandum
601 1671 887 1710 commune
910 1653 1211 1726 periculum
1229 1663 1540 1711 conventus.
1601 1656 1695 1721 Ita,
1721 1656 1853 1710 dum

255 1730 457 1806 singuli
478 1737 738 1803 pugnant,
760 1730 1004 1785 universi
1023 1731 1333 1786 vincuntur.
1413 1730 1631 1787 Coelum
1652 1731 1853 1786 crebris

259 1806 523 1863 imbribus
541 1823 604 1860 ac
625 1805 836 1861 nebulis
856 1805 1099 1863 foedum:
1129 1807 1384 1879 asperitas
1404 1805 1665 1881 frigorum
1684 1807 1851 1861 abest.

256 1885 474 1938 Dierum
497 1881 664 1953 spatia
687 1881 822 1936 ultra
847 1883 1012 1937 nostri
1031 1881 1177 1938 orbis
1196 1899 1525 1947 mensuram,
1550 1889 1601 1936 et
1619 1900 1725 1938 nox
1745 1881 1855 1936 cla-

256 1978 313 2014 ra
342 1965 394 2013 et
417 1964 648 2011 extrema
679 1956 979 2012 Britanniae
1005 1965 1155 2030 parte
1182 1958 1381 2023 brevis,
1423 1965 1482 2013 ut
1511 1957 1671 2012 finem
1694 1966 1853 2030 atque

255 2034 470 2090 initium
503 2031 639 2087 lucis
668 2033 863 2106 exiguo
888 2032 1199 2088 discrimine
1224 2034 1599 2090 internosces„
1650 2032 1853 2100 Quodsi

255 2111 426 2166 nubes
445 2125 552 2164 non
570 2106 821 2174 officiant,
854 2107 1057 2179 adspici
1078 2126 1172 2179 per
1191 2117 1393 2164 noctem
1414 2107 1543 2164 solis
1564 2107 1850 2183 fulgorem,

254 2204 353 2243 nec
367 2183 605 2241 occidere
624 2190 674 2238 et
692 2200 999 2258 exsurgere,
1021 2184 1119 2238 sed
1139 2185 1362 2240 transire
1380 2184 1681 2240 adfirmant.
1739 2183 1855 2238 Sci-

253 2263 375 2320 licet
403 2266 638 2316 extrema
665 2268 716 2315 et
742 2259 901 2333 plana
937 2266 1219 2326 terrarum,
1264 2260 1462 2315 humili
1493 2260 1704 2326 umbra,
1747 2277 1853 2315 non

159 2375 168 2384 ·
255 2339 468 2412 erigunt
493 2334 755 2400 tenebras,
787 2334 1035 2408 infraque
1069 2334 1273 2392 coelum
1303 2344 1354 2390 et
1373 2336 1545 2391 sidera
1566 2353 1673 2392 nox
1692 2335 1848 2390 cadit.

255 2413 458 2478 Solum,
498 2418 704 2485 praeter
731 2409 903 2468 oleam
931 2411 1206 2484 vitemque
1238 2419 1290 2467 et
1317 2419 1485 2466 cetera
1506 2410 1853 2467 calidioribus

255 2489 410 2546 terris
427 2486 557 2544 oriri
575 2495 744 2554 sueta,
785 2487 991 2560 patiens
1011 2485 1251 2562 frugum,
1296 2486 1604 2543 fecundum.
1684 2486 1853 2544 Tarde

256 2565 560 2630 mitescunt,
573 2564 678 2621 cito
694 2563 1034 2638 proveniunt.
1073 2563 1275 2620 Eadem
1294 2564 1579 2636 utriusque
1597 2563 1676 2619 rei
1696 2579 1852 2618 catis-

256 2658 337 2707 sa,
368 2638 573 2696 multus
600 2640 796 2697 humor
822 2647 1084 2696 terrarum
1104 2638 1362 2713 coelique.
1440 2639 1563 2695 Fert
1579 2639 1849 2695 Britannia

258 2733 451 2778 aurum
475 2723 530 2772 et
552 2725 832 2796 argentum
860 2723 912 2774 et
935 2713 1038 2777 alia
1057 2714 1287 2782 metalla,
1326 2715 1556 2791 pretium
1578 2715 1845 2774 victoriae.
