2081 3038
269 233 400 286 ·232
860 237 1339 284 ANNALIUM
1632 232 1921 303 (mmmm

295 339 494 410 opilius
523 345 732 404 auctus,
765 335 971 392 bellum
1001 345 1247 394 renova-t:
1288 345 1610 411 coactusque
1640 339 1927 396 Vardanes

295 415 539 543 onliittere
547 412 866 480 Seleuciam,
879 414 1185 470 Bactrianos
1206 413 1351 485 apud
1368 430 1585 487 campos
1602 422 1928 472 castracon-

300 497 355 544 tu
380 490 438 544 it.
461 541 481 557 ,

407 567 458 618 9.
502 564 672 629 Tunc,
696 563 964 620 distractis
985 563 1221 621 Orientis
1240 565 1472 631 viribus,
1494 573 1808 639 et,quonam
1823 567 1927 622 in-

296 640 576 704 clinarent,
589 639 824 705 incertis,
848 657 1008 695 casus
1025 640 1320 696 Mithridati
1336 640 1495 702 datus
1512 649 1595 696 est
1610 641 1927 712 occupandi

295 715 630 781 Armeniam,
643 715 698 770 vi
719 714 908 770 militis
927 716 1154 770 Romani
1173 715 1242 771 ad
1260 716 1551 782 excidenda
1566 715 1923 772 castellorum

262 823 268 832 ·
294 791 484 857 ardua,
507 789 672 845 simul
703 790 856 846 Ibero
871 792 1112 846 exercitu
1130 809 1347 863 campos
1370 790 1719 863 persultante.
1799 792 1926 847 Nee

295 867 444 922 enim
463 867 710 922 resistere
727 867 992 932 Armenii,
1021 865 1163 932 fuso,
1184 866 1283 940 qui
1302 865 1569 939 proelium
1588 884 1757 922 ausus
1776 876 1916 932 erat,

297 943 613 998 Demonacte
640 940 922 1012 praefecto.
1003 940 1314 998 Paullulum
1346 943 1697 998 cunctationis
1718 941 1922 999 adtulit

295 1035 392 1072 rex
431 1017 656 1072 minoris
695 1016 982 1072 Armeniae
1011 1017 1195 1092 Cotys,
1235 1018 1408 1074 versis
1426 1017 1560 1072 illuc
1577 1017 1915 1090 quibusdam

299 1109 604 1162 procerum;
645 1090 770 1147 dein
813 1091 1002 1148 litteris
1029 1092 1272 1148 Caesaris
1309 1094 1597 1160 coercitus;
1641 1101 1693 1148 et
1714 1101 1918 1148 cuncta

297 1169 354 1222 in
393 1165 754 1222 Mithridatem
781 1165 1004 1233 fluxere,
1027 1168 1357 1235 atrociorem,
1388 1184 1557 1241 quam
1586 1185 1727 1224 novo
1744 1185 1919 1242 regno

296 1241 629 1298 conduceret.
709 1242 778 1297 At
805 1244 985 1298 Parthi
1015 1244 1381 1316 imperatores,
1404 1261 1531 1300 cum
1590 1261 1629 1299 u
1704 1261 1793 1298 am
1810 1259 1919 1316 pa-

297 1325 492 1382 rarent,
517 1315 703 1372 foedus
723 1325 940 1389 repente
956 1319 1150 1385 iciunt,
1162 1319 1389 1393 cognitis
1408 1261 1609 1392 pepusa
1660 1333 1755 1374 um
1771 1319 1918 1374 insi-

293 1393 423 1458 diis,
465 1409 602 1465 quas
641 1393 896 1450 Gotarzes
933 1393 1085 1449 fratri
1122 1393 1463 1467 patefecerat:
1524 1395 1917 1469 congressique

297 1470 472 1542 primo
502 1476 826 1536 cunctanter,
861 1469 1055 1526 deinde
1073 1467 1338 1542 complexi
1358 1470 1591 1537 dextras,
1614 1469 1759 1546 apud
1776 1469 1919 1527 alta-

295 1546 376 1601 ria
403 1545 566 1604 deum
592 1547 864 1619 pepigere,
897 1550 1141 1616 fraudem
1168 1550 1503 1601 inimicorum
1522 1550 1728 1610 ulcisci,
1750 1555 1917 1617 atque

295 1627 399 1689 ipsi
419 1625 560 1676 inter.
573 1638 629 1675 ae
649 1626 938 1677 concedere.
1009 1622 1297 1693 Potiorque
1313 1620 1585 1677 Vardanes
1605 1621 1761 1677 visus
1779 1624 1909 1678 reti·

297 1695 472 1749 nendo
499 1712 694 1768 regno:
737 1702 792 1750 at
819 1695 1095 1761 Gotarzes,
1122 1713 1193 1751 ne
1215 1696 1353 1769 quid
1369 1696 1745 1753 aemulationis
1758 1699 1913 1754 exsi-

294 1777 472 1833 steret,
495 1769 712 1840 penitus
732 1770 792 1825 in
810 1770 1134 1843 Hyrcaniam
1155 1770 1305 1827 abiit.
1383 1772 1757 1847 Regi-esseque
1772 1773 1914 1830 Var-

294 1844 421 1898 dani
448 1842 662 1898 deditur
689 1842 950 1911 Seleucia,
980 1846 1210 1917 septimo
1228 1852 1349 1919 post
1366 1846 1714 1904 defectionem
1732 1866 1909 1919 anno;

297 1935 402 2049 nfn
421 1918 542 1973 sine
558 1918 814 1975 dedecore
831 1920 1170 1988 Parthorum,
1202 1940 1341 1996 quos
1364 1940 1472 1981 una
1490 1922 1681 1980 civitas
1699 1924 1912 1981 tamdiu

296 2012 328 2049 e
351 2001 545 2049 userat.

407 2073 488 2124 ⁴0.
531 2069 674 2125 Exin
696 2069 1060 2145 validissimas
1078 2072 1438 2144 praefecturas
1456 2074 1673 2131 invasit.
1733 2073 1803 2131 Et
1822 2094 1913 2132 re-

293 2146 532 2216 ciperare
555 2144 867 2203 Armeniam
887 2146 1094 2212 avebat,
1118 2148 1181 2205 ni'
1196 2166 1227 2203 a
1246 2149 1405 2205 Vibio
1424 2148 1599 2206 Marso
1622 2149 1812 2225 Syriae
1832 2152 1913 2207 ie-

291 2228 434 2293 gato,
457 2220 661 2277 bellum
679 2220 984 2300 minitante,
1007 2222 1277 2278 cohibitus
1298 2222 1446 2280 foret.
1492 2223 1671 2297 Atque
1686 2225 1909 2282 interim

293 2296 566 2361 Gotarzes,
589 2296 910 2367 poenitentia
929 2299 1169 2353 concessi
1188 2299 1361 2373 regni,
1384 2308 1437 2355 et
1454 2308 1734 2356 revocante
1750 2302 1912 2356 nobi-

295 2370 456 2437 litate,
485 2371 579 2430 cui
606 2372 664 2427 in
685 2388 816 2443 pace
833 2370 1026 2427 durius
1046 2374 1329 2429 servitium
1350 2381 1450 2440 est,
1472 2375 1735 2433 contrahit
1758 2378 1913 2447 copi-

291 2448 370 2501 as.
441 2446 510 2503 Et
530 2446 662 2503 huic
677 2454 860 2504 contra
879 2448 1016 2502 itum
1037 2447 1107 2503 ad
1124 2466 1343 2504 amnem
1359 2450 1626 2505 Erinden:
1667 2450 1727 2504 in
1744 2452 1911 2507 cuius

293 2528 632 2594 transgressu
651 2521 890 2579 multum
909 2530 1125 2590 certato,
1145 2524 1913 2598 pervicitvardanesfflrospe-

291 2596 477 2666 risque
505 2594 724 2667 proeliis
756 2596 960 2653 medias
981 2599 1224 2654 nationes
1238 2598 1458 2673 subegit
1473 2598 1542 2653 ad
1560 2596 1761 2654 flumen
1780 2598 1913 2659 Sin-

289 2667 414 2733 den,
435 2672 584 2741 quod
601 2670 777 2729 Dahas
795 2672 1063 2745 Ariosque
1078 2673 1431 2728 disterminat.
1502 2674 1583 2728 lbi
1604 2673 1802 2731 modus
1822 2692 1913 2731 re-

289 2740 396 2795 bus
414 2747 668 2801 secundis
689 2748 916 2819 positus.
996 2748 1135 2801 Nam
1152 2746 1355 2812 Parthi,
1382 2764 1717 2827 quamquam
1740 2750 1913 2807 victo-
