<?xml version="1.0" encoding="UTF-8"?>
<!DOCTYPE html PUBLIC "-//W3C//DTD XHTML 1.0 Transitional//EN"
    "http://www.w3.org/TR/xhtml1/DTD/xhtml1-transitional.dtd">
<html xmlns="http://www.w3.org/1999/xhtml" xml:lang="en" lang="en">
 <head>
  <title>
</title>
<meta http-equiv="Content-Type" content="text/html;charset=utf-8" />
  <meta name='ocr-system' content='tesseract 3.04.00' />
  <meta name='ocr-capabilities' content='ocr_page ocr_carea ocr_par ocr_line ocrx_word'/>
</head>
<body>
  <div class='ocr_page' id='page_1' title='image "./operaquoadextan03tacigoog_0413.png"; bbox 0 0 2081 3038; ppageno 0'>
   <div class='ocr_carea' id='block_1_1' title="bbox 182 230 1778 315">
    <p class='ocr_par' dir='ltr' id='par_1_1' title="bbox 182 230 1778 315">
     <span class='ocr_line' id='line_1_1' title="bbox 182 230 1778 315; baseline 0.001 -26"><span class='ocrx_word' id='word_1_1' title='bbox 182 230 426 306; x_wconf 59' lang='lat' dir='ltr'><strong><em>rem.)</em></strong></span> <span class='ocrx_word' id='word_1_2' title='bbox 545 241 701 286; x_wconf 71' lang='lat' dir='ltr'><strong><em>Lm.</em></strong></span> <span class='ocrx_word' id='word_1_3' title='bbox 743 236 892 315; x_wconf 67' lang='lat' dir='ltr'>xv1.</span> <span class='ocrx_word' id='word_1_4' title='bbox 936 244 1114 290; x_wconf 60' lang='lat' dir='ltr'><strong><em>aar.</em></strong></span> <span class='ocrx_word' id='word_1_5' title='bbox 1158 245 1404 291; x_wconf 75' lang='lat'><strong>25—-27,</strong></span> <span class='ocrx_word' id='word_1_6' title='bbox 1681 238 1778 292; x_wconf 71' lang='lat'><strong><em>4⁴5</em></strong></span> 
     </span>
    </p>
   </div>
   <div class='ocr_carea' id='block_1_2' title="bbox 169 340 1853 2830">
    <p class='ocr_par' dir='ltr' id='par_1_2' title="bbox 177 340 1853 944">
     <span class='ocr_line' id='line_1_2' title="bbox 180 340 1783 414; baseline 0.002 -16"><span class='ocrx_word' id='word_1_7' title='bbox 180 344 384 399; x_wconf 79' lang='lat' dir='ltr'><strong><em>curiam</em></strong></span> <span class='ocrx_word' id='word_1_8' title='bbox 412 340 669 414; x_wconf 83' lang='lat' dir='ltr'>placebat,</span> <span class='ocrx_word' id='word_1_9' title='bbox 701 359 912 399; x_wconf 85' lang='lat' dir='ltr'><strong><em>securos</em></strong></span> <span class='ocrx_word' id='word_1_10' title='bbox 937 362 1043 399; x_wconf 87' lang='lat' dir='ltr'><strong><em>esse</em></strong></span> <span class='ocrx_word' id='word_1_11' title='bbox 1070 348 1133 399; x_wconf 87' lang='lat' dir='ltr'><strong><em>de</em></strong></span> <span class='ocrx_word' id='word_1_12' title='bbox 1162 351 1452 401; x_wconf 81' lang='lat' dir='ltr'><strong><em>constantia</em></strong></span> <span class='ocrx_word' id='word_1_13' title='bbox 1478 352 1604 412; x_wconf 82' lang='lat' dir='ltr'><strong><em>eius,</em></strong></span> <span class='ocrx_word' id='word_1_14' title='bbox 1630 346 1783 403; x_wconf 88' lang='lat' dir='ltr'><strong><em>dixe-</em></strong></span> 
     </span>
     <span class='ocr_line' id='line_1_3' title="bbox 180 422 1853 493; baseline 0.001 -18"><span class='ocrx_word' id='word_1_15' title='bbox 180 428 330 475; x_wconf 88' lang='lat' dir='ltr'><strong><em>runt:</em></strong></span> <span class='ocrx_word' id='word_1_16' title='bbox 374 422 507 473; x_wconf 77' lang='lat' dir='ltr'><strong><em>nihil</em></strong></span> <span class='ocrx_word' id='word_1_17' title='bbox 525 422 803 483; x_wconf 82' lang='lat' dir='ltr'><strong><em>dicturum,</em></strong></span> <span class='ocrx_word' id='word_1_18' title='bbox 825 422 930 474; x_wconf 88' lang='lat' dir='ltr'><strong><em>nisi</em></strong></span> <span class='ocrx_word' id='word_1_19' title='bbox 948 436 1050 490; x_wconf 84' lang='lat' dir='ltr'><strong><em>quo</em></strong></span> <span class='ocrx_word' id='word_1_20' title='bbox 1066 422 1291 491; x_wconf 73' lang='lat' dir='ltr'><strong><em>qloriam</em></strong></span> <span class='ocrx_word' id='word_1_21' title='bbox 1308 430 1533 491; x_wconf 75' lang='lat' dir='ltr'><strong><em>auqeret.</em></strong></span> <span class='ocrx_word' id='word_1_22' title='bbox 1592 422 1784 493; x_wconf 73' lang='lat' dir='ltr'><strong><em>Seynes</em></strong></span> <span class='ocrx_word' id='word_1_23' title='bbox 1848 480 1853 485; x_wconf 60' lang='grc'>,</span> 
     </span>
     <span class='ocr_line' id='line_1_4' title="bbox 180 495 1783 567; baseline 0.002 -19"><span class='ocrx_word' id='word_1_24' title='bbox 180 504 228 550; x_wconf 87' lang='lat' dir='ltr'><strong><em>et</em></strong></span> <span class='ocrx_word' id='word_1_25' title='bbox 241 495 462 564; x_wconf 80' lang='lat' dir='ltr'><strong><em>pavidos</em></strong></span> <span class='ocrx_word' id='word_1_26' title='bbox 489 500 744 563; x_wconf 75' lang='lat' dir='ltr'><strong><em>supremis</em></strong></span> <span class='ocrx_word' id='word_1_27' title='bbox 769 498 880 549; x_wconf 83' lang='lat' dir='ltr'><strong><em>suis</em></strong></span> <span class='ocrx_word' id='word_1_28' title='bbox 903 504 1155 551; x_wconf 86' lang='lat' dir='ltr'><strong><em>secretum</em></strong></span> <span class='ocrx_word' id='word_1_29' title='bbox 1176 502 1516 564; x_wconf 85' lang='lat' dir='ltr'><strong><em>circumdare.</em></strong></span> <span class='ocrx_word' id='word_1_30' title='bbox 1592 498 1783 567; x_wconf 79' lang='lat' dir='ltr'><strong><em>Adspi-</em></strong></span> 
     </span>
     <span class='ocr_line' id='line_1_5' title="bbox 181 572 1783 641; baseline 0.002 -16"><span class='ocrx_word' id='word_1_31' title='bbox 181 579 316 625; x_wconf 84' lang='lat' dir='ltr'><strong><em>ceret</em></strong></span> <span class='ocrx_word' id='word_1_32' title='bbox 339 572 566 639; x_wconf 80' lang='lat' dir='ltr'><strong><em>populus</em></strong></span> <span class='ocrx_word' id='word_1_33' title='bbox 590 574 762 625; x_wconf 79' lang='lat' dir='ltr'><strong><em>virum</em></strong></span> <span class='ocrx_word' id='word_1_34' title='bbox 781 574 939 625; x_wconf 87' lang='lat' dir='ltr'><strong><em>morti</em></strong></span> <span class='ocrx_word' id='word_1_35' title='bbox 967 572 1199 641; x_wconf 82' lang='lat' dir='ltr'><strong><em>obvium;</em></strong></span> <span class='ocrx_word' id='word_1_36' title='bbox 1236 576 1443 627; x_wconf 85' lang='lat' dir='ltr'><strong><em>audiret</em></strong></span> <span class='ocrx_word' id='word_1_37' title='bbox 1459 581 1668 629; x_wconf 83' lang='lat' dir='ltr'><strong><em>senatus</em></strong></span> <span class='ocrx_word' id='word_1_38' title='bbox 1689 590 1783 629; x_wconf 87' lang='grc' dir='ltr'><strong><em>υο-</em></strong></span> 
     </span>
     <span class='ocr_line' id='line_1_6' title="bbox 183 646 1785 717; baseline 0.001 -16"><span class='ocrx_word' id='word_1_39' title='bbox 183 664 277 710; x_wconf 85' lang='lat' dir='ltr'><strong><em>ees,</em></strong></span> <span class='ocrx_word' id='word_1_40' title='bbox 301 651 456 715; x_wconf 74' lang='lat' dir='ltr'><strong><em>quasi</em></strong></span> <span class='ocrx_word' id='word_1_41' title='bbox 474 654 544 701; x_wconf 69' lang='lat' dir='ltr'><strong><em>ex</em></strong></span> <span class='ocrx_word' id='word_1_42' title='bbox 562 646 742 715; x_wconf 80' lang='lat' dir='ltr'><strong><em>aliquo</em></strong></span> <span class='ocrx_word' id='word_1_43' title='bbox 759 650 982 710; x_wconf 86' lang='lat' dir='ltr'><strong><em>numine,</em></strong></span> <span class='ocrx_word' id='word_1_44' title='bbox 1003 664 1170 717; x_wconf 79' lang='lat' dir='ltr'><strong><em>supra</em></strong></span> <span class='ocrx_word' id='word_1_45' title='bbox 1188 650 1471 703; x_wconf 78' lang='lat' dir='ltr'><strong><em>humanas:</em></strong></span> <span class='ocrx_word' id='word_1_46' title='bbox 1500 664 1653 717; x_wconf 82' lang='lat' dir='ltr'><strong><em>posse</em></strong></span> <span class='ocrx_word' id='word_1_47' title='bbox 1671 652 1785 717; x_wconf 83' lang='lat' dir='ltr'><strong><em>ipso</em></strong></span> 
     </span>
     <span class='ocr_line' id='line_1_7' title="bbox 177 720 1787 790; baseline 0.001 -15"><span class='ocrx_word' id='word_1_48' title='bbox 177 724 436 776; x_wconf 85' lang='lat' dir='ltr'><strong><em>miraculo</em></strong></span> <span class='ocrx_word' id='word_1_49' title='bbox 455 726 612 777; x_wconf 83' lang='lat' dir='ltr'><strong><em>etia-m</em></strong></span> <span class='ocrx_word' id='word_1_50' title='bbox 629 720 886 777; x_wconf 81' lang='lat' dir='ltr'><strong><em>Neronem</em></strong></span> <span class='ocrx_word' id='word_1_51' title='bbox 895 726 1204 790; x_wconf 78' lang='lat' dir='ltr'><strong><em>permoveri.</em></strong></span> <span class='ocrx_word' id='word_1_52' title='bbox 1262 722 1361 778; x_wconf 89' lang='lat' dir='ltr'><strong><em>Sin</em></strong></span> <span class='ocrx_word' id='word_1_53' title='bbox 1381 725 1685 778; x_wconf 69' lang='lat' dir='ltr'><strong><em>crudelitati</em></strong></span> <span class='ocrx_word' id='word_1_54' title='bbox 1701 728 1787 778; x_wconf 87' lang='lat' dir='ltr'><strong><em>in·-</em></strong></span> 
     </span>
     <span class='ocr_line' id='line_1_8' title="bbox 178 800 1787 869; baseline 0.001 -19"><span class='ocrx_word' id='word_1_55' title='bbox 178 801 398 861; x_wconf 83' lang='lat' dir='ltr'><strong><em>sisteret,</em></strong></span> <span class='ocrx_word' id='word_1_56' title='bbox 428 800 680 866; x_wconf 69' lang='lat' dir='ltr'><strong><em>distinqui</em></strong></span> <span class='ocrx_word' id='word_1_57' title='bbox 709 805 844 851; x_wconf 85' lang='lat' dir='ltr'><strong><em>certe</em></strong></span> <span class='ocrx_word' id='word_1_58' title='bbox 861 802 1005 865; x_wconf 79' lang='lat' dir='ltr'><strong><em>apud</em></strong></span> <span class='ocrx_word' id='word_1_59' title='bbox 1017 808 1255 869; x_wconf 83' lang='lat' dir='ltr'><strong><em>posteros</em></strong></span> <span class='ocrx_word' id='word_1_60' title='bbox 1270 803 1571 855; x_wconf 73' lang='lat' dir='ltr'><strong><em>memoriam</em></strong></span> <span class='ocrx_word' id='word_1_61' title='bbox 1589 800 1787 854; x_wconf 72' lang='lat' dir='ltr'><strong><em>lione-sti</em></strong></span> 
     </span>
     <span class='ocr_line' id='line_1_9' title="bbox 180 872 1420 944; baseline 0.002 -17"><span class='ocrx_word' id='word_1_62' title='bbox 180 876 354 927; x_wconf 74' lang='lat' dir='ltr'><strong><em>exitus</em></strong></span> <span class='ocrx_word' id='word_1_63' title='bbox 373 874 441 926; x_wconf 85' lang='lat' dir='ltr'><strong><em>ab</em></strong></span> <span class='ocrx_word' id='word_1_64' title='bbox 459 875 674 941; x_wconf 74' lang='lat' dir='ltr'><strong><em>iynavia</em></strong></span> <span class='ocrx_word' id='word_1_65' title='bbox 683 880 784 941; x_wconf 78' lang='lat' dir='ltr'><strong><em>per</em></strong></span> <span class='ocrx_word' id='word_1_66' title='bbox 800 872 1071 941; x_wconf 34' lang='lat' dir='ltr'><strong><em>silentium·</em></strong></span> <span class='ocrx_word' id='word_1_67' title='bbox 1074 877 1420 944; x_wconf 82' lang='lat' dir='ltr'><strong><em>pereuntium.</em></strong></span> 
     </span>
    </p>

    <p class='ocr_par' dir='ltr' id='par_1_3' title="bbox 170 944 1787 2682">
     <span class='ocr_line' id='line_1_10' title="bbox 289 944 1786 1021; baseline -0.001 -16"><span class='ocrx_word' id='word_1_68' title='bbox 289 950 376 1005; x_wconf 77' lang='lat'><strong><em>26.</em></strong></span> <span class='ocrx_word' id='word_1_69' title='bbox 420 946 630 1013; x_wconf 81' lang='lat' dir='ltr'><strong>Contra,</strong></span> <span class='ocrx_word' id='word_1_70' title='bbox 673 948 771 1019; x_wconf 89' lang='lat' dir='ltr'><strong><em>qui</em></strong></span> <span class='ocrx_word' id='word_1_71' title='bbox 799 944 1185 1021; x_wconf 84' lang='lat' dir='ltr'><strong><em>opperiendum</em></strong></span> <span class='ocrx_word' id='word_1_72' title='bbox 1204 948 1350 1006; x_wconf 86' lang='lat' dir='ltr'><strong><em>domi</em></strong></span> <span class='ocrx_word' id='word_1_73' title='bbox 1371 948 1675 1015; x_wconf 78' lang='lat' dir='ltr'>censebant,</span> <span class='ocrx_word' id='word_1_74' title='bbox 1719 947 1786 1003; x_wconf 87' lang='lat' dir='ltr'><strong><em>de</em></strong></span> 
     </span>
     <span class='ocr_line' id='line_1_11' title="bbox 178 1022 1784 1095; baseline 0 -17"><span class='ocrx_word' id='word_1_75' title='bbox 178 1026 297 1095; x_wconf 87' lang='lat' dir='ltr'><strong><em>ipso</em></strong></span> <span class='ocrx_word' id='word_1_76' title='bbox 325 1022 558 1079; x_wconf 80' lang='lat' dir='ltr'><strong>Thrasea</strong></span> <span class='ocrx_word' id='word_1_77' title='bbox 585 1022 798 1078; x_wconf 87' lang='lat' dir='ltr'><strong><em>eadem:</em></strong></span> <span class='ocrx_word' id='word_1_78' title='bbox 839 1026 930 1079; x_wconf 83' lang='lat' dir='ltr'><strong><em>sed</em></strong></span> <span class='ocrx_word' id='word_1_79' title='bbox 947 1026 1178 1079; x_wconf 80' lang='lat' dir='ltr'><strong><em>ludibria</em></strong></span> <span class='ocrx_word' id='word_1_80' title='bbox 1204 1034 1253 1079; x_wconf 89' lang='lat' dir='ltr'><strong><em>et</em></strong></span> <span class='ocrx_word' id='word_1_81' title='bbox 1273 1028 1611 1082; x_wconf 81' lang='lat' dir='ltr'><strong><em>contumelias</em></strong></span> <span class='ocrx_word' id='word_1_82' title='bbox 1628 1028 1784 1080; x_wconf 80' lang='lat' dir='ltr'><strong><em>inmi-</em></strong></span> 
     </span>
     <span class='ocr_line' id='line_1_12' title="bbox 178 1098 1786 1171; baseline 0.001 -17"><span class='ocrx_word' id='word_1_83' title='bbox 178 1114 315 1154; x_wconf 78' lang='lat' dir='ltr'><strong><em>nere.</em></strong></span> <span class='ocrx_word' id='word_1_84' title='bbox 394 1098 732 1155; x_wconf 75' lang='lat' dir='ltr'><strong><em>subtraheret</em></strong></span> <span class='ocrx_word' id='word_1_85' title='bbox 745 1116 903 1154; x_wconf 88' lang='lat' dir='ltr'><strong><em>aures</em></strong></span> <span class='ocrx_word' id='word_1_86' title='bbox 923 1103 1171 1155; x_wconf 86' lang='lat' dir='ltr'><strong><em>conviciis</em></strong></span> <span class='ocrx_word' id='word_1_87' title='bbox 1190 1109 1239 1155; x_wconf 89' lang='lat' dir='ltr'><strong><em>et</em></strong></span> <span class='ocrx_word' id='word_1_88' title='bbox 1248 1104 1476 1171; x_wconf 78' lang='lat' dir='ltr'><strong><em>probris.</em></strong></span> <span class='ocrx_word' id='word_1_89' title='bbox 1554 1100 1674 1157; x_wconf 83' lang='lat' dir='ltr'><strong><em>Non</em></strong></span> <span class='ocrx_word' id='word_1_90' title='bbox 1698 1117 1786 1157; x_wconf 85' lang='lat' dir='ltr'><strong><em>so-</em></strong></span> 
     </span>
     <span class='ocr_line' id='line_1_13' title="bbox 183 1174 1785 1247; baseline 0.001 -20"><span class='ocrx_word' id='word_1_91' title='bbox 183 1178 286 1229; x_wconf 81' lang='lat' dir='ltr'><strong><em>lum</em></strong></span> <span class='ocrx_word' id='word_1_92' title='bbox 302 1174 664 1231; x_wconf 71' lang='lat' dir='ltr'><strong><em>Cossutianum</em></strong></span> <span class='ocrx_word' id='word_1_93' title='bbox 673 1182 768 1229; x_wconf 87' lang='lat' dir='ltr'><strong><em>aut</em></strong></span> <span class='ocrx_word' id='word_1_94' title='bbox 775 1174 994 1243; x_wconf 75' lang='lat' dir='ltr'><strong><em>Eprium</em></strong></span> <span class='ocrx_word' id='word_1_95' title='bbox 1013 1180 1087 1230; x_wconf 80' lang='lat' dir='ltr'><strong><em>ad</em></strong></span> <span class='ocrx_word' id='word_1_96' title='bbox 1102 1178 1271 1231; x_wconf 84' lang='lat' dir='ltr'><strong><em>scelus</em></strong></span> <span class='ocrx_word' id='word_1_97' title='bbox 1282 1186 1551 1247; x_wconf 82' lang='lat' dir='ltr'><strong><em>promptos</em></strong></span> <span class='ocrx_word' id='word_1_98' title='bbox 1563 1196 1580 1231; x_wconf 84' lang='grc'><strong><em>.-</em></strong></span> <span class='ocrx_word' id='word_1_99' title='bbox 1598 1192 1785 1247; x_wconf 83' lang='lat' dir='ltr'><strong><em>super-</em></strong></span> 
     </span>
     <span class='ocr_line' id='line_1_14' title="bbox 179 1253 1785 1323; baseline 0.001 -19"><span class='ocrx_word' id='word_1_100' title='bbox 179 1265 300 1315; x_wconf 85' lang='lat' dir='ltr'><strong><em>esse,</em></strong></span> <span class='ocrx_word' id='word_1_101' title='bbox 323 1255 418 1321; x_wconf 81' lang='lat' dir='ltr'><strong><em>qui</em></strong></span> <span class='ocrx_word' id='word_1_102' title='bbox 427 1254 659 1323; x_wconf 74' lang='lat' dir='ltr'><strong><em>forsitan</em></strong></span> <span class='ocrx_word' id='word_1_103' title='bbox 675 1266 862 1307; x_wconf 87' lang='lat' dir='ltr'><strong><em>manus</em></strong></span> <span class='ocrx_word' id='word_1_104' title='bbox 879 1253 1113 1321; x_wconf 82' lang='lat' dir='ltr'><strong><em>ictusque</em></strong></span> <span class='ocrx_word' id='word_1_105' title='bbox 1126 1269 1226 1320; x_wconf 83' lang='lat' dir='ltr'><strong><em>per</em></strong></span> <span class='ocrx_word' id='word_1_106' title='bbox 1246 1256 1604 1309; x_wconf 82' lang='lat' dir='ltr'><strong><em>inmanitatem</em></strong></span> <span class='ocrx_word' id='word_1_107' title='bbox 1621 1268 1785 1309; x_wconf 84' lang='lat' dir='ltr'><strong><em>ausu-</em></strong></span> 
     </span>
     <span class='ocr_line' id='line_1_15' title="bbox 176 1326 1781 1400; baseline 0 -19"><span class='ocrx_word' id='word_1_108' title='bbox 176 1330 258 1381; x_wconf 81' lang='lat' dir='ltr'><strong><em>ri:</em></strong></span> <span class='ocrx_word' id='word_1_109' title='bbox 284 1328 456 1382; x_wconf 69' lang='lat' dir='ltr'><strong><em>‘etiam</em></strong></span> <span class='ocrx_word' id='word_1_110' title='bbox 475 1329 630 1382; x_wconf 85' lang='lat' dir='ltr'><strong><em>bonos</em></strong></span> <span class='ocrx_word' id='word_1_111' title='bbox 647 1332 782 1381; x_wconf 77' lang='lat' dir='ltr'><strong><em>metu</em></strong></span> <span class='ocrx_word' id='word_1_112' title='bbox 800 1330 964 1395; x_wconf 82' lang='lat' dir='ltr'><strong><em>sequi.</em></strong></span> <span class='ocrx_word' id='word_1_113' title='bbox 1044 1326 1352 1383; x_wconf 75' lang='lat' dir='ltr'><strong><em>Detraheret</em></strong></span> <span class='ocrx_word' id='word_1_114' title='bbox 1363 1332 1543 1400; x_wconf 79' lang='lat' dir='ltr'><strong><em>potius</em></strong></span> <span class='ocrx_word' id='word_1_115' title='bbox 1559 1332 1781 1393; x_wconf 87' lang='lat' dir='ltr'><strong><em>senatui,</em></strong></span> 
     </span>
     <span class='ocr_line' id='line_1_16' title="bbox 177 1404 1785 1473; baseline 0 -18"><span class='ocrx_word' id='word_1_116' title='bbox 177 1420 327 1471; x_wconf 79' lang='lat' dir='ltr'><strong><em>quem</em></strong></span> <span class='ocrx_word' id='word_1_117' title='bbox 339 1404 1018 1471; x_wconf 81' lang='lat' dir='ltr'><strong><em>perornavisset,insamiam</em></strong></span> <span class='ocrx_word' id='word_1_118' title='bbox 1039 1404 1175 1455; x_wconf 83' lang='lat' dir='ltr'><strong><em>tanti</em></strong></span> <span class='ocrx_word' id='word_1_119' title='bbox 1198 1404 1416 1473; x_wconf 42' lang='lat' dir='ltr'><strong><em>flagitii)-</em></strong></span> <span class='ocrx_word' id='word_1_120' title='bbox 1456 1412 1504 1457; x_wconf 89' lang='lat' dir='ltr'><strong><em>et</em></strong></span> <span class='ocrx_word' id='word_1_121' title='bbox 1522 1404 1785 1473; x_wconf 78' lang='lat' dir='ltr'><strong><em>relinque-</em></strong></span> 
     </span>
     <span class='ocr_line' id='line_1_17' title="bbox 175 1476 1786 1548; baseline 0 -16"><span class='ocrx_word' id='word_1_122' title='bbox 175 1486 256 1533; x_wconf 87' lang='lat' dir='ltr'><strong><em>ret</em></strong></span> <span class='ocrx_word' id='word_1_123' title='bbox 276 1482 549 1543; x_wconf 88' lang='lat' dir='ltr'><strong><em>incertum,</em></strong></span> <span class='ocrx_word' id='word_1_124' title='bbox 589 1481 732 1548; x_wconf 78' lang='lat' dir='ltr'><strong><em>quid,</em></strong></span> <span class='ocrx_word' id='word_1_125' title='bbox 775 1479 887 1532; x_wconf 84' lang='lat' dir='ltr'><strong><em>viso</em></strong></span> <span class='ocrx_word' id='word_1_126' title='bbox 919 1476 1148 1532; x_wconf 65' lang='lat' dir='ltr'><strong><em>Tiarasea</em></strong></span> <span class='ocrx_word' id='word_1_127' title='bbox 1175 1493 1282 1544; x_wconf 83' lang='lat' dir='ltr'><strong><em>reo,</em></strong></span> <span class='ocrx_word' id='word_1_128' title='bbox 1322 1481 1583 1534; x_wconf 78' lang='lat' dir='ltr'><strong><em>decreturi</em></strong></span> <span class='ocrx_word' id='word_1_129' title='bbox 1604 1486 1786 1547; x_wconf 83' lang='lat' dir='ltr'><strong><em>patres</em></strong></span> 
     </span>
     <span class='ocr_line' id='line_1_18' title="bbox 173 1553 1787 1624; baseline -0.002 -16"><span class='ocrx_word' id='word_1_130' title='bbox 173 1559 389 1624; x_wconf 72' lang='lat' dir='ltr'><strong><em>suerint.</em></strong></span> <span class='ocrx_word' id='word_1_131' title='bbox 473 1555 540 1609; x_wconf 85' lang='lat' dir='ltr'><strong><em>Ut</em></strong></span> <span class='ocrx_word' id='word_1_132' title='bbox 568 1553 824 1610; x_wconf 81' lang='lat' dir='ltr'><strong><em>Neronem</em></strong></span> <span class='ocrx_word' id='word_1_133' title='bbox 851 1555 1171 1622; x_wconf 74' lang='lat' dir='ltr'><strong><em>llaqitiorum</em></strong></span> <span class='ocrx_word' id='word_1_134' title='bbox 1182 1556 1355 1621; x_wconf 83' lang='lat' dir='ltr'><strong><em>pudor</em></strong></span> <span class='ocrx_word' id='word_1_135' title='bbox 1376 1561 1597 1623; x_wconf 80' lang='lat' dir='ltr'><strong><em>caperet,</em></strong></span> <span class='ocrx_word' id='word_1_136' title='bbox 1619 1556 1787 1608; x_wconf 85' lang='lat' dir='ltr'><strong><em>inrita</em></strong></span> 
     </span>
     <span class='ocr_line' id='line_1_19' title="bbox 173 1626 1781 1700; baseline -0.002 -16"><span class='ocrx_word' id='word_1_137' title='bbox 173 1647 266 1698; x_wconf 81' lang='lat' dir='ltr'><strong><em>spe</em></strong></span> <span class='ocrx_word' id='word_1_138' title='bbox 281 1633 510 1700; x_wconf 75' lang='lat' dir='ltr'><strong><em>ayitari:</em></strong></span> <span class='ocrx_word' id='word_1_139' title='bbox 549 1632 807 1699; x_wconf 81' lang='lat' dir='ltr'><strong><em>multoque</em></strong></span> <span class='ocrx_word' id='word_1_140' title='bbox 834 1631 1002 1696; x_wconf 73' lang='lat' dir='ltr'><strong><em>maqis</em></strong></span> <span class='ocrx_word' id='word_1_141' title='bbox 1019 1626 1314 1694; x_wconf 80' lang='lat' dir='ltr'><strong><em>timendum,</em></strong></span> <span class='ocrx_word' id='word_1_142' title='bbox 1342 1645 1405 1684; x_wconf 86' lang='lat' dir='ltr'><strong><em>ne</em></strong></span> <span class='ocrx_word' id='word_1_143' title='bbox 1424 1635 1480 1684; x_wconf 87' lang='lat' dir='ltr'><strong><em>in</em></strong></span> <span class='ocrx_word' id='word_1_144' title='bbox 1501 1633 1781 1698; x_wconf 73' lang='lat' dir='ltr'><strong><em>coniuqem,</em></strong></span> 
     </span>
     <span class='ocr_line' id='line_1_20' title="bbox 174 1705 1785 1776; baseline -0.001 -16"><span class='ocrx_word' id='word_1_145' title='bbox 174 1710 232 1760; x_wconf 87' lang='lat' dir='ltr'><strong><em>in</em></strong></span> <span class='ocrx_word' id='word_1_146' title='bbox 259 1707 540 1776; x_wconf 79' lang='lat' dir='ltr'><strong><em>familiam,</em></strong></span> <span class='ocrx_word' id='word_1_147' title='bbox 578 1709 637 1760; x_wconf 84' lang='lat' dir='ltr'><strong><em>in</em></strong></span> <span class='ocrx_word' id='word_1_148' title='bbox 673 1713 843 1759; x_wconf 85' lang='lat' dir='ltr'><strong><em>cetera</em></strong></span> <span class='ocrx_word' id='word_1_149' title='bbox 863 1707 1093 1774; x_wconf 75' lang='lat' dir='ltr'><strong><em>piynora</em></strong></span> <span class='ocrx_word' id='word_1_150' title='bbox 1118 1708 1231 1760; x_wconf 81' lang='lat' dir='ltr'><strong><em>eius</em></strong></span> <span class='ocrx_word' id='word_1_151' title='bbox 1248 1709 1486 1761; x_wconf 85' lang='lat' dir='ltr'><strong><em>saeviret.</em></strong></span> <span class='ocrx_word' id='word_1_152' title='bbox 1563 1705 1785 1760; x_wconf 80' lang='lat' dir='ltr'><strong><em>Proinde</em></strong></span> 
     </span>
     <span class='ocr_line' id='line_1_21' title="bbox 174 1782 1785 1850; baseline -0.001 -14"><span class='ocrx_word' id='word_1_153' title='bbox 174 1787 530 1844; x_wconf 86' lang='lat' dir='ltr'><strong><em>intemeratus,</em></strong></span> <span class='ocrx_word' id='word_1_154' title='bbox 554 1782 857 1850; x_wconf 61' lang='lat' dir='ltr'><strong><em>inpolluta-3,</em></strong></span> <span class='ocrx_word' id='word_1_155' title='bbox 867 1797 1086 1849; x_wconf 81' lang='lat' dir='ltr'><strong><em>quorum</em></strong></span> <span class='ocrx_word' id='word_1_156' title='bbox 1104 1785 1338 1850; x_wconf 63' lang='lat' dir='ltr'><strong><em>vestigiis</em></strong></span> <span class='ocrx_word' id='word_1_157' title='bbox 1354 1790 1404 1836; x_wconf 87' lang='lat' dir='ltr'><strong><em>et</em></strong></span> <span class='ocrx_word' id='word_1_158' title='bbox 1420 1784 1609 1836; x_wconf 82' lang='lat' dir='ltr'><strong><em>studiis</em></strong></span> <span class='ocrx_word' id='word_1_159' title='bbox 1621 1785 1785 1836; x_wconf 85' lang='lat' dir='ltr'><strong><em>vitam</em></strong></span> 
     </span>
     <span class='ocr_line' id='line_1_22' title="bbox 175 1853 1785 1926; baseline 0 -16"><span class='ocrx_word' id='word_1_160' title='bbox 175 1861 410 1920; x_wconf 74' lang='lat' dir='ltr'><strong><em>dua-erit,</em></strong></span> <span class='ocrx_word' id='word_1_161' title='bbox 450 1871 626 1910; x_wconf 84' lang='lat' dir='ltr'><strong><em>eorum</em></strong></span> <span class='ocrx_word' id='word_1_162' title='bbox 660 1857 834 1925; x_wconf 74' lang='lat' dir='ltr'><strong><em>qloria</em></strong></span> <span class='ocrx_word' id='word_1_163' title='bbox 865 1861 1064 1924; x_wconf 81' lang='lat' dir='ltr'><strong><em>peteret</em></strong></span> <span class='ocrx_word' id='word_1_164' title='bbox 1098 1859 1265 1926; x_wconf 74' lang='lat' dir='ltr'><strong><em>finem.</em></strong></span> <span class='ocrx_word' id='word_1_165' title='bbox 1343 1853 1539 1912; x_wconf 82' lang='lat' dir='ltr'><strong><em>Aderat</em></strong></span> <span class='ocrx_word' id='word_1_166' title='bbox 1562 1854 1785 1921; x_wconf 80' lang='lat' dir='ltr'><strong><em>consilio</em></strong></span> 
     </span>
     <span class='ocr_line' id='line_1_23' title="bbox 173 1927 1783 2004; baseline -0.002 -17"><span class='ocrx_word' id='word_1_167' title='bbox 173 1931 432 1987; x_wconf 84' lang='lat' dir='ltr'><strong><em>Rusticus</em></strong></span> <span class='ocrx_word' id='word_1_168' title='bbox 451 1929 746 1994; x_wconf 69' lang='lat' dir='ltr'><strong><em>Arulenu5‚</em></strong></span> <span class='ocrx_word' id='word_1_169' title='bbox 765 1927 994 2004; x_wconf 83' lang='lat' dir='ltr'><strong><em>flagrans</em></strong></span> <span class='ocrx_word' id='word_1_170' title='bbox 1013 1930 1249 1998; x_wconf 83' lang='lat' dir='ltr'><strong><em>iuvenis,</em></strong></span> <span class='ocrx_word' id='word_1_171' title='bbox 1266 1937 1317 1987; x_wconf 81' lang='lat' dir='ltr'><strong><em>et</em></strong></span> <span class='ocrx_word' id='word_1_172' title='bbox 1334 1931 1586 2004; x_wconf 85' lang='lat' dir='ltr'><strong><em>cupidine</em></strong></span> <span class='ocrx_word' id='word_1_173' title='bbox 1606 1929 1783 1986; x_wconf 83' lang='lat' dir='ltr'><strong><em>laudis</em></strong></span> 
     </span>
     <span class='ocr_line' id='line_1_24' title="bbox 174 2005 1782 2078; baseline -0.002 -16"><span class='ocrx_word' id='word_1_174' title='bbox 174 2005 445 2073; x_wconf 82' lang='lat' dir='ltr'><strong><em>offerebat,</em></strong></span> <span class='ocrx_word' id='word_1_175' title='bbox 455 2023 511 2061; x_wconf 85' lang='lat' dir='ltr'><strong><em>se</em></strong></span> <span class='ocrx_word' id='word_1_176' title='bbox 529 2011 931 2062; x_wconf 85' lang='lat' dir='ltr'><strong><em>intercessurum</em></strong></span> <span class='ocrx_word' id='word_1_177' title='bbox 947 2016 1159 2063; x_wconf 84' lang='lat' dir='ltr'><strong><em>senatus</em></strong></span> <span class='ocrx_word' id='word_1_178' title='bbox 1180 2011 1439 2062; x_wconf 78' lang='lat' dir='ltr'><strong><em>consulto:</em></strong></span> <span class='ocrx_word' id='word_1_179' title='bbox 1463 2023 1589 2064; x_wconf 85' lang='lat' dir='ltr'><strong><em>nam</em></strong></span> <span class='ocrx_word' id='word_1_180' title='bbox 1607 2006 1782 2078; x_wconf 83' lang='lat' dir='ltr'><strong><em>plebis</em></strong></span> 
     </span>
     <span class='ocr_line' id='line_1_25' title="bbox 173 2079 1783 2154; baseline 0 -18"><span class='ocrx_word' id='word_1_181' title='bbox 173 2084 430 2139; x_wconf 81' lang='lat' dir='ltr'><strong><em>tribunus</em></strong></span> <span class='ocrx_word' id='word_1_182' title='bbox 451 2091 576 2136; x_wconf 85' lang='lat' dir='ltr'><strong><em>erat.</em></strong></span> <span class='ocrx_word' id='word_1_183' title='bbox 632 2079 886 2136; x_wconf 86' lang='lat' dir='ltr'><strong><em>Cohibuit</em></strong></span> <span class='ocrx_word' id='word_1_184' title='bbox 903 2081 1129 2154; x_wconf 81' lang='lat' dir='ltr'><strong><em>spiritus</em></strong></span> <span class='ocrx_word' id='word_1_185' title='bbox 1148 2083 1265 2138; x_wconf 77' lang='lat' dir='ltr'><strong><em>eius</em></strong></span> <span class='ocrx_word' id='word_1_186' title='bbox 1286 2082 1536 2149; x_wconf 79' lang='lat' dir='ltr'><strong><em>Thrasea,</em></strong></span> <span class='ocrx_word' id='word_1_187' title='bbox 1560 2100 1625 2136; x_wconf 90' lang='lat' dir='ltr'><strong><em>ne</em></strong></span> <span class='ocrx_word' id='word_1_188' title='bbox 1644 2097 1783 2136; x_wconf 85' lang='lat' dir='ltr'><strong><em>vana</em></strong></span> 
     </span>
     <span class='ocr_line' id='line_1_26' title="bbox 175 2161 1781 2228; baseline -0.001 -17"><span class='ocrx_word' id='word_1_189' title='bbox 175 2167 223 2212; x_wconf 85' lang='lat' dir='ltr'><strong><em>et</em></strong></span> <span class='ocrx_word' id='word_1_190' title='bbox 259 2173 350 2213; x_wconf 89' lang='lat' dir='ltr'><strong><em>reo</em></strong></span> <span class='ocrx_word' id='word_1_191' title='bbox 387 2175 491 2212; x_wconf 86' lang='lat' dir='ltr'><strong><em>non</em></strong></span> <span class='ocrx_word' id='word_1_192' title='bbox 522 2163 824 2228; x_wconf 70' lang='lat' dir='ltr'><strong><em>profutura,</em></strong></span> <span class='ocrx_word' id='word_1_193' title='bbox 868 2161 1201 2214; x_wconf 71' lang='lat' dir='ltr'><strong><em>intercessori</em></strong></span> <span class='ocrx_word' id='word_1_194' title='bbox 1236 2162 1477 2223; x_wconf 73' lang='lat' dir='ltr'><strong><em>exitiosa,</em></strong></span> <span class='ocrx_word' id='word_1_195' title='bbox 1516 2163 1781 2228; x_wconf 78' lang='lat' dir='ltr'><strong><em>inciperet.</em></strong></span> 
     </span>
     <span class='ocr_line' id='line_1_27' title="bbox 174 2233 1783 2301; baseline -0.001 -14"><span class='ocrx_word' id='word_1_196' title='bbox 174 2233 292 2288; x_wconf 84' lang='lat' dir='ltr'><strong><em>Sibi</em></strong></span> <span class='ocrx_word' id='word_1_197' title='bbox 309 2241 484 2288; x_wconf 83' lang='lat' dir='ltr'><strong><em>actam</em></strong></span> <span class='ocrx_word' id='word_1_198' title='bbox 503 2239 741 2298; x_wconf 84' lang='lat' dir='ltr'><strong><em>aetatem,</em></strong></span> <span class='ocrx_word' id='word_1_199' title='bbox 763 2239 813 2286; x_wconf 84' lang='lat' dir='ltr'><strong><em>et</em></strong></span> <span class='ocrx_word' id='word_1_200' title='bbox 834 2239 906 2286; x_wconf 84' lang='lat' dir='ltr'><strong><em>tot</em></strong></span> <span class='ocrx_word' id='word_1_201' title='bbox 915 2249 1017 2301; x_wconf 75' lang='lat' dir='ltr'><strong><em>per</em></strong></span> <span class='ocrx_word' id='word_1_202' title='bbox 1035 2251 1202 2288; x_wconf 86' lang='lat' dir='ltr'><strong><em>annos</em></strong></span> <span class='ocrx_word' id='word_1_203' title='bbox 1222 2239 1521 2290; x_wconf 83' lang='lat' dir='ltr'><strong><em>continuum</em></strong></span> <span class='ocrx_word' id='word_1_204' title='bbox 1536 2238 1674 2288; x_wconf 85' lang='lat' dir='ltr'><strong><em>vitae</em></strong></span> <span class='ocrx_word' id='word_1_205' title='bbox 1694 2249 1783 2286; x_wconf 85' lang='lat' dir='ltr'><strong><em>or-</em></strong></span> 
     </span>
     <span class='ocr_line' id='line_1_28' title="bbox 172 2309 1783 2378; baseline 0 -16"><span class='ocrx_word' id='word_1_206' title='bbox 172 2313 348 2364; x_wconf 84' lang='lat' dir='ltr'><strong><em>dinem</em></strong></span> <span class='ocrx_word' id='word_1_207' title='bbox 361 2313 468 2364; x_wconf 78' lang='lat' dir='ltr'><strong><em>&#39;non</em></strong></span> <span class='ocrx_word' id='word_1_208' title='bbox 485 2309 846 2363; x_wconf 80' lang='lat' dir='ltr'><strong><em>deserendum.-</em></strong></span> <span class='ocrx_word' id='word_1_209' title='bbox 883 2309 970 2363; x_wconf 76' lang='lat' dir='ltr'><strong><em>illi</em></strong></span> <span class='ocrx_word' id='word_1_210' title='bbox 985 2311 1195 2364; x_wconf 84' lang='lat' dir='ltr'><strong><em>initium</em></strong></span> <span class='ocrx_word' id='word_1_211' title='bbox 1210 2312 1611 2378; x_wconf 74' lang='lat' dir='ltr'><strong><em>mayistratuum</em></strong></span> <span class='ocrx_word' id='word_1_212' title='bbox 1630 2316 1680 2362; x_wconf 89' lang='lat' dir='ltr'><strong><em>et</em></strong></span> <span class='ocrx_word' id='word_1_213' title='bbox 1698 2312 1783 2362; x_wconf 85' lang='lat' dir='ltr'><strong><em>in-</em></strong></span> 
     </span>
     <span class='ocr_line' id='line_1_29' title="bbox 174 2382 1779 2456; baseline -0.001 -18"><span class='ocrx_word' id='word_1_214' title='bbox 174 2394 341 2454; x_wconf 73' lang='lat' dir='ltr'><strong><em>teqra,</em></strong></span> <span class='ocrx_word' id='word_1_215' title='bbox 365 2399 499 2456; x_wconf 79' lang='lat' dir='ltr'><strong><em>quae</em></strong></span> <span class='ocrx_word' id='word_1_216' title='bbox 523 2388 800 2453; x_wconf 82' lang='lat' dir='ltr'><strong><em>supersint.</em></strong></span> <span class='ocrx_word' id='word_1_217' title='bbox 876 2382 1103 2438; x_wconf 81' lang='lat' dir='ltr'><strong><em>Multum</em></strong></span> <span class='ocrx_word' id='word_1_218' title='bbox 1122 2393 1243 2439; x_wconf 79' lang='lat' dir='ltr'><strong><em>ante</em></strong></span> <span class='ocrx_word' id='word_1_219' title='bbox 1261 2397 1434 2439; x_wconf 84' lang='lat' dir='ltr'><strong><em>secum</em></strong></span> <span class='ocrx_word' id='word_1_220' title='bbox 1454 2388 1779 2454; x_wconf 65' lang='lat' dir='ltr'><strong><em>ezr-penderet,</em></strong></span> 
     </span>
     <span class='ocr_line' id='line_1_30' title="bbox 171 2461 1782 2530; baseline -0.001 -16"><span class='ocrx_word' id='word_1_221' title='bbox 171 2463 330 2530; x_wconf 83' lang='lat' dir='ltr'><strong><em>quod,</em></strong></span> <span class='ocrx_word' id='word_1_222' title='bbox 346 2463 444 2518; x_wconf 84' lang='lat' dir='ltr'><strong><em>tali</em></strong></span> <span class='ocrx_word' id='word_1_223' title='bbox 461 2463 518 2514; x_wconf 88' lang='lat' dir='ltr'><strong><em>in</em></strong></span> <span class='ocrx_word' id='word_1_224' title='bbox 537 2469 775 2529; x_wconf 81' lang='lat' dir='ltr'><strong><em>tempore,</em></strong></span> <span class='ocrx_word' id='word_1_225' title='bbox 791 2464 1131 2528; x_wconf 81' lang='lat' dir='ltr'><strong><em>capessendae</em></strong></span> <span class='ocrx_word' id='word_1_226' title='bbox 1149 2461 1467 2528; x_wconf 80' lang='lat' dir='ltr'><strong><em>reipublicae</em></strong></span> <span class='ocrx_word' id='word_1_227' title='bbox 1486 2463 1586 2514; x_wconf 83' lang='lat' dir='ltr'><strong><em>iter</em></strong></span> <span class='ocrx_word' id='word_1_228' title='bbox 1605 2463 1782 2528; x_wconf 74' lang='lat' dir='ltr'><strong><em>inqre—</em></strong></span> 
     </span>
     <span class='ocr_line' id='line_1_31' title="bbox 170 2533 1777 2606; baseline 0 -18"><span class='ocrx_word' id='word_1_229' title='bbox 170 2537 401 2590; x_wconf 81' lang='lat' dir='ltr'><strong><em>deretur.</em></strong></span> <span class='ocrx_word' id='word_1_230' title='bbox 480 2533 726 2590; x_wconf 87' lang='lat' dir='ltr'><strong><em>Ceterum</em></strong></span> <span class='ocrx_word' id='word_1_231' title='bbox 753 2536 890 2606; x_wconf 81' lang='lat' dir='ltr'><strong><em>ipse,</em></strong></span> <span class='ocrx_word' id='word_1_232' title='bbox 918 2551 987 2590; x_wconf 83' lang='lat' dir='ltr'><strong><em>an</em></strong></span> <span class='ocrx_word' id='word_1_233' title='bbox 1011 2535 1190 2590; x_wconf 69' lang='lat' dir='ltr'><strong><em>venire</em></strong></span> <span class='ocrx_word' id='word_1_234' title='bbox 1208 2535 1266 2590; x_wconf 91' lang='lat' dir='ltr'><strong><em>in</em></strong></span> <span class='ocrx_word' id='word_1_235' title='bbox 1286 2539 1531 2590; x_wconf 83' lang='lat' dir='ltr'><strong><em>senatum</em></strong></span> <span class='ocrx_word' id='word_1_236' title='bbox 1553 2533 1777 2600; x_wconf 79' lang='lat' dir='ltr'><strong><em>deceret,</em></strong></span> 
     </span>
     <span class='ocr_line' id='line_1_32' title="bbox 170 2609 907 2682; baseline 0 -18"><span class='ocrx_word' id='word_1_237' title='bbox 170 2609 504 2666; x_wconf 77' lang='lat' dir='ltr'><strong><em>meditationi</em></strong></span> <span class='ocrx_word' id='word_1_238' title='bbox 525 2625 654 2665; x_wconf 87' lang='lat' dir='ltr'><strong><em>suae</em></strong></span> <span class='ocrx_word' id='word_1_239' title='bbox 673 2609 907 2682; x_wconf 86' lang='lat' dir='ltr'><strong><em>reliquit.</em></strong></span> 
     </span>
    </p>

    <p class='ocr_par' dir='ltr' id='par_1_4' title="bbox 169 2683 1779 2830">
     <span class='ocr_line' id='line_1_33' title="bbox 285 2683 1779 2756; baseline -0.003 -12"><span class='ocrx_word' id='word_1_240' title='bbox 285 2689 374 2744; x_wconf 78' lang='lat'><strong><em>27.</em></strong></span> <span class='ocrx_word' id='word_1_241' title='bbox 416 2685 483 2739; x_wconf 81' lang='lat' dir='ltr'><strong><em>At</em></strong></span> <span class='ocrx_word' id='word_1_242' title='bbox 501 2696 705 2756; x_wconf 83' lang='lat' dir='ltr'><strong><em>postera</em></strong></span> <span class='ocrx_word' id='word_1_243' title='bbox 727 2686 863 2751; x_wconf 88' lang='lat' dir='ltr'><strong><em>luce,</em></strong></span> <span class='ocrx_word' id='word_1_244' title='bbox 882 2683 1020 2739; x_wconf 87' lang='lat' dir='ltr'><strong><em>duae</em></strong></span> <span class='ocrx_word' id='word_1_245' title='bbox 1039 2683 1329 2756; x_wconf 83' lang='lat' dir='ltr'><strong><em>praetoriae</em></strong></span> <span class='ocrx_word' id='word_1_246' title='bbox 1348 2683 1585 2739; x_wconf 87' lang='lat' dir='ltr'><strong><em>cohortes</em></strong></span> <span class='ocrx_word' id='word_1_247' title='bbox 1607 2703 1779 2740; x_wconf 88' lang='lat' dir='ltr'><strong><em>arma·-</em></strong></span> 
     </span>
     <span class='ocr_line' id='line_1_34' title="bbox 169 2758 1779 2830; baseline -0.001 -15"><span class='ocrx_word' id='word_1_248' title='bbox 169 2770 256 2816; x_wconf 88' lang='lat' dir='ltr'><strong><em>tae</em></strong></span> <span class='ocrx_word' id='word_1_249' title='bbox 276 2761 539 2830; x_wconf 82' lang='lat' dir='ltr'><strong><em>templum</em></strong></span> <span class='ocrx_word' id='word_1_250' title='bbox 562 2759 855 2815; x_wconf 84' lang='lat' dir='ltr'><strong><em>Genetricis</em></strong></span> <span class='ocrx_word' id='word_1_251' title='bbox 875 2761 1097 2819; x_wconf 88' lang='lat' dir='ltr'><strong><em>Veneris</em></strong></span> <span class='ocrx_word' id='word_1_252' title='bbox 1120 2759 1381 2814; x_wconf 85' lang='lat' dir='ltr'><strong><em>insedere.</em></strong></span> <span class='ocrx_word' id='word_1_253' title='bbox 1456 2758 1674 2816; x_wconf 85' lang='lat' dir='ltr'><strong><em>Aditum</em></strong></span> <span class='ocrx_word' id='word_1_254' title='bbox 1694 2777 1779 2816; x_wconf 87' lang='lat' dir='ltr'><strong><em>se-</em></strong></span> 
     </span>
    </p>
   </div>
  </div>
 </body>
</html>
