2081 3038
162 248 282 289 ne.
309 229 404 303 το.)
569 237 731 283 Lm.
771 238 848 285 11.
894 240 1085 285 cAP:
1118 240 1203 283 91.
1244 240 1330 287 az.
1662 234 1756 287 {09

163 340 286 397 vilia
311 339 724 410 accipiebantur.
770 338 1069 393 Ventitabat
1091 340 1145 393 in
1167 348 1431 403 senatum,
1454 342 1609 396 etiam
1630 360 1756 400 cum

163 417 340 487 parvis
359 414 425 468 de
445 414 606 467 rebus
628 422 800 483 patres
820 414 1241 468 consulerentur.
1298 415 1375 469 Ac
1395 414 1523 469 forte
1548 419 1759 473 Priscus

161 488 466 553 Helvidius,
517 498 723 559 praetor
759 488 1098 561 designatuS,
1144 497 1321 543 contra
1360 491 1597 545 studium
1640 497 1757 548 eius

161 574 454 621 censuerat.
477 562 786 619 Commotus
807 580 982 633 primo
993 562 1260 627 Vitellius
1277 580 1379 618 non
1403 572 1576 619 tamen
1597 566 1755 633 ultra,

161 657 322 713 quam
347 638 589 693 tribunos
608 636 815 709 plebis'
800 655 855 691 ln
877 638 1141 694 auxilium
1163 648 1368 709 spretae
1382 642 1649 709 potestatis
1665 642 1759 695 ad·-

161 716 385 770 vocavit.
465 714 608 777 Mox,
641 714 1011 785 mitigantibus
1039 715 1248 777 amicis,
1280 715 1375 785 qui
1396 712 1670 770 altiorem
1654 732 1761 769 ira-

161 789 410 844 cundiam
437 790 554 843 eius
585 787 920 853 verebantur,
951 790 1085 842 nihil
1102 795 1225 843 novi
1240 793 1511 851 accidisse,
1540 806 1761 861 respon-

159 865 256 927 dit,
288 868 425 932 quod
449 868 554 917 duo
579 871 842 917 senatores
867 868 924 916 in
947 866 1214 931 republica
1233 868 1593 918 dissentirent:
1632 868 1760 919 soli-

162 949 268 993 tum
287 956 340 992 sa
359 943 516 993 etiam
539 940 794 992 Thraseae
813 943 1186 993 contradicere.
1266 940 1492 993 Inrisere
1518 939 1761 1010 plerique

158 1012 526 1085 inpudentiam
565 1012 962 1069 aemulationis·
1019 1013 1141 1067 aliis
1176 1012 1232 1068 id
1274 1015 1456 1084 ipsum
1496 1013 1754 1085 placebat,

159 1088 304 1160 quod
343 1090 610 1143 neminem
639 1105 704 1142 ex
737 1088 1185 1161 praepotentibus,
1225 1089 1321 1143 sed
1340 1089 1647 1155 Thraseam,
1690 1088 1759 1143 ad

161 1163 428 1235 exemplar
446 1181 601 1219 verae
617 1162 816 1237 gloriae
836 1162 1070 1237 legisset.

269 1316 352 1367 9⁶2.
397 1313 774 1384 Praeposuerat
791 1314 1135 1383 praetorianis
1155 1314 1215 1367 P.
1242 1312 1521 1378 Sabinum,
1554 1330 1583 1367 a
1602 1331 1757 1385 prae·-

161 1386 356 1441 fectura
385 1388 642 1453 cohortis3
687 1387 886 1441 lulium
915 1388 1181 1450 Priscum,
1221 1394 1337 1441 tum
1370 1389 1751 1443 centurionem.

159 1463 376 1517 Priscus
403 1461 658 1525 Valentis,
699 1460 930 1514 Sabinus
971 1460 1229 1515 Caecinae
1262 1462 1429 1534 gratia
1468 1460 1753 1532 pollebant.

159 1539 300 1592 Inter
319 1535 588 1590 discordes
614 1535 826 1590 Vitellio
856 1535 992 1589 nibil
1019 1535 1361 1590 auctoritatis.
1441 1537 1667 1589 Munia'
1652 1555 1758 1590 un-

157 1629 295 1684 pern
282 1609 530 1664 Caecina
551 1609 812 1664 acValens
831 1609 1076 1664 obibant.
1108 1609 1237 1664 olim
1258 1611 1403 1664 anxii
1423 1611 1579 1675 odiis,
1595 1629 1753 1682 quae,

65 1746 73 1755 ,
159 1685 300 1740 bello
325 1692 376 1738 et
403 1685 592 1738 castris
620 1683 758 1738 male
785 1684 1139 1749 dissimulata,
1179 1686 1412 1756 pravitas
1438 1687 1751 1752 amicorum,

158 1769 210 1815 et
241 1759 465 1813 fecunda
490 1759 775 1831 gignendis
806 1760 1101 1816 inimicitiis
1128 1761 1315 1815 civitas
1346 1769 1579 1826 auxerat,
1622 1761 1755 1816 dum

158 1834 386 1895 ambitu,
417 1835 688 1896 comitatu,
717 1842 768 1886 et
794 1835 1057 1898 inmensis
1082 1834 1427 1889 salutantium
1449 1837 1755 1908 agminibus

157 1907 484 1964 contendunt
502 1918 1008 1981 comparanturque,
1050 1911 1215 1964 variis
1243 1911 1299 1964 in
1325 1911 1471 1964 hunc
1490 1919 1579 1964 aut
1598 1909 1753 1964 illum

145 1982 358 2039 'Vitellii
379 1982 829 2038 inclinationibus.
907 1985 1017 2038 Nec
1035 2003 1275 2057 unquam
1298 1988 1427 2039 satis
1450 1985 1551 2038 fida
1574 1994 1756 2056 poten-

155 2061 249 2124 tia,
276 2059 370 2113 ubi
391 2058 557 2114 nimia
578 2065 676 2113 est.
748 2057 958 2113 Simul·
943 2076 1125 2130 ipsum
1145 2060 1440 2122 Vitellium,
1462 2060 1658 2114 subitis
1678 2058 1757 2114 of·-

157 2133 326 2188 fensis
365 2143 457 2187 aut
487 2135 876 2204 intempestivis
907 2133 1177 2189 blanditiis
1204 2135 1547 2200 mutabilem,
1580 2144 1757 2190 conte-

157 2209 413 2264 mnebant
449 2208 878 2280 metuebantque.
958 2210 1068 2263 Nec
1105 2227 1166 2265 eo
1203 2213 1423 2283 segnius
1454 2213 1757 2265 invaserant

155 2285 364 2348 domm,
397 2283 592 2347 hortos,
623 2300 870 2372 opesque·
884 2285 1127 2356 imperii:
1170 2303 1293 2339 cum
1315 2284 1507 2340 flebilis
1526 2292 1577 2338 et
1596 2301 1757 2358 egens

158 2358 422 2414 nobilium
464 2359 636 2422 turba,
679 2375 816 2430 quos
855 2360 1004 2430 ipsos
1033 2358 1335 2432 liberosque
1362 2361 1559 2431 patriae
1589 2359 1755 2414 Galba

155 2431 482 2497 reddiderat,
533 2432 678 2488 nulla
717 2435 976 2505 principis
1021 2435 1381 2490 misericordia
1426 2437 1753 2490 iuvarentur.

155 2508 383 2564 Gratum
413 2508 739 2596 primoribus
759 2509 1008 2574 civitatis,
1042 2511 1198 2564 etiam
1221 2511 1404 2582 plebes
1426 2510 1755 2581 adprobavit,

153 2583 302 2656 quod
335 2583 562 2638 reversis
591 2583 660 2638 ab
687 2584 920 2640 exsilio
905 2603 1021 2639 iura
1052 2584 1359 2640 libertorum
1380 2587 1753 2642 concessisset:

153 2675 492 2730 quamquam
521 2659 576 2714 id
603 2660 751 2714 omni
779 2661 937 2716 modo
965 2660 1179 2716 servilia
1200 2662 1414 2733 ingenia
1442 2675 1759 2733 conrumpe-

153 2735 306 2798 bant,
317 2733 514 2788 abditis
533 2736 777 2806 pecuniis
795 2753 892 2808 per
907 2737 1140 2792 occultos
1156 2745 1245 2790 aut
1258 2736 1567 2792 ambitiosos
1580 2738 1752 2793 sinus.
