2081 3038
322 242 419 293 318
796 244 895 293 DE
937 246 1446 293 ORATORIBUS

324 347 596 413 informes,
629 354 679 402 et
698 364 834 421 quos
855 348 1062 403 utinam
1085 367 1151 404 ne
1172 351 1228 405 in
1251 348 1339 405 illa
1362 356 1508 422 parte
1527 348 1768 404 imitatus
1789 359 1924 405 esset

322 422 520 478 Calvus
558 431 751 489 vester,
792 431 884 479 aut
922 423 1156 490 CoeliuS‚
1201 433 1291 479 aut
1331 426 1446 496 ipse
1475 424 1678 481 Cicero.
1720 414 1734 426 ⁸
1757 422 1926 501 Agere

321 500 465 553 enim
499 497 686 554 fortius
715 500 823 554 iam
854 504 903 553 et
933 500 1217 556 audentius
1240 500 1376 565 volo,
1407 500 1454 554 si
1481 498 1616 555 illud
1635 508 1755 555 ante
1773 518 1926 573 prae-

321 575 523 639 dixero,
540 574 732 629 mutari
754 590 877 628 cum
902 576 1232 647 temporibus
1254 574 1448 631 formas
1459 592 1677 649 quoque
1697 584 1748 630 et
1765 593 1929 651 gene-

322 668 377 703 ra
417 648 646 705 dicendi.
727 648 815 703 Sic
843 648 1025 705 Catoni
1058 652 1175 709 seni
1202 658 1536 722 comparatus
1565 650 1624 705 C.
1651 650 1925 707 Gracchus

323 725 527 797 plenior
568 732 619 779 et
659 724 898 793 uberim-3
963 725 1042 778 sic
1081 725 1320 780 Graccho
1362 726 1570 796 politior
1608 733 1660 780 et
1697 728 1928 783 ornatior

322 801 579 869 Crassus3
620 800 701 854 sic
741 807 964 871 utroque
1002 800 1301 855 distinctior
1340 808 1390 854 et
1421 800 1672 856 urbanior
1697 809 1749 855 et
1776 800 1927 857 altior

322 876 532 947 Cicer03
578 874 828 930 Cicerone
862 875 1037 930 mitior
1067 874 1332 930 Corvinus
1362 884 1411 929 et
1435 875 1640 931 dulcior
1659 877 1786 931 etin
1808 894 1927 931 ver-

322 952 406 1005 bis
428 953 599 1024 magis
621 949 936 1005 elaboratus.
984 951 1096 1005 Nec
1114 967 1333 1023 quaero,
1356 951 1482 1023 quis
1503 950 1922 1007 disertissimus:

324 1027 424 1081 hoc
460 1026 672 1081 interim
704 1025 959 1097 probasse
988 1034 1268 1081 contentus
1297 1042 1440 1091 sum,
1483 1044 1588 1082 non
1615 1043 1732 1081 esse
1754 1044 1926 1082 unum

323 1101 654 1175 eloquentiae
687 1100 915 1165 vultum,
963 1100 1056 1155 sed
1087 1101 1273 1156 inillis
1293 1115 1531 1173 quoque,
1570 1119 1708 1173 quos
1730 1102 1926 1157 vocatis

322 1177 589 1247 antiquos,
623 1173 805 1245 plures
835 1176 1039 1246 species
1069 1175 1423 1249 deprehendi:
1468 1192 1566 1231 nec
1584 1178 1764 1231 statim
1785 1177 1929 1232 dete-

322 1252 437 1305 rius
458 1266 594 1313 esse,
624 1250 766 1322 quod
788 1250 1063 1305 diversum
1087 1260 1190 1320 est3
1235 1253 1364 1306 vitio
1382 1258 1558 1307 autem
1579 1250 1928 1325 malignitatis

324 1326 589 1380 humanae
613 1333 783 1380 vetera
806 1342 1015 1398 semper
1037 1326 1092 1381 in
1115 1326 1289 1392 laude,
1323 1327 1618 1398 praesentia
1638 1327 1695 1381 in
1718 1326 1930 1382 fastidio

316 1418 457 1457 esse.
536 1402 680 1457 Num
722 1400 1064 1467 dubitamus,
1108 1404 1380 1467 inventos,
1423 1402 1520 1474 qui
1561 1418 1688 1473 prae
1733 1400 1930 1457 Catone

321 1477 556 1550 Appium
590 1476 817 1532 Caecum
852 1480 1025 1552 magis
1057 1475 1413 1533 mirarentur?
1449 1476 1585 1532 Satis
1617 1485 1839 1543 constat,
1864 1494 1932 1532 ne

322 1553 561 1610 Ciceroni
582 1553 801 1626 quidem
825 1553 1193 1608 obtrectatores
1213 1551 1466 1619 defuisse,
1490 1553 1692 1625 quibus
1715 1551 1932 1607 inflatus

321 1636 372 1682 et
392 1635 625 1693 tumenS,
661 1645 757 1682 nec
778 1630 906 1682 satis
926 1645 1166 1700 pressuS,
1199 1628 1294 1683 sed
1319 1645 1481 1700 supra
1505 1627 1724 1682 modum
1747 1628 1933 1683 exsul-

322 1713 437 1757 tans
459 1710 509 1758 et
528 1701 863 1775 superfluens
892 1712 943 1759 et
960 1721 1152 1775 parum
1176 1705 1380 1758 Atticus
1401 1703 1688 1759 videretur.
1773 1704 1932 1778 Legi-

322 1779 419 1833 stis
449 1783 637 1852 utique
665 1787 717 1834 et
744 1779 894 1835 Calvi
922 1786 973 1833 et
1000 1779 1148 1833 Bruti
1180 1777 1246 1832 ad
1269 1777 1576 1834 Ciceronem
1599 1779 1796 1833 missas
1817 1781 1934 1850 epi-

322 1855 503 1918 stolas,
528 1872 595 1910 ex
613 1855 815 1928 quibus
839 1852 991 1908 facile
1010 1853 1090 1907 est
1109 1853 1519 1926 deprehendere,
1554 1853 1783 1908 Calvum
1806 1855 1935 1926 qui-

320 1931 441 1984 dem
476 1929 717 1985 Ciceroni
751 1929 928 1983 visum
955 1945 1286 2002 exsanguem
1316 1937 1367 1983 et
1386 1929 1658 1994 adtritum,
1701 1930 1930 1984 Brutum

321 2014 498 2060 autem
529 2005 757 2061 otiosum
788 2012 948 2076 atque
968 2003 1330 2059 disiunctum:
1375 2019 1692 2076 rursusque,
1718 2003 1935 2059 Cicero-

322 2099 444 2136 nem
474 2099 503 2134 a
524 2079 687 2135 Calvo
707 2079 929 2151 quidem
959 2079 1097 2134 male
1119 2079 1351 2145 audisse,
1394 2087 1668 2151 tamquam
1691 2077 1934 2136 solutum

320 2166 371 2210 et
390 2163 665 2211 enervem:
709 2169 739 2209 a
758 2149 920 2210 Bruto
940 2163 1138 2220 autem,
1161 2164 1220 2209 ut
1241 2155 1412 2226 ipsius
1435 2154 1612 2208 verbis
1635 2163 1772 2221 utar,
1796 2161 1938 2208 tam-

322 2241 483 2303 quam
535 2227 759 2285 fractum
812 2237 971 2303 atque
1020 2229 1310 2284 elumbem.
1391 2227 1445 2284 Si
1487 2247 1573 2283 me
1613 2230 1932 2304 interrogaS,

320 2323 507 2361 omnes
530 2305 666 2361 mihi
685 2305 936 2362 videntur
955 2319 1144 2360 verum
1167 2303 1389 2360 dixisse.
1459 2304 1557 2358 Sed
1584 2323 1708 2360 mox
1728 2306 1797 2359 ad
1817 2307 1938 2359 sin-

322 2380 478 2456 gulos
501 2381 707 2435 veniam
728 2399 739 2449 3
785 2398 929 2435 nunc
948 2381 1085 2435 mihi
1105 2398 1230 2434 eum
1253 2379 1520 2436 universis
1545 2381 1816 2453 negotium
1832 2388 1934 2435 est.

435 2459 516 2510 ⁴9.
558 2457 716 2520 Nam,
750 2464 1015 2528 quatenus
1044 2457 1386 2527 antiquorum
1418 2453 1762 2510 admiratores
1783 2457 1941 2510 hunc

325 2528 469 2583 velut
495 2530 783 2585 terminum
813 2530 1146 2604 antiquitatis
1184 2531 1500 2585 constituere
1531 2527 1719 2596 solent,
1763 2549 1939 2604 quem

326 2621 498 2675 usque
517 2605 584 2658 ad
603 2604 850 2660 Cassium
871 2605 1128 2660 Severum
1152 2604 1369 2670 faciunt,
1389 2621 1550 2676 quem
1572 2607 1816 2676 primum
1839 2607 1942 2660 ad-

324 2675 537 2732 firmant
555 2676 767 2734 flexisse
786 2680 854 2735 ab
873 2679 965 2735 illa
988 2688 1162 2736 vetere
1183 2688 1342 2752 atque
1360 2680 1555 2734 directa
1573 2679 1786 2735 dicendi
1811 2684 1905 2735 via
1925 2701 1937 2735 ε

325 2765 429 2801 non
458 2749 766 2808 infirmitate
784 2755 1008 2826 ingenii,
1040 2771 1140 2809 nec
1163 2754 1374 2809 inscitia
1399 2751 1670 2809 literarum
1693 2764 1943 2812 transtu-
