<?xml version="1.0" encoding="UTF-8"?>
<!DOCTYPE html PUBLIC "-//W3C//DTD XHTML 1.0 Transitional//EN"
    "http://www.w3.org/TR/xhtml1/DTD/xhtml1-transitional.dtd">
<html xmlns="http://www.w3.org/1999/xhtml" xml:lang="en" lang="en">
 <head>
  <title>
</title>
<meta http-equiv="Content-Type" content="text/html;charset=utf-8" />
  <meta name='ocr-system' content='tesseract 3.04.00' />
  <meta name='ocr-capabilities' content='ocr_page ocr_carea ocr_par ocr_line ocrx_word'/>
</head>
<body>
  <div class='ocr_page' id='page_1' title='image "./operaquoadextan03tacigoog_0467.png"; bbox 0 0 2081 3038; ppageno 0'>
   <div class='ocr_carea' id='block_1_1' title="bbox 206 189 1807 265">
    <p class='ocr_par' dir='ltr' id='par_1_1' title="bbox 206 189 1807 265">
     <span class='ocr_line' id='line_1_1' title="bbox 206 189 1807 265; baseline 0.001 -20"><span class='ocrx_word' id='word_1_1' title='bbox 206 189 449 265; x_wconf 47' lang='lat' dir='ltr'>neno.)</span> <span class='ocrx_word' id='word_1_2' title='bbox 638 197 799 245; x_wconf 76' lang='lat' dir='ltr'>mn.</span> <span class='ocrx_word' id='word_1_3' title='bbox 836 198 883 244; x_wconf 83' lang='lat'>1.</span> <span class='ocrx_word' id='word_1_4' title='bbox 920 195 1101 246; x_wconf 75' lang='lat' dir='ltr'>cAP.</span> <span class='ocrx_word' id='word_1_5' title='bbox 1142 199 1386 244; x_wconf 76' lang='lat' dir='ltr'>so—sz.</span> <span class='ocrx_word' id='word_1_6' title='bbox 1742 193 1807 247; x_wconf 66' lang='lat'>69</span> 
     </span>
    </p>
   </div>
   <div class='ocr_carea' id='block_1_2' title="bbox 200 297 1810 2692">
    <p class='ocr_par' dir='ltr' id='par_1_2' title="bbox 206 297 1808 818">
     <span class='ocr_line' id='line_1_2' title="bbox 206 297 1804 371; baseline 0 -17"><span class='ocrx_word' id='word_1_7' title='bbox 206 317 327 356; x_wconf 87' lang='lat' dir='ltr'>rum</span> <span class='ocrx_word' id='word_1_8' title='bbox 357 297 422 354; x_wconf 88' lang='lat' dir='ltr'>ad</span> <span class='ocrx_word' id='word_1_9' title='bbox 452 299 741 370; x_wconf 89' lang='lat' dir='ltr'>perniciem</span> <span class='ocrx_word' id='word_1_10' title='bbox 763 297 987 354; x_wconf 84' lang='lat' dir='ltr'>Othonis</span> <span class='ocrx_word' id='word_1_11' title='bbox 1015 309 1372 353; x_wconf 81' lang='lat' dir='ltr'>armarentur:</span> <span class='ocrx_word' id='word_1_12' title='bbox 1417 315 1538 369; x_wconf 76' lang='lat' dir='ltr'>pars</span> <span class='ocrx_word' id='word_1_13' title='bbox 1561 300 1730 371; x_wconf 71' lang='lat' dir='ltr'>ignari</span> <span class='ocrx_word' id='word_1_14' title='bbox 1755 309 1804 355; x_wconf 84' lang='lat' dir='ltr'>et</span> 
     </span>
     <span class='ocr_line' id='line_1_3' title="bbox 206 375 1807 501; baseline -0.001 -71"><span class='ocrx_word' id='word_1_15' title='bbox 206 375 332 430; x_wconf 79' lang='lat' dir='ltr'>vino</span> <span class='ocrx_word' id='word_1_16' title='bbox 349 389 567 501; x_wconf 53' lang='lat' dir='ltr'>gravps:</span> <span class='ocrx_word' id='word_1_17' title='bbox 611 375 881 444; x_wconf 84' lang='lat' dir='ltr'>pessimus</span> <span class='ocrx_word' id='word_1_18' title='bbox 901 375 1137 460; x_wconf 83' lang='lat' dir='ltr'>quisque</span> <span class='ocrx_word' id='word_1_19' title='bbox 1159 391 1212 428; x_wconf 77' lang='lat' dir='ltr'>in</span> <span class='ocrx_word' id='word_1_20' title='bbox 1235 376 1560 428; x_wconf 71' lang='lat' dir='ltr'>occasionem</span> <span class='ocrx_word' id='word_1_21' title='bbox 1586 393 1662 444; x_wconf 79' lang='lat' dir='ltr'>pr·</span> <span class='ocrx_word' id='word_1_22' title='bbox 1649 378 1807 438; x_wconf 57' lang='lat' dir='ltr'>mla--⁴</span> 
     </span>
     <span class='ocr_line' id='line_1_4' title="bbox 206 447 1808 522; baseline -0.001 -18"><span class='ocrx_word' id='word_1_23' title='bbox 206 467 359 504; x_wconf 90' lang='lat' dir='ltr'>rum:</span> <span class='ocrx_word' id='word_1_24' title='bbox 403 447 495 504; x_wconf 83' lang='lat' dir='ltr'>vul</span> <span class='ocrx_word' id='word_1_25' title='bbox 498 465 623 522; x_wconf 77' lang='lat' dir='ltr'>gne,</span> <span class='ocrx_word' id='word_1_26' title='bbox 636 457 695 502; x_wconf 90' lang='lat' dir='ltr'>ut</span> <span class='ocrx_word' id='word_1_27' title='bbox 716 465 829 502; x_wconf 86' lang='lat' dir='ltr'>mos</span> <span class='ocrx_word' id='word_1_28' title='bbox 854 457 952 508; x_wconf 90' lang='lat' dir='ltr'>est,</span> <span class='ocrx_word' id='word_1_29' title='bbox 977 449 1350 518; x_wconf 85' lang='lat' dir='ltr'>cuiuscunque</span> <span class='ocrx_word' id='word_1_30' title='bbox 1372 461 1544 502; x_wconf 87' lang='lat' dir='ltr'>motus</span> <span class='ocrx_word' id='word_1_31' title='bbox 1569 454 1687 502; x_wconf 86' lang='lat' dir='ltr'>novi</span> <span class='ocrx_word' id='word_1_32' title='bbox 1712 469 1740 502; x_wconf 90' lang='grc'>(·</span> <span class='ocrx_word' id='word_1_33' title='bbox 1745 468 1808 502; x_wconf 86' lang='lat' dir='ltr'>u-</span> 
     </span>
     <span class='ocr_line' id='line_1_5' title="bbox 206 521 1808 595; baseline -0.001 -17"><span class='ocrx_word' id='word_1_34' title='bbox 206 522 417 595; x_wconf 87' lang='lat' dir='ltr'>pidum.</span> <span class='ocrx_word' id='word_1_35' title='bbox 480 522 563 576; x_wconf 92' lang='lat' dir='ltr'>Et</span> <span class='ocrx_word' id='word_1_36' title='bbox 590 522 845 594; x_wconf 86' lang='lat' dir='ltr'>obsequia</span> <span class='ocrx_word' id='word_1_37' title='bbox 878 521 1156 578; x_wconf 89' lang='lat' dir='ltr'>meliorum</span> <span class='ocrx_word' id='word_1_38' title='bbox 1193 540 1294 576; x_wconf 78' lang='lat' dir='ltr'>nox</span> <span class='ocrx_word' id='word_1_39' title='bbox 1321 523 1626 576; x_wconf 79' lang='lat' dir='ltr'>abstulerat</span> <span class='ocrx_word' id='word_1_40' title='bbox 1710 525 1808 577; x_wconf 81' lang='lat' dir='ltr'>Re-</span> 
     </span>
     <span class='ocr_line' id='line_1_6' title="bbox 206 597 1807 652; baseline 0 0"><span class='ocrx_word' id='word_1_41' title='bbox 206 598 481 652; x_wconf 78' lang='lat' dir='ltr'><strong>sistentem</strong></span> <span class='ocrx_word' id='word_1_42' title='bbox 501 597 746 652; x_wconf 76' lang='lat' dir='ltr'>seditioni</span> <span class='ocrx_word' id='word_1_43' title='bbox 773 597 1048 652; x_wconf 85' lang='lat' dir='ltr'>tribunum</span> <span class='ocrx_word' id='word_1_44' title='bbox 1081 608 1132 651; x_wconf 91' lang='lat' dir='ltr'>et</span> <span class='ocrx_word' id='word_1_45' title='bbox 1153 601 1522 651; x_wconf 82' lang='lat' dir='ltr'>severissimos</span> <span class='ocrx_word' id='word_1_46' title='bbox 1543 601 1807 652; x_wconf 83' lang='lat' dir='ltr'>centurio-</span> 
     </span>
     <span class='ocr_line' id='line_1_7' title="bbox 208 671 1808 745; baseline 0 -19"><span class='ocrx_word' id='word_1_47' title='bbox 208 689 339 726; x_wconf 86' lang='lat' dir='ltr'>num</span> <span class='ocrx_word' id='word_1_48' title='bbox 360 672 692 728; x_wconf 85' lang='lat' dir='ltr'>obtruncant.</span> <span class='ocrx_word' id='word_1_49' title='bbox 773 673 935 743; x_wconf 83' lang='lat' dir='ltr'>Rapta</span> <span class='ocrx_word' id='word_1_50' title='bbox 957 691 1124 734; x_wconf 86' lang='lat' dir='ltr'>arma,</span> <span class='ocrx_word' id='word_1_51' title='bbox 1157 673 1396 726; x_wconf 88' lang='lat' dir='ltr'>nudati</span> <span class='ocrx_word' id='word_1_52' title='bbox 1359 671 1544 745; x_wconf 80' lang='lat' dir='ltr'>gladii,</span> <span class='ocrx_word' id='word_1_53' title='bbox 1568 674 1808 726; x_wconf 85' lang='lat' dir='ltr'>insiden-</span> 
     </span>
     <span class='ocr_line' id='line_1_8' title="bbox 209 747 1335 818; baseline 0.001 -17"><span class='ocrx_word' id='word_1_54' title='bbox 209 755 284 801; x_wconf 87' lang='lat' dir='ltr'>tes</span> <span class='ocrx_word' id='word_1_55' title='bbox 302 747 461 818; x_wconf 84' lang='lat' dir='ltr'>equis</span> <span class='ocrx_word' id='word_1_56' title='bbox 482 747 669 801; x_wconf 86' lang='lat' dir='ltr'>urbem</span> <span class='ocrx_word' id='word_1_57' title='bbox 691 763 752 802; x_wconf 88' lang='lat' dir='ltr'>ac</span> <span class='ocrx_word' id='word_1_58' title='bbox 770 747 1025 818; x_wconf 82' lang='lat' dir='ltr'>palatium</span> <span class='ocrx_word' id='word_1_59' title='bbox 1051 757 1254 818; x_wconf 85' lang='lat' dir='ltr'>petunt.</span> <span class='ocrx_word' id='word_1_60' title='bbox 1329 767 1335 775; x_wconf 94' lang='lat'>·</span> 
     </span>
    </p>

    <p class='ocr_par' dir='ltr' id='par_1_3' title="bbox 202 819 1810 1938">
     <span class='ocr_line' id='line_1_9' title="bbox 315 819 1808 893; baseline 0 -19"><span class='ocrx_word' id='word_1_61' title='bbox 315 824 400 876; x_wconf 78' lang='lat'>8⁴.</span> <span class='ocrx_word' id='word_1_62' title='bbox 443 821 567 875; x_wconf 82' lang='lat' dir='ltr'><strong>Erat</strong></span> <span class='ocrx_word' id='word_1_63' title='bbox 586 820 779 876; x_wconf 84' lang='lat' dir='ltr'>Othoni</span> <span class='ocrx_word' id='word_1_64' title='bbox 801 821 1005 876; x_wconf 88' lang='lat' dir='ltr'>celebre</span> <span class='ocrx_word' id='word_1_65' title='bbox 1024 823 1358 882; x_wconf 84' lang='lat' dir='ltr'>convivium,</span> <span class='ocrx_word' id='word_1_66' title='bbox 1381 820 1708 893; x_wconf 79' lang='lat' dir='ltr'>primoribus</span> <span class='ocrx_word' id='word_1_67' title='bbox 1733 819 1808 874; x_wconf 86' lang='lat' dir='ltr'>l&#39;e-</span> 
     </span>
     <span class='ocr_line' id='line_1_10' title="bbox 210 895 1804 967; baseline -0.001 -17"><span class='ocrx_word' id='word_1_68' title='bbox 210 895 371 950; x_wconf 86' lang='lat' dir='ltr'>minis</span> <span class='ocrx_word' id='word_1_69' title='bbox 394 896 661 967; x_wconf 85' lang='lat' dir='ltr'>virisque:</span> <span class='ocrx_word' id='word_1_70' title='bbox 692 897 787 967; x_wconf 88' lang='lat' dir='ltr'>qui</span> <span class='ocrx_word' id='word_1_71' title='bbox 811 896 1021 967; x_wconf 80' lang='lat' dir='ltr'>trepidi,</span> <span class='ocrx_word' id='word_1_72' title='bbox 1048 897 1362 952; x_wconf 79' lang='lat' dir='ltr'>fortuitusne</span> <span class='ocrx_word' id='word_1_73' title='bbox 1383 896 1614 950; x_wconf 87' lang='lat' dir='ltr'>militum</span> <span class='ocrx_word' id='word_1_74' title='bbox 1644 896 1804 959; x_wconf 71' lang='lat' dir='ltr'>furor,</span> 
     </span>
     <span class='ocr_line' id='line_1_11' title="bbox 206 969 1808 1042; baseline 0 -18"><span class='ocrx_word' id='word_1_75' title='bbox 206 987 272 1024; x_wconf 87' lang='lat' dir='ltr'>an</span> <span class='ocrx_word' id='word_1_76' title='bbox 293 969 448 1024; x_wconf 89' lang='lat' dir='ltr'>dolus</span> <span class='ocrx_word' id='word_1_77' title='bbox 479 971 827 1041; x_wconf 78' lang='lat' dir='ltr'>imperatoris,</span> <span class='ocrx_word' id='word_1_78' title='bbox 857 989 1071 1026; x_wconf 89' lang='lat' dir='ltr'>manere</span> <span class='ocrx_word' id='word_1_79' title='bbox 1091 982 1142 1026; x_wconf 89' lang='lat' dir='ltr'>et</span> <span class='ocrx_word' id='word_1_80' title='bbox 1164 971 1510 1042; x_wconf 77' lang='lat' dir='ltr'>deprehendi</span> <span class='ocrx_word' id='word_1_81' title='bbox 1535 991 1598 1025; x_wconf 86' lang='lat' dir='ltr'>an</span> <span class='ocrx_word' id='word_1_82' title='bbox 1627 971 1718 1036; x_wconf 65' lang='lat' dir='ltr'>suf·</span> <span class='ocrx_word' id='word_1_83' title='bbox 1685 987 1808 1034; x_wconf 65' lang='lat' dir='ltr'>,gere</span> 
     </span>
     <span class='ocr_line' id='line_1_12' title="bbox 206 1044 1810 1117; baseline 0.001 -19"><span class='ocrx_word' id='word_1_84' title='bbox 206 1053 257 1098; x_wconf 93' lang='lat' dir='ltr'>et</span> <span class='ocrx_word' id='word_1_85' title='bbox 294 1044 553 1117; x_wconf 80' lang='lat' dir='ltr'>dispergi</span> <span class='ocrx_word' id='word_1_86' title='bbox 591 1045 943 1116; x_wconf 73' lang='lat' dir='ltr'>periculosius</span> <span class='ocrx_word' id='word_1_87' title='bbox 974 1045 1132 1104; x_wconf 54' lang='lat' dir='ltr'>sorem</span> <span class='ocrx_word' id='word_1_88' title='bbox 1175 1048 1330 1100; x_wconf 88' lang='lat' dir='ltr'>modo</span> <span class='ocrx_word' id='word_1_89' title='bbox 1357 1050 1702 1100; x_wconf 82' lang='lat' dir='ltr'>constantiam</span> <span class='ocrx_word' id='word_1_90' title='bbox 1733 1063 1810 1099; x_wconf 81' lang='lat' dir='ltr'>si—</span> 
     </span>
     <span class='ocr_line' id='line_1_13' title="bbox 204 1118 1805 1194; baseline 0.001 -20"><span class='ocrx_word' id='word_1_91' title='bbox 204 1118 429 1184; x_wconf 85' lang='lat' dir='ltr'>mulare,</span> <span class='ocrx_word' id='word_1_92' title='bbox 461 1119 617 1174; x_wconf 90' lang='lat' dir='ltr'>modo</span> <span class='ocrx_word' id='word_1_93' title='bbox 639 1120 919 1176; x_wconf 81' lang='lat' dir='ltr'>formidine</span> <span class='ocrx_word' id='word_1_94' title='bbox 938 1121 1132 1194; x_wconf 81' lang='lat' dir='ltr'>detegi,</span> <span class='ocrx_word' id='word_1_95' title='bbox 1160 1122 1323 1176; x_wconf 81' lang='lat' dir='ltr'>simul</span> <span class='ocrx_word' id='word_1_96' title='bbox 1348 1122 1572 1176; x_wconf 81' lang='lat' dir='ltr'>Othonis</span> <span class='ocrx_word' id='word_1_97' title='bbox 1599 1125 1805 1175; x_wconf 85' lang='lat' dir='ltr'>vultum</span> 
     </span>
     <span class='ocr_line' id='line_1_14' title="bbox 204 1195 1810 1266; baseline 0.001 -16"><span class='ocrx_word' id='word_1_98' title='bbox 204 1195 418 1250; x_wconf 87' lang='lat' dir='ltr'>intueri.</span> <span class='ocrx_word' id='word_1_99' title='bbox 478 1195 652 1266; x_wconf 89' lang='lat' dir='ltr'>thue</span> <span class='ocrx_word' id='word_1_100' title='bbox 671 1198 865 1260; x_wconf 83' lang='lat' dir='ltr'>evenit,</span> <span class='ocrx_word' id='word_1_101' title='bbox 892 1195 1160 1251; x_wconf 86' lang='lat' dir='ltr'>inclinatis</span> <span class='ocrx_word' id='word_1_102' title='bbox 1179 1197 1248 1250; x_wconf 85' lang='lat' dir='ltr'>ad</span> <span class='ocrx_word' id='word_1_103' title='bbox 1274 1200 1630 1266; x_wconf 80' lang='lat' dir='ltr'>suspicionem</span> <span class='ocrx_word' id='word_1_104' title='bbox 1659 1215 1810 1251; x_wconf 87' lang='lat' dir='ltr'>men-</span> 
     </span>
     <span class='ocr_line' id='line_1_15' title="bbox 204 1269 1806 1334; baseline 0.002 -11"><span class='ocrx_word' id='word_1_105' title='bbox 204 1269 369 1334; x_wconf 90' lang='lat' dir='ltr'>tibus,</span> <span class='ocrx_word' id='word_1_106' title='bbox 401 1286 525 1324; x_wconf 88' lang='lat' dir='ltr'>cum</span> <span class='ocrx_word' id='word_1_107' title='bbox 556 1271 763 1325; x_wconf 89' lang='lat' dir='ltr'>timeret</span> <span class='ocrx_word' id='word_1_108' title='bbox 789 1270 945 1334; x_wconf 85' lang='lat' dir='ltr'>Otho,</span> <span class='ocrx_word' id='word_1_109' title='bbox 978 1273 1282 1325; x_wconf 77' lang='lat' dir='ltr'>timebatur.</span> <span class='ocrx_word' id='word_1_110' title='bbox 1361 1271 1461 1326; x_wconf 89' lang='lat' dir='ltr'>Sed</span> <span class='ocrx_word' id='word_1_111' title='bbox 1488 1273 1626 1326; x_wconf 80' lang='lat' dir='ltr'>haud</span> <span class='ocrx_word' id='word_1_112' title='bbox 1651 1290 1806 1326; x_wconf 86' lang='lat' dir='ltr'>secus</span> 
     </span>
     <span class='ocr_line' id='line_1_16' title="bbox 202 1343 1808 1416; baseline 0.001 -18"><span class='ocrx_word' id='word_1_113' title='bbox 202 1343 515 1400; x_wconf 81' lang='lat' dir='ltr'>discrimine</span> <span class='ocrx_word' id='word_1_114' title='bbox 552 1353 787 1408; x_wconf 73' lang='lat' dir='ltr'>senatuS,</span> <span class='ocrx_word' id='word_1_115' title='bbox 830 1363 993 1416; x_wconf 86' lang='lat' dir='ltr'>quam</span> <span class='ocrx_word' id='word_1_116' title='bbox 1024 1363 1144 1406; x_wconf 91' lang='lat' dir='ltr'>suo,</span> <span class='ocrx_word' id='word_1_117' title='bbox 1178 1347 1412 1407; x_wconf 88' lang='lat' dir='ltr'>territus,</span> <span class='ocrx_word' id='word_1_118' title='bbox 1447 1357 1496 1400; x_wconf 88' lang='lat' dir='ltr'>et</span> <span class='ocrx_word' id='word_1_119' title='bbox 1520 1346 1808 1416; x_wconf 74' lang='lat' dir='ltr'>praefectos</span> 
     </span>
     <span class='ocr_line' id='line_1_17' title="bbox 203 1418 1808 1492; baseline 0.002 -20"><span class='ocrx_word' id='word_1_120' title='bbox 203 1419 449 1490; x_wconf 87' lang='lat' dir='ltr'>praetorii</span> <span class='ocrx_word' id='word_1_121' title='bbox 468 1418 535 1474; x_wconf 86' lang='lat' dir='ltr'>ad</span> <span class='ocrx_word' id='word_1_122' title='bbox 565 1418 885 1492; x_wconf 76' lang='lat' dir='ltr'>mitigandas</span> <span class='ocrx_word' id='word_1_123' title='bbox 908 1419 1142 1474; x_wconf 89' lang='lat' dir='ltr'>militum</span> <span class='ocrx_word' id='word_1_124' title='bbox 1172 1421 1278 1472; x_wconf 85' lang='lat' dir='ltr'>iras</span> <span class='ocrx_word' id='word_1_125' title='bbox 1299 1423 1474 1474; x_wconf 80' lang='lat' dir='ltr'>statim</span> <span class='ocrx_word' id='word_1_126' title='bbox 1500 1427 1732 1480; x_wconf 80' lang='lat' dir='ltr'>miserat,</span> <span class='ocrx_word' id='word_1_127' title='bbox 1757 1430 1808 1475; x_wconf 89' lang='lat' dir='ltr'>et</span> 
     </span>
     <span class='ocr_line' id='line_1_18' title="bbox 204 1492 1808 1565; baseline -0.001 -16"><span class='ocrx_word' id='word_1_128' title='bbox 204 1492 351 1549; x_wconf 88' lang='lat' dir='ltr'>abire</span> <span class='ocrx_word' id='word_1_129' title='bbox 370 1509 591 1565; x_wconf 86' lang='lat' dir='ltr'>propere</span> <span class='ocrx_word' id='word_1_130' title='bbox 608 1510 794 1549; x_wconf 87' lang='lat' dir='ltr'>omnes</span> <span class='ocrx_word' id='word_1_131' title='bbox 814 1509 844 1548; x_wconf 91' lang='lat' dir='ltr'>e</span> <span class='ocrx_word' id='word_1_132' title='bbox 861 1495 1110 1548; x_wconf 86' lang='lat' dir='ltr'>convivio</span> <span class='ocrx_word' id='word_1_133' title='bbox 1129 1494 1304 1549; x_wconf 88' lang='lat' dir='ltr'>iussit.</span> <span class='ocrx_word' id='word_1_134' title='bbox 1381 1493 1516 1548; x_wconf 86' lang='lat' dir='ltr'>Tum</span> <span class='ocrx_word' id='word_1_135' title='bbox 1544 1511 1668 1549; x_wconf 85' lang='lat' dir='ltr'>vero</span> <span class='ocrx_word' id='word_1_136' title='bbox 1687 1512 1808 1565; x_wconf 85' lang='lat' dir='ltr'>pas-</span> 
     </span>
     <span class='ocr_line' id='line_1_19' title="bbox 204 1568 1804 1642; baseline 0 -19"><span class='ocrx_word' id='word_1_137' title='bbox 204 1569 310 1625; x_wconf 87' lang='lat' dir='ltr'>sim</span> <span class='ocrx_word' id='word_1_138' title='bbox 339 1570 699 1642; x_wconf 83' lang='lat' dir='ltr'>magistratus,</span> <span class='ocrx_word' id='word_1_139' title='bbox 731 1568 977 1639; x_wconf 84' lang='lat' dir='ltr'>proiectis</span> <span class='ocrx_word' id='word_1_140' title='bbox 1008 1568 1336 1641; x_wconf 79' lang='lat' dir='ltr'>insignibus,</span> <span class='ocrx_word' id='word_1_141' title='bbox 1361 1570 1517 1623; x_wconf 84' lang='lat' dir='ltr'>vitata</span> <span class='ocrx_word' id='word_1_142' title='bbox 1547 1573 1804 1623; x_wconf 76' lang='lat' dir='ltr'>oemitum</span> 
     </span>
     <span class='ocr_line' id='line_1_20' title="bbox 202 1642 1808 1715; baseline 0 -16"><span class='ocrx_word' id='word_1_143' title='bbox 202 1652 255 1699; x_wconf 89' lang='lat' dir='ltr'>et</span> <span class='ocrx_word' id='word_1_144' title='bbox 284 1660 559 1702; x_wconf 85' lang='lat' dir='ltr'>servorum</span> <span class='ocrx_word' id='word_1_145' title='bbox 600 1642 915 1715; x_wconf 75' lang='lat' dir='ltr'>frequentia,</span> <span class='ocrx_word' id='word_1_146' title='bbox 959 1660 1114 1697; x_wconf 87' lang='lat' dir='ltr'>senes</span> <span class='ocrx_word' id='word_1_147' title='bbox 1148 1642 1500 1715; x_wconf 80' lang='lat' dir='ltr'>feminaeque,</span> <span class='ocrx_word' id='word_1_148' title='bbox 1545 1663 1636 1715; x_wconf 87' lang='lat' dir='ltr'>per</span> <span class='ocrx_word' id='word_1_149' title='bbox 1665 1656 1808 1699; x_wconf 78' lang='lat' dir='ltr'>tene-</span> 
     </span>
     <span class='ocr_line' id='line_1_21' title="bbox 204 1717 1808 1791; baseline -0.001 -16"><span class='ocrx_word' id='word_1_150' title='bbox 204 1718 348 1782; x_wconf 85' lang='lat' dir='ltr'>bras,</span> <span class='ocrx_word' id='word_1_151' title='bbox 370 1717 582 1773; x_wconf 84' lang='lat' dir='ltr'>diversa</span> <span class='ocrx_word' id='word_1_152' title='bbox 603 1718 754 1773; x_wconf 86' lang='lat' dir='ltr'>urbis</span> <span class='ocrx_word' id='word_1_153' title='bbox 774 1718 982 1783; x_wconf 84' lang='lat' dir='ltr'>itinera,</span> <span class='ocrx_word' id='word_1_154' title='bbox 1012 1720 1118 1775; x_wconf 83' lang='lat' dir='ltr'>rari</span> <span class='ocrx_word' id='word_1_155' title='bbox 1137 1719 1343 1779; x_wconf 73' lang='lat' dir='ltr'>donnes,</span> <span class='ocrx_word' id='word_1_156' title='bbox 1369 1718 1586 1791; x_wconf 87' lang='lat' dir='ltr'>plurimi</span> <span class='ocrx_word' id='word_1_157' title='bbox 1609 1724 1808 1774; x_wconf 77' lang='lat' dir='ltr'>amic-o-</span> 
     </span>
     <span class='ocr_line' id='line_1_22' title="bbox 205 1793 1808 1866; baseline 0.001 -19"><span class='ocrx_word' id='word_1_158' title='bbox 205 1809 329 1847; x_wconf 89' lang='lat' dir='ltr'>rum</span> <span class='ocrx_word' id='word_1_159' title='bbox 351 1799 583 1863; x_wconf 79' lang='lat' dir='ltr'>tecta,et,</span> <span class='ocrx_word' id='word_1_160' title='bbox 608 1800 667 1849; x_wconf 87' lang='lat' dir='ltr'>ut</span> <span class='ocrx_word' id='word_1_161' title='bbox 688 1793 887 1866; x_wconf 86' lang='lat' dir='ltr'>cuique</span> <span class='ocrx_word' id='word_1_162' title='bbox 904 1794 1249 1851; x_wconf 88' lang='lat' dir='ltr'>humillimus</span> <span class='ocrx_word' id='word_1_163' title='bbox 1269 1794 1456 1859; x_wconf 87' lang='lat' dir='ltr'>cliens,</span> <span class='ocrx_word' id='word_1_164' title='bbox 1481 1797 1706 1850; x_wconf 84' lang='lat' dir='ltr'>incertas</span> <span class='ocrx_word' id='word_1_165' title='bbox 1729 1794 1808 1849; x_wconf 87' lang='lat' dir='ltr'>la-</span> 
     </span>
     <span class='ocr_line' id='line_1_23' title="bbox 204 1866 651 1938; baseline 0 -15"><span class='ocrx_word' id='word_1_166' title='bbox 204 1867 379 1923; x_wconf 81' lang='lat' dir='ltr'>tebras</span> <span class='ocrx_word' id='word_1_167' title='bbox 398 1866 651 1938; x_wconf 82' lang='lat' dir='ltr'>petivere.</span> 
     </span>
    </p>

    <p class='ocr_par' dir='ltr' id='par_1_4' title="bbox 200 1940 1808 2692">
     <span class='ocr_line' id='line_1_24' title="bbox 318 1940 1807 2015; baseline 0.003 -21"><span class='ocrx_word' id='word_1_168' title='bbox 318 1943 402 1997; x_wconf 79' lang='lat'>82.</span> <span class='ocrx_word' id='word_1_169' title='bbox 443 1940 675 1998; x_wconf 83' lang='lat' dir='ltr'>Militum</span> <span class='ocrx_word' id='word_1_170' title='bbox 705 1942 919 2015; x_wconf 85' lang='lat' dir='ltr'>inpetus</span> <span class='ocrx_word' id='word_1_171' title='bbox 948 1960 1018 1999; x_wconf 88' lang='lat' dir='ltr'>ne</span> <span class='ocrx_word' id='word_1_172' title='bbox 1046 1942 1250 2000; x_wconf 83' lang='lat' dir='ltr'>foribus</span> <span class='ocrx_word' id='word_1_173' title='bbox 1274 1943 1494 2015; x_wconf 85' lang='lat' dir='ltr'>quidem</span> <span class='ocrx_word' id='word_1_174' title='bbox 1517 1942 1695 2015; x_wconf 81' lang='lat' dir='ltr'>palatii</span> <span class='ocrx_word' id='word_1_175' title='bbox 1719 1960 1807 1999; x_wconf 81' lang='lat' dir='ltr'>oo-</span> 
     </span>
     <span class='ocr_line' id='line_1_25' title="bbox 204 2016 1806 2089; baseline 0.001 -18"><span class='ocrx_word' id='word_1_176' title='bbox 204 2016 423 2081; x_wconf 89' lang='lat' dir='ltr'>ercitus,</span> <span class='ocrx_word' id='word_1_177' title='bbox 463 2033 573 2088; x_wconf 89' lang='lat' dir='ltr'>quo</span> <span class='ocrx_word' id='word_1_178' title='bbox 610 2017 797 2073; x_wconf 88' lang='lat' dir='ltr'>minus</span> <span class='ocrx_word' id='word_1_179' title='bbox 822 2020 1132 2076; x_wconf 78' lang='lat' dir='ltr'>convivium</span> <span class='ocrx_word' id='word_1_180' title='bbox 1171 2021 1558 2089; x_wconf 84' lang='lat' dir='ltr'>inrumperent</span> <span class='ocrx_word' id='word_1_181' title='bbox 1599 2018 1806 2073; x_wconf 83' lang='lat' dir='ltr'>ostendi</span> 
     </span>
     <span class='ocr_line' id='line_1_26' title="bbox 204 2090 1802 2156; baseline 0 -10"><span class='ocrx_word' id='word_1_182' title='bbox 204 2090 312 2147; x_wconf 89' lang='lat' dir='ltr'>sibi</span> <span class='ocrx_word' id='word_1_183' title='bbox 340 2090 601 2147; x_wconf 84' lang='lat' dir='ltr'>Othonem</span> <span class='ocrx_word' id='word_1_184' title='bbox 632 2108 661 2147; x_wconf 89' lang='lat' dir='ltr'>e</span> <span class='ocrx_word' id='word_1_185' title='bbox 768 2091 1054 2149; x_wconf 87' lang='lat' dir='ltr'>stulantes:</span> <span class='ocrx_word' id='word_1_186' title='bbox 1097 2093 1376 2149; x_wconf 82' lang='lat' dir='ltr'>vulnerato</span> <span class='ocrx_word' id='word_1_187' title='bbox 1395 2094 1528 2149; x_wconf 89' lang='lat' dir='ltr'>lulio</span> <span class='ocrx_word' id='word_1_188' title='bbox 1549 2092 1802 2156; x_wconf 79' lang='lat' dir='ltr'>Martiale,</span> 
     </span>
     <span class='ocr_line' id='line_1_27' title="bbox 202 2166 1804 2241; baseline 0 -20"><span class='ocrx_word' id='word_1_189' title='bbox 202 2166 439 2233; x_wconf 86' lang='lat' dir='ltr'>tribuno,</span> <span class='ocrx_word' id='word_1_190' title='bbox 470 2174 521 2221; x_wconf 91' lang='lat' dir='ltr'>et</span> <span class='ocrx_word' id='word_1_191' title='bbox 538 2166 655 2223; x_wconf 89' lang='lat' dir='ltr'>Vite</span> <span class='ocrx_word' id='word_1_192' title='bbox 698 2185 749 2223; x_wconf 86' lang='grc' dir='ltr'>ιο</span> <span class='ocrx_word' id='word_1_193' title='bbox 772 2166 1078 2233; x_wconf 88' lang='lat' dir='ltr'>Saturnino,</span> <span class='ocrx_word' id='word_1_194' title='bbox 1109 2168 1372 2240; x_wconf 87' lang='lat' dir='ltr'>praefecto</span> <span class='ocrx_word' id='word_1_195' title='bbox 1401 2168 1644 2241; x_wconf 83' lang='lat' dir='ltr'>legionis,</span> <span class='ocrx_word' id='word_1_196' title='bbox 1671 2168 1804 2222; x_wconf 88' lang='lat' dir='ltr'>dum</span> 
     </span>
     <span class='ocr_line' id='line_1_28' title="bbox 202 2240 1806 2315; baseline 0 -19"><span class='ocrx_word' id='word_1_197' title='bbox 202 2240 485 2297; x_wconf 87' lang='lat' dir='ltr'>ruentibus</span> <span class='ocrx_word' id='word_1_198' title='bbox 510 2241 797 2299; x_wconf 86' lang='lat' dir='ltr'>obsistunt.</span> <span class='ocrx_word' id='word_1_199' title='bbox 876 2242 1128 2315; x_wconf 84' lang='lat' dir='ltr'>Undique</span> <span class='ocrx_word' id='word_1_200' title='bbox 1153 2261 1299 2299; x_wconf 85' lang='lat' dir='ltr'>arma</span> <span class='ocrx_word' id='word_1_201' title='bbox 1328 2252 1380 2298; x_wconf 91' lang='lat' dir='ltr'>et</span> <span class='ocrx_word' id='word_1_202' title='bbox 1408 2246 1605 2306; x_wconf 80' lang='lat' dir='ltr'>minae,</span> <span class='ocrx_word' id='word_1_203' title='bbox 1650 2242 1806 2311; x_wconf 81' lang='lat' dir='ltr'>modo</span> 
     </span>
     <span class='ocr_line' id='line_1_29' title="bbox 202 2316 1808 2389; baseline -0.001 -18"><span class='ocrx_word' id='word_1_204' title='bbox 202 2318 261 2371; x_wconf 90' lang='lat' dir='ltr'>in</span> <span class='ocrx_word' id='word_1_205' title='bbox 290 2317 625 2373; x_wconf 84' lang='lat' dir='ltr'>centuriones</span> <span class='ocrx_word' id='word_1_206' title='bbox 654 2316 1023 2389; x_wconf 85' lang='lat' dir='ltr'>tribunosque,</span> <span class='ocrx_word' id='word_1_207' title='bbox 1057 2318 1214 2375; x_wconf 87' lang='lat' dir='ltr'>modo</span> <span class='ocrx_word' id='word_1_208' title='bbox 1243 2321 1300 2373; x_wconf 91' lang='lat' dir='ltr'>in</span> <span class='ocrx_word' id='word_1_209' title='bbox 1321 2330 1564 2373; x_wconf 86' lang='lat' dir='ltr'>senatum</span> <span class='ocrx_word' id='word_1_210' title='bbox 1591 2318 1808 2371; x_wconf 85' lang='lat' dir='ltr'>univer-</span> 
     </span>
     <span class='ocr_line' id='line_1_30' title="bbox 202 2388 1808 2465; baseline 0 -20"><span class='ocrx_word' id='word_1_211' title='bbox 202 2408 356 2447; x_wconf 90' lang='lat' dir='ltr'>sum.</span> <span class='ocrx_word' id='word_1_212' title='bbox 398 2388 691 2465; x_wconf 83' lang='lat' dir='ltr'>lymphatis</span> <span class='ocrx_word' id='word_1_213' title='bbox 719 2409 873 2455; x_wconf 85' lang='lat' dir='ltr'>caeco</span> <span class='ocrx_word' id='word_1_214' title='bbox 899 2409 1094 2463; x_wconf 85' lang='lat' dir='ltr'>pavore</span> <span class='ocrx_word' id='word_1_215' title='bbox 1129 2394 1347 2456; x_wconf 87' lang='lat' dir='ltr'>animis,</span> <span class='ocrx_word' id='word_1_216' title='bbox 1382 2403 1452 2456; x_wconf 88' lang='lat' dir='ltr'>et,</span> <span class='ocrx_word' id='word_1_217' title='bbox 1481 2394 1608 2464; x_wconf 82' lang='lat' dir='ltr'>quia</span> <span class='ocrx_word' id='word_1_218' title='bbox 1635 2392 1808 2445; x_wconf 82' lang='lat' dir='ltr'>nemi-</span> 
     </span>
     <span class='ocr_line' id='line_1_31' title="bbox 202 2466 1804 2539; baseline 0 -18"><span class='ocrx_word' id='word_1_219' title='bbox 202 2482 327 2521; x_wconf 90' lang='lat' dir='ltr'>nem</span> <span class='ocrx_word' id='word_1_220' title='bbox 358 2483 529 2521; x_wconf 89' lang='lat' dir='ltr'>unum</span> <span class='ocrx_word' id='word_1_221' title='bbox 553 2466 855 2523; x_wconf 85' lang='lat' dir='ltr'>destinare</span> <span class='ocrx_word' id='word_1_222' title='bbox 840 2484 951 2523; x_wconf 86' lang='lat' dir='ltr'>irae</span> <span class='ocrx_word' id='word_1_223' title='bbox 968 2477 1228 2539; x_wconf 82' lang='lat' dir='ltr'>poterent,</span> <span class='ocrx_word' id='word_1_224' title='bbox 1253 2468 1554 2523; x_wconf 84' lang='lat' dir='ltr'>licentiam</span> <span class='ocrx_word' id='word_1_225' title='bbox 1541 2486 1594 2521; x_wconf 82' lang='lat' dir='ltr'>in</span> <span class='ocrx_word' id='word_1_226' title='bbox 1617 2484 1804 2522; x_wconf 88' lang='lat' dir='ltr'>omnes</span> 
     </span>
     <span class='ocr_line' id='line_1_32' title="bbox 200 2528 1806 2613; baseline 0.001 -17"><span class='ocrx_word' id='word_1_227' title='bbox 200 2540 572 2613; x_wconf 87' lang='lat' dir='ltr'>poscentibus:</span> <span class='ocrx_word' id='word_1_228' title='bbox 614 2541 782 2599; x_wconf 89' lang='lat' dir='ltr'>donec</span> <span class='ocrx_word' id='word_1_229' title='bbox 810 2541 967 2607; x_wconf 90' lang='lat' dir='ltr'>Otho,</span> <span class='ocrx_word' id='word_1_230' title='bbox 998 2552 1178 2598; x_wconf 87' lang='lat' dir='ltr'>contra</span> <span class='ocrx_word' id='word_1_231' title='bbox 1206 2542 1406 2599; x_wconf 86' lang='lat' dir='ltr'>decus</span> <span class='ocrx_word' id='word_1_232' title='bbox 1394 2545 1626 2613; x_wconf 80' lang='lat' dir='ltr'>imperii,</span> <span class='ocrx_word' id='word_1_233' title='bbox 1659 2528 1806 2597; x_wconf 80' lang='lat' dir='ltr'>thoro</span> 
     </span>
     <span class='ocr_line' id='line_1_33' title="bbox 200 2616 1808 2692; baseline 0 -22"><span class='ocrx_word' id='word_1_234' title='bbox 200 2616 478 2682; x_wconf 87' lang='lat' dir='ltr'>insistens,</span> <span class='ocrx_word' id='word_1_235' title='bbox 507 2616 757 2689; x_wconf 88' lang='lat' dir='ltr'>precibus</span> <span class='ocrx_word' id='word_1_236' title='bbox 786 2626 837 2672; x_wconf 87' lang='lat' dir='ltr'>et</span> <span class='ocrx_word' id='word_1_237' title='bbox 864 2616 1116 2692; x_wconf 82' lang='lat' dir='ltr'>lacrymis</span> <span class='ocrx_word' id='word_1_238' title='bbox 1144 2633 1298 2691; x_wconf 85' lang='lat' dir='ltr'>aegre</span> <span class='ocrx_word' id='word_1_239' title='bbox 1325 2617 1592 2674; x_wconf 85' lang='lat' dir='ltr'>cohibuit:</span> <span class='ocrx_word' id='word_1_240' title='bbox 1635 2617 1808 2671; x_wconf 89' lang='lat' dir='ltr'>redie-</span> 
     </span>
    </p>
   </div>
   <div class='ocr_carea' id='block_1_3' title="bbox 200 2690 1800 2822">
    <p class='ocr_par' dir='ltr' id='par_1_5' title="bbox 200 2690 1800 2822">
     <span class='ocr_line' id='line_1_34' title="bbox 200 2690 1800 2821; baseline 0.002 -77"><span class='ocrx_word' id='word_1_241' title='bbox 200 2700 439 2819; x_wconf 59' lang='lat' dir='ltr'>rur÷tque</span> <span class='ocrx_word' id='word_1_242' title='bbox 471 2692 737 2820; x_wconf 73' lang='lat' dir='ltr'>inncastra</span> <span class='ocrx_word' id='word_1_243' title='bbox 764 2693 944 2760; x_wconf 81' lang='lat' dir='ltr'>inviti,</span> <span class='ocrx_word' id='word_1_244' title='bbox 984 2710 1163 2766; x_wconf 88' lang='lat' dir='ltr'>neque</span> <span class='ocrx_word' id='word_1_245' title='bbox 1187 2694 1514 2821; x_wconf 55' lang='lat' dir='ltr'>innoegntes.</span> <span class='ocrx_word' id='word_1_246' title='bbox 1595 2690 1800 2751; x_wconf 82' lang='lat' dir='ltr'>Postera</span> 
     </span>
     <span class='ocr_line' id='line_1_35' title="bbox 320 2780 489 2822; baseline 0.018 -3"><span class='ocrx_word' id='word_1_247' title='bbox 320 2780 489 2822; x_wconf 70' lang='lat' dir='ltr'>Actms</span> 
     </span>
    </p>
   </div>
  </div>
 </body>
</html>
