2081 3038
266 208 330 262 42
742 197 1386 260 ursToRnuu'm
1587 180 1865 277 (A.u‘.82.·..

264 313 343 368 Ac
371 313 569 378 statim,
599 312 826 368 inmissa
850 313 1064 368 cohorte
1082 311 1370 376 Thracum,
1393 309 1625 383 depulsi,
1647 317 1716 376 et,
1738 327 1872 367 oon-

264 387 589 443 sectantihus
620 387 903 443 Germanis
935 387 1279 459 Rhaetisque‚
1309 402 1407 458 per
1433 385 1600 441 silvas
1627 393 1789 459 atque
1808 387 1866 441 in

265 462 401 534 ipsis
424 460 637 517 latebris
659 463 923 517 mitridati.
1003 461 1169 518 Multa
1196 461 1479 516 hominum
1498 459 1669 516 millia
1689 477 1862 525 caesa,

266 535 433 592 multa
453 536 558 591 sub
576 553 767 592 corona
786 536 1105 592 venundata.
1185 535 1451 607 Cumque,
1477 535 1671 590 dirutis
1689 536 1869 590 omni-

264 611 391 677 bus,
419 610 760 677 Aventicum,
788 611 962 685 gentis
982 617 1160 683 caput,
1185 610 1328 666 iusto
1344 610 1561 697 agmine
1577 618 1862 682 peteretur,

268 686 442 751 missi,
474 687 571 758 qui
600 686 849 741 dederent
872 685 1169 741 civitatem:
1211 693 1263 740 et
1279 684 1477 754 deditio
1495 692 1725 756 accepta.
1803 685 1863 738 In

264 760 468 816 Iulium
495 760 773 832 Alpinum,
816 778 847 815 e
870 760 1226 832 principibus,
1266 767 1328 815 ut
1361 759 1678 815 concitorem
1713 757 1861 823 belli,

266 834 489 890 Caecina
518 835 917 891 animadvertit:
960 842 1158 891 ceteros
1185 835 1374 890 veniae
1393 833 1478 889 vel
1503 833 1754 890 saevitiae
1771 833 1868 890 Vi-

265 909 399 964 tellii
416 909 651 981 reliquit.

374 987 460 1039 69.
502 983 655 1039 Haud
674 982 825 1038 facile
844 983 989 1040 dictu
1010 982 1140 1050 est,l
1211 985 1280 1040 ati
1300 983 1661 1040 Helvetiorum
1680 983 1866 1038 minus

266 1057 580 1132 placabilem
600 1059 991 1130 imperatorem,
1016 1075 1084 1114 an
1104 1060 1182 1114 mi
1204 1060 1352 1124 item,
1373 1059 1696 1114 invenerint.
1775 1055 1867 1112 Ci-

267 1134 448 1188 vitatis
479 1132 746 1188 excidium
778 1140 1024 1204 poscunt,
1056 1132 1156 1188 tela
1183 1150 1246 1188 ac
1269 1150 1464 1188 manus
1482 1133 1540 1188 in
1559 1151 1649 1189 ora
1670 1131 1868 1206 legato-

266 1224 388 1261 rum
428 1207 704 1262 intentant.
783 1208 864 1262 Ne
888 1206 1137 1263 Vitellius
1164 1208 1384 1280 quidem
1414 1208 1580 1264 minis
1605 1225 1671 1262 ac
1685 1207 1866 1262 verbis

270 1281 617 1352 temperabat:
660 1298 785 1336 cum
820 1281 1078 1337 Claudius
1105 1281 1324 1348 Cossus,
1355 1299 1511 1337 unus
1551 1300 1619 1338 ex
1656 1281 1862 1355 legatis,

269 1365 417 1411 notae
439 1355 733 1423 facundiae,
746 1356 840 1411 sed
860 1356 1073 1412 dicendi
1093 1365 1259 1412 artem
1277 1365 1396 1427 apta
1415 1355 1760 1428 trepidatione
1777 1373 1868 1411 oc-

266 1429 475 1486 cultans
494 1438 654 1504 atque
672 1448 733 1486 eo
751 1431 995 1497 validior,
1024 1431 1212 1486 militis
1237 1433 1481 1487 animum
1501 1431 1782 1506 mitigavit,
1807 1439 1867 1485 ut

266 1514 348 1561 est
383 1525 501 1563 mos
529 1506 711 1581 vulgo,
752 1506 1063 1563 mutabilem
1093 1507 1308 1573 subitis,
1348 1514 1402 1562 et
1429 1513 1536 1562 tam
1555 1524 1786 1579 pronum
1806 1507 1864 1561 in

268 1582 707 1647 misericordiam,
731 1599 895 1654 quam
917 1582 1222 1638 inmodicus
1241 1582 1494 1638 saevitiae
1511 1581 1698 1638 fuerat.
1771 1580 1866 1637 Ef-

268 1656 405 1711 fusis
426 1655 680 1721 lacrimis,
704 1664 757 1711 et
774 1656 989 1712 meliora
1008 1658 1338 1713 constantius
1357 1656 1690 1728 postulando,
1703 1658 1867 1729 inpu-

268 1731 484 1785 nitatem
504 1729 839 1803 salutemque
856 1730 1057 1786 civitati
1079 1732 1425 1803 inpetravere.

375 1806 462 1859 70.
505 1804 726 1860 Caecina
743 1822 939 1876 paucos
959 1806 1018 1861 in
1037 1805 1294 1862 Helvetiis
1312 1815 1548 1863 moratus
1567 1806 1701 1871 dies,
1731 1804 1866 1861 dum

266 1880 555 1935 sententiae
562 1878 761 1937 Vitellii
781 1881 971 1936 certior
988 1880 1152 1947 fieret,
1165 1880 1330 1936 simul
1350 1881 1634 1937 transitum
1644 1880 1866 1952 Alpium

266 1972 479 2025 paranS,
513 1954 709 2009 laetum
746 1971 813 2010 ex
840 1954 987 2009 Italia
1014 1956 1265 2011 nuntium
1293 1956 1509 2027 accipit,
1549 1959 1692 2010 alam
1719 1955 1868 2011 Sila-

266 2047 413 2093 num,
458 2031 603 2084 oir'ca
619 2031 816 2084 Padum
832 2040 1080 2098 aqentem,
1121 2040 1446 2087 sacramento
1472 2032 1664 2085 Vitellii
1687 2047 1868 2085 acces-

266 2108 409 2158 sisse.
467 2104 841 2159 Proconsulem
861 2104 1137 2161 Vitellium
1157 2104 1362 2179 Syllani
1383 2105 1440 2161 in
1465 2103 1642 2161 Africa
1662 2104 1869 2159 habue-

266 2184 413 2233 rant:
456 2196 581 2234 mox
600 2196 629 2232 a
651 2180 877 2245 Nerone,
900 2187 961 2234 ut
979 2180 1036 2234 in
1057 2180 1362 2255 Aegyptum
1382 2180 1863 2252 praemitterentur,

268 2252 446 2317 exciti,
480 2260 531 2307 et
558 2253 627 2308 cb
655 2253 857 2309 bellum
886 2254 1126 2311 Vindicis
1146 2255 1394 2321 revocati,
1417 2262 1614 2309 actum
1634 2254 1692 2310 in
1718 2254 1866 2309 Italia

267 2333 561 2392 manenteS,
597 2327 853 2383 instinctu
878 2328 1248 2395 decurionum,
1291 2329 1388 2403 qui
1415 2327 1641 2401 Othonis
1667 2328 1864 2403 ignari,

265 2400 476 2458 Vitellio
503 2401 759 2467 obstricti,
792 2402 954 2458 robur
985 2404 1385 2460 adventantium
1412 2402 1681 2477 legionum
1710 2411 1772 2471 et,
1787 2402 1868 2459 fa-

266 2492 412 2531 mam
432 2476 734 2532 Germanici
756 2478 1017 2533 exercitus
1035 2478 1372 2545 adtollebant,
1391 2479 1645 2534 transiere
1665 2478 1720 2533 in
1741 2494 1868 2549 par-

266 2558 374 2605 tes:
418 2558 487 2617 et,
530 2558 590 2607 ut
616 2551 817 2607 donum
848 2551 1066 2624 aliquod
1094 2570 1230 2610 novo
1258 2552 1511 2626 principi,
1554 2553 1867 2607 firmissima

267 2623 674 2697 Transpadanae
700 2626 931 2701 regionis
958 2628 1254 2699 municipia
1279 2626 1638 2684 Mediolanum
1668 2644 1732 2681 ac
1757 2627 1869 2682 No-

267 2697 469 2754 variam
490 2707 543 2757 et
565 2700 883 2773 Eporediam
902 2718 965 2758 ac
982 2702 1246 2760 Vercellas
1267 2702 1574 2759 adiunxere.
1655 2700 1713 2756 Id
1733 2700 1869 2757 Cae-
