2081 3038
307 206 371 258 u
781 206 1430 255 ins'ronunun
1630 199 1904 271 (mmm.

306 318 549 384 quartam
569 317 622 365 et
639 309 1122 366 duodevicesimam
1146 307 1400 382 legiones,
1419 307 1606 380 paucis
1625 307 1909 364 seditionis

306 387 629 450 auctoribus,
663 403 769 442 non
797 384 932 440 ultra
962 385 1124 438 verba
1153 401 1214 439 ac
1243 401 1398 439 voces
1427 401 1650 447 errasse,
1675 392 1728 438 et
1752 383 1907 438 brevi

306 463 362 517 iu
380 461 554 516 officio
574 478 709 516 esse.
789 461 897 515 Nec
916 459 1089 514 ullum
1111 460 1332 514 orationi
1353 469 1443 513 aut
1465 459 1790 514 lenocinium
1811 459 1910 513 ad-

306 537 383 592 dit
402 546 493 592 aut
513 538 764 607 pretium.
807 535 1032 590 Tribuni
1054 544 1227 589 tamen
1247 538 1692 605 centurionesque
1710 542 1763 587 et
1782 552 1909 605 pro-

306 613 439 667 ximi
485 612 717 666 militum
760 618 906 684 grata
946 609 1131 664 auditu
1174 609 1518 682 respondent:
1571 625 1665 680 per
1704 618 1907 665 ceteros

309 688 569 743 maestitia
606 705 667 741 ac
703 686 997 749 silentium,
1021 693 1295 756 tamquam
1323 692 1631 756 usurpatam
1664 686 1824 738 etiam
1848 686 1903 740 in

307 780 435 835 pace
454 762 686 817 donativi
709 762 1071 816 necessitatem
1094 758 1232 815 bello
1247 759 1620 831 perdidissent.
1665 759 1901 824 Constat,

308 839 542 909 potuisse
566 836 833 892 conciliari
854 837 1064 890 animos
1081 834 1575 907 quantulacumque
1590 836 1737 907 parci
1759 839 1907 890 senis

308 913 633 968 liberalitate.
713 913 905 967 Nocuit
923 912 1180 984 antiquus
1200 913 1341 982 rigor
1360 920 1410 965 et
1429 911 1598 966 nimia
1617 912 1902 977 severitas3

307 989 391 1043 cui
417 989 523 1042 iam
544 1003 695 1057 pares
716 1004 820 1041 non
841 1003 1056 1040 sumus.

420 1066 500 1117 19.
543 1061 670 1117 Inde
698 1061 841 1132 apud
870 1069 1115 1115 senatum
1146 1077 1252 1116 non
1277 1062 1534 1132 comptior
1553 1059 1773 1126 Galbae,
1798 1078 1905 1116 non

310 1138 530 1211 longior,
572 1154 736 1208 quam
764 1137 909 1208 apud
936 1135 1162 1191 militem
1179 1177 1193 1201 ,
1235 1153 1437 1192 sermo:
1488 1136 1698 1191 Pisonis
1737 1137 1906 1191 comis

306 1214 485 1267 oratio.
565 1211 633 1265 Et
649 1220 862 1283 patrum
885 1210 1031 1266 favor
1050 1210 1254 1279 aderat3
1299 1210 1455 1269 multi
1475 1210 1745 1267 voluntate
1773 1211 1907 1266 effu-

306 1289 449 1354 sius3
510 1287 607 1359 qui
644 1285 945 1352 noluerant,
990 1286 1190 1354 medie;
1234 1304 1296 1341 ac
1320 1287 1543 1358 plurimi
1565 1286 1726 1343 obvio
1751 1287 1910 1342 obse-

307 1365 455 1433 quio,
489 1364 722 1434 privatas
745 1378 872 1433 spes
898 1363 1178 1435 agitanteS‚
1201 1363 1320 1416 sine
1337 1362 1551 1434 publica
1572 1378 1718 1416 cura.
1797 1362 1909 1416 Nec

308 1438 455 1492 aliud
482 1439 725 1510 sequenti
753 1438 1037 1510 quatriduo
1065 1437 1232 1512 (quod
1256 1437 1494 1492 medium
1515 1438 1652 1492 inter
1671 1436 1909 1508 adoptio—

314 1534 430 1568 nem
454 1523 503 1568 et
523 1513 735 1570 caedem
756 1512 874 1587 fuit)
893 1513 1098 1570 dictum
1118 1532 1148 1569 a
1165 1514 1354 1569 Pisone
1371 1514 1428 1568 in
1447 1512 1662 1587 publico
1681 1510 1909 1568 factum-

316 1608 393 1645 ve.
474 1590 842 1646 Crebrioribus
862 1591 921 1645 in
939 1590 1054 1645 dies
1076 1589 1420 1646 Germanicae
1438 1587 1746 1643 defectionis
1766 1606 1911 1644 nun-

312 1667 419 1730 tiis,
444 1674 495 1720 et
523 1663 664 1721 facili
693 1666 903 1720 civitate
931 1666 1000 1720 ad
1018 1665 1322 1737 accipienda
1341 1664 1708 1735 credendaque
1725 1665 1908 1719 omnia

313 1758 466 1806 nova,
490 1758 614 1795 cum
637 1741 806 1795 tristia
826 1748 970 1805 sunt,
994 1748 1310 1796 censuerant
1328 1748 1522 1812 patres,
1545 1739 1909 1796 mittendosad

314 1816 690 1871 Germanicum
738 1817 1027 1871 exercitum
1078 1815 1295 1889 legatos.
1374 1813 1646 1888 Agitatum
1685 1823 1904 1880 secreto,

314 1909 442 1945 num
466 1902 516 1945 et
536 1892 657 1946 Piso
682 1890 1119 1962 proficisceretur,
1147 1891 1346 1946 maiore
1362 1899 1665 1962 praetextu3
1708 1890 1791 1945 illi
1812 1908 1911 1947 au-

312 1968 601 2021 ctoritatem
631 1974 866 2030 senatus,
910 1966 999 2020 hic
1027 1966 1385 2039 dignationem
1417 1965 1656 2021 Caesaris
1678 1964 1903 2022 laturus.

317 2042 554 2096 Placebat
572 2050 622 2096 et
635 2042 916 2106 Laconem,
940 2042 1182 2112 praetorii
1204 2039 1547 2113 praefectum,
1559 2040 1724 2096 simul
1747 2042 1904 2097 mitti.

317 2118 364 2171 ls
403 2115 623 2171 consilio
662 2116 974 2171 intercessit.
1055 2118 1234 2190 Legati
1273 2134 1491 2189 quoque
1517 2115 1660 2190 (nam
1690 2126 1909 2173 senatus

822 2208 838 2245 ³
857 2192 1187 2264 permiserat)
1201 2192 1343 2247 foeda
1366 2192 1715 2247 inconstantia
1735 2193 1912 2248 nomi-

822 2266 1039 2333 bstituti,
1059 2268 1261 2322 ambitu
1283 2268 1590 2322 remanendi
1610 2276 1702 2322 aut
1720 2267 1900 2334 eundi,

822 2361 854 2396 ‚s
873 2342 955 2396 vel
976 2361 1099 2414 spes
1119 2342 1400 2413 inpulerat.

822 2419 1070 2488 pecuniae
1089 2436 1244 2472 cura:
1269 2425 1321 2471 et
1340 2426 1527 2473 cuncta
1547 2419 1912 2474 scrutantibus

822 2511 876 2547 m
897 2502 995 2558 est,
1020 2494 1142 2549 inde
1162 2494 1346 2564 repeti,
1362 2494 1504 2549 unde
1525 2494 1733 2565 inopiae
1753 2511 1911 2549 caus-

822 2569 965 2623 ricies
994 2569 1190 2623 millies
1211 2571 1520 2624 sestertium
1534 2568 1910 2626 donationibus

848 2642 1116 2715 Adpellari
1162 2645 1406 2717 singulos
1453 2646 1639 2709 iussit,
1683 2646 1911 2701 decuma

822 2752 823 2763 κ
864 2719 1007 2791 apud
1049 2736 1322 2792 quemque
1350 2736 1532 2774 eorum
1566 2719 1761 2775 relicta.
1845 2721 1912 2777 At
