2081 3038
238 300 245 306 ,
314 245 407 296 ⁴08
868 245 1343 316 ANNAmuM
1615 236 1916 312 ¹(i.u.773.

1755 315 1762 322 a

313 349 428 405 lum
446 346 751 422 provinciae
768 345 993 405 inlatum
1010 367 1023 416 ;
1066 357 1284 404 senatus
1297 389 1322 421 ,v
1348 363 1634 420 nunquam
1649 345 1780 404 satis
1799 366 1924 404 cre-

311 425 447 490 dito,
482 425 599 485 sine
616 421 801 479 fraude
822 421 1510 479 Germanicuminteriisse.
1591 417 1614 499 [
1615 464 1754 480 .....
1779 426 1922 481 scri-

312 500 546 572 psissent
593 497 1015 570 expostulantes:
1073 499 1216 571 quod
1257 497 1402 554 haud
1441 499 1626 554 minus
1651 499 1921 556 Tiberius

312 591 477 648 quam
499 575 621 630 Piso
637 570 914 648 abnuere.]
993 571 1167 628 Simul
1184 573 1372 647 populi
1391 581 1511 628 ante
1529 573 1744 636 curiam,
1757 593 1919 631 voces

312 649 685 706 audiebantur:
710 667 815 706 non
831 657 1207 716 temperaturos
1224 653 1478 712 mambae,
1497 655 1547 705 si
1559 658 1775 720 patrum
1794 668 1920 708 sen-

312 731 500 781 centias
518 730 775 781 evasisset.
852 722 1186 798 Effigiesque
1203 723 1412 782 Pisonis
1435 731 1701 780 traxerant
1724 726 1785 780 in
1807 725 1922 780 Ge-

313 803 518 858 monias
532 841 547 870 ‚
588 817 649 856 ao
674 798 1033 865 devellehant,
1074 799 1132 857 ni
1159 799 1314 854 iussu
1350 799 1613 876 principis
1649 809 1920 874 protectae

310 877 676 950 repositaeque
702 871 887 937 forent,
968 872 1138 964 Igitur
1164 873 1368 930 inditus
1397 873 1606 930 lecticae
1621 915 1635 940 ,
1677 883 1730 930 et
1756 894 1787 931 a
1817 879 1920 952 tri-=

312 953 458 1008 buno
484 951 773 1024 praetoriae
800 951 1029 1009 cohortis
1057 948 1318 1006 deductus
1347 958 1452 1006 est:
1499 949 1914 1025 varior-umore,

312 1036 490 1084 custos
510 1025 672 1084 saluti
691 1043 759 1081 an
779 1019 966 1082 mortis
984 1034 1193 1083 exactor
1213 1033 1543 1100 sequeretur.
1765 1023 1770 1030 '

424 1106 506 1158 ⁴5.
547 1099 746 1156 Eadem
766 1098 1049 1159 Plancinae
1067 1101 1290 1165 invidia,
1312 1101 1481 1158 maior
1495 1101 1694 1176 gratia:
1741 1117 1920 1176 eoque

314 1178 630 1252 ambiguum
651 1175 963 1242 habebatur,
985 1184 1252 1250 quantum
1262 1175 1553 1251 Caesariin
1571 1193 1690 1235 eam
1703 1174 1912 1244 liceret.

311 1256 487 1327 Atque
505 1253 643 1325 ipsa,
673 1251 839 1308 donec
857 1251 1065 1311 mediae
1082 1251 1264 1308 Pisoni
1282 1268 1426 1324 spes,
1448 1257 1716 1314 sociam-ae
1735 1255 1918 1306 cuius-

316 1347 530 1398 cumque
546 1334 805 1398 fortunae,
828 1337 893 1392 et,
914 1333 963 1386 εἰ
982 1333 1061 1384 ita
1077 1333 1254 1399 ferret,
1267 1333 1500 1397 comitem
1519 1327 1672 1399 emilii
1688 1329 1918 1398 promit-

312 1404 469 1460 tebat.
536 1403 605 1460 Ut
622 1402 838 1459 secretis
856 1401 1132 1477 Augustae
1150 1403 1401 1477 precibus
1420 1396 1634 1460 veniam
1659 1402 1912 1468 obtinuit,

312 1479 590 1554 paullatim
630 1479 899 1555 segregari
934 1495 967 1535 a
1002 1479 1193 1538 marito
1207 1522 1220 1545 ,
1270 1477 1510 1549 dividere
1549 1476 1914 1538 defensionem

312 1557 499 1631 eoepit.
580 1553 734 1623 Quod
752 1572 877 1613 reus
904 1563 1192 1629 postquam
1221 1552 1326 1610 sibi
1355 1553 1623 1621 exitiabile
1642 1552 1911 1626 intelligit,

312 1652 382 1689 an
406 1632 583 1690 adhue
601 1630 929 1703 experiretur
947 1628 1220 1694 dubitans,
1243 1625 1579 1687 hortantibus
1595 1626 1744 1689 filiis,
1755 1628 1917 1683 durat

314 1716 567 1772 mentem,
599 1715 953 1778 senatumque
983 1723 1202 1762 rursum
1221 1706 1544 1781 ingreditur:
1587 1704 1917 1777 redintegra-

314 1792 533 1857 tamque
563 1782 970 1850 aocusationem,
1001 1780 1238 1836 infensas
1257 1789 1472 1855 patrum
1494 1798 1668 1845 vectae,
1692 1778 1913 1835 adversa

315 1866 367 1913 et
395 1874 553 1913 saeva
578 1864 768 1913 cuncta
796 1873 1104 1930 perpessus,
1137 1855 1288 1912 nullo
1314 1854 1488 1931 magis
1509 1854 1791 1922 exterritus
1811 1864 1913 1921 est,

314 1950 482 2005 quam
502 1931 649 2006 quod
667 1930 943 1987 Tiberium
966 1932 1091 1987 sine
1114 1932 1470 2005 miseratione,
1493 1932 1611 1995 sine
1629 1931 1728 1997 ira,
1748 1929 1919 1988 obsti-

317 2016 503 2067 natum
530 2005 885 2081 clausumque
902 2006 1056 2073 yidit,
1086 2023 1154 2062 ne
1181 2024 1291 2083 quo
1315 2004 1524 2065 adfectu
1538 2019 1922 2081 perrumpere-

316 2092 425 2144 tur·
480 2082 697 2142 Relatus
714 2083 956 2149 domum,
984 2090 1262 2156 tamquam
1281 2080 1641 2155 defensionem
1660 2082 1720 2137 in
1737 2087 1921 2159 poste-

315 2177 440 2224 rum
465 2158 827 2233 meditaretur,
859 2156 1031 2231 pauca
1057 2157 1345 2235 eonsoribit
1369 2157 1740 2237 obsignatque,
1771 2163 1829 2219 et
1852 2154 1920 2213 li-

318 2236 465 2300 berto
492 2234 683 2301 tradit„
746 2232 884 2297 Tum
913 2231 1066 2289 solita
1094 2233 1328 2292 curando
1347 2234 1554 2307 corpori
1581 2232 1915 2303 exsequitur,

317 2311 469 2381 Dein,
497 2308 721 2374 multam
760 2317 881 2381 post
913 2304 1122 2368 'noctem
1137 2352 1152 2377 ,
1195 2326 1408 2385 egressa
1437 2304 1693 2373 eubiculo
1727 2323 1916 2373 uxore,

315 2386 511 2459 operiri
551 2382 687 2441 fores
723 2384 911 2448 iussit:
963 2392 1031 2439 et·
1053 2393 1232 2457 ooepta
1270 2384 1409 2451 luoe,
1438 2380 1678 2457 perfosso
1705 2381 1917 2457 iugulo,

316 2464 519 2527 iacente
537 2460 691 2525 humi
711 2456 908 2534 gladio,
928 2468 1170 2531 repertus
1191 2467 1288 2516 est.
1781 2458 1783 2460 ’

429 2540 511 2593 16.
552 2531 756 2593 Audire
780 2552 870 2603 me
898 2535 1123 2593 memini
1156 2552 1226 2591 ex
1247 2536 1568 2603 senioribus,
1592 2532 1776 2607 visum
1801 2550 1924 2594 sae-

396 2630 444 2667 is
463 2612 600 2669 inter
616 2629 812 2681 manus
830 2610 1042 2673 Pisonis
1059 2609 1324 2677 libellum,
1345 2628 1509 2683 quem
1530 2610 1647 2683 ipse
1667 2626 1776 2666 non
1797 2606 1926 2666 vul-

414 2686 549 2755 ·erit;
590 2686 685 2743 sed
703 2688 902 2743 amieos
922 2686 1040 2742 eius
1059 2686 1404 2751 dictitavisse‚
1430 2690 1633 2761 litteras
1657 2684 1855 2739 Tiberii
1875 2693 1926 2738 et

430 2765 568 2821 *data
588 2766 643 2817 in
666 2760 1030 2819 Germanicum
1051 2766 1337 2821 continere.-
1379 2779 1446 2837 ᾳο
1463 2766 1776 2835 destinatum
1788 2776 1928 2837 pro—
