2081 3038
271 182 371 239 200
745 189 1393 239 111sTOR1ARUM
1602 184 1874 258 (eman.

270 289 430 345 ratim
459 287 715 345 adsistere
740 282 909 347 iubet.
989 291 1114 349 Illos
1140 294 1351 365 primus
1385 293 1565 349 statim
1593 294 1876 366 adspectus

270 363 719 437 obstupefecerat:
760 384 887 421 cum
915 384 983 424 ex
1010 368 1224 424 diverso
1251 367 1399 425 velut
1434 370 1624 435 aciem,
1667 368 1784 424 telis
1823 377 1878 425 et

272 441 439 497 armis
470 448 694 507 trucem,
736 449 903 498 semet
930 442 1142 500 clausos
1169 443 1451 516 nudosque
1481 452 1532 499 et
1559 444 1764 499 inluvie
1782 444 1878 501 de-

270 514 851 589 formes,adspicerent.
892 518 961 574 Ut
970 536 1098 574 vero
1116 518 1226 574 huc
1243 518 1374 576 illuc
1391 519 1616 575 distrahi
1636 536 1873 591 coepere,

270 600 451 648 metus
470 608 565 665 per
584 609 771 649 omnes
791 600 842 649 et
857 596 1144 667 praecipua
1157 595 1462 651 Germanici
1481 594 1670 651 militis
1694 594 1880 650 formi-

272 668 361 734 do,
393 677 669 741 tamquam
697 685 759 723 ea
786 671 1117 741 separatione
1133 669 1202 725 ad
1220 669 1434 725 caedem
1454 670 1875 725 destinarentur:

271 760 525 817 prensare
542 743 1084 816 commanipularium
1102 754 1330 818 pectora,
1343 745 1645 801 cervicibus
1655 746 1852 801 innecti
1867 785 1880 809 ‚

272 836 526 891 suprema
552 818 736 875 oscula
761 828 957 892 petere,
988 838 1056 875 ne
1079 825 1442 877 desererentur
1464 824 1582 884 soli,
1614 838 1731 884 neu,
1749 823 1886 889 pari

270 892 331 950 in
349 912 555 959 caussa,
582 898 847 963 disparem
868 901 1136 965 fortunam
1147 904 1484 964 paterentur:
1523 895 1680 951 modo
1705 896 1884 962 Muci,-

273 987 462 1037 anum,
487 969 645 1025 modo
670 970 943 1025 absentem
962 971 1284 1042 principem,
1312 978 1644 1042 postremum
1665 970 1879 1027 caelum

272 1063 334 1101 ac
350 1046 477 1101 deos
494 1044 771 1100 obtestari:
802 1044 971 1101 donec
989 1046 1292 1111 Mucianae,
1307 1055 1516 1101 cunctos
1533 1050 1758 1101 eiusdem
1783 1064 1881 1101 εα-

274 1126 542 1184 cramenti,
586 1124 810 1175 eiusdem
835 1124 1168 1189 imperatoria
1194 1125 1384 1176 milites
1417 1120 1712 1192 adpellans,
1745 1120 1884 1177 falso

273 1196 450 1251 timori
468 1194 683 1249 obviam
704 1197 821 1249 iret.
871 1194 1119 1267 Namque
1138 1203 1190 1251 et
1209 1195 1374 1251 victor
1392 1198 1656 1251 exercitus
1675 1195 1882 1253 clamo-

273 1286 331 1326 re
350 1269 597 1324 lacrimas
614 1286 798 1325 eorum
819 1271 1057 1327 iuvabat.
1119 1272 1278 1343 Isque
1297 1270 1422 1327 finis
1441 1270 1531 1326 illa
1551 1271 1656 1327 die.
1737 1272 1884 1327 Pau-

272 1346 351 1400 cis
380 1353 501 1417 post
519 1344 730 1411 diebus,
762 1345 1136 1419 adloquentem
1162 1347 1522 1402 Domitianum
1551 1346 1746 1402 firmati
1767 1348 1882 1403 iam

273 1437 543 1493 excepere.
595 1419 867 1493 Spei-nunt
883 1421 1087 1479 oblatos
1111 1439 1292 1495 agros:
1335 1421 1584 1487 militiam
1604 1431 1657 1478 et
1672 1422 1883 1493 stipen-

275 1494 361 1552 dia
398 1505 566 1554 orant.
648 1497 835 1554 Preces
873 1506 1039 1564 erant,
1081 1498 1177 1554 sed
1215 1497 1420 1571 quibus
1457 1498 1742 1556 contradici
1769 1515 1879 1556 non

272 1582 469 1646 posset.
550 1573 715 1646 Igitur
745 1574 802 1628 in
829 1575 1155 1646 praetorium
1181 1575 1399 1646 accepti.
1481 1575 1639 1640 Dein,
1669 1574 1880 1646 quibus

273 1658 415 1702 aetas
434 1655 487 1702 et
502 1648 642 1703 iusta
662 1649 945 1721 stipendia,
959 1649 1174 1705 dimissi
1193 1667 1319 1704 cum
1337 1649 1554 1716 honore,
1567 1648 1661 1705 alii
1680 1649 1752 1704 ob
1760 1650 1884 1706 cul-

271 1740 426 1794 pam3
468 1722 565 1778 sed
592 1725 812 1794 carptim
844 1742 906 1779 ac
933 1723 1165 1797 singuli:
1209 1727 1318 1796 quo
1349 1726 1617 1781 tutissimo
1641 1725 1883 1780 remedio

274 1814 566 1853 consensus
587 1799 948 1856 multitudinis
968 1808 1304 1856 extenuatur.

384 1875 463 1928 47.
523 1873 769 1930 Ceterum
808 1891 1003 1930 verane
1043 1875 1313 1948 pauperie,
1353 1893 1422 1930 an
1465 1876 1542 1931 uti
1580 1873 1878 1942 videretur,

272 1955 449 2004 actum
470 1949 525 2004 in
546 1958 753 2014 senatu,
778 1959 836 2004 ut
853 1956 1141 2005 sexcenties
1155 1955 1448 2006 sestertium
1465 1969 1500 2006 a
1513 1955 1742 2019 privatis
1760 1969 1882 2006 mu-

272 2033 416 2079 tuum
443 2031 783 2093 acciperetur.
861 2024 1308 2099 Praepositusque
1335 2026 1386 2080 ci
1413 2041 1573 2080 curae
1597 2026 1880 2098 Poppaeus

271 2097 543 2155 Silvanus.
622 2100 733 2154 Nec
759 2098 929 2155 multo
953 2108 1074 2172 post
1092 2101 1380 2156 necessitas
1398 2101 1549 2166 abiit,
1573 2100 1690 2156 sive
1707 2103 1880 2157 omis-

270 2193 328 2229 sa
348 2173 638 2230 simulatio.
700 2174 950 2250 Abrogati
971 2176 1118 2242 inde,
1141 2175 1312 2250 legem
1333 2175 1532 2232 ferente
1553 2175 1874 2244 Domitiano,

270 2249 599 2314 consulatus,
630 2267 769 2322 quos
788 2249 1035 2308 Vitellius
1059 2251 1300 2308 dederat:
1345 2250 1622 2325 funusque
1640 2254 1880 2309 censori-

273 2342 366 2378 um
389 2323 573 2380 Flavio
590 2323 789 2381 Sabino
804 2325 1059 2384 ductum:
1103 2345 1293 2402 magna
1314 2327 1631 2383 documenta
1649 2327 1879 2384 instabi-

271 2398 339 2453 lis
362 2397 620 2464 fortunae,
644 2419 969 2474 summaque
988 2403 1168 2458 etima
1185 2403 1481 2458 miscentis.

381 2476 463 2529 48.
505 2475 619 2530 Sub
647 2476 792 2532 idem
821 2485 1034 2548 tempus
1064 2477 1125 2532 L.
1157 2478 1280 2533 Piso
1307 2477 1592 2550 proconsul
1623 2477 1879 2534 interfici-

270 2556 373 2602 tur.
452 2549 527 2604 Ea
548 2550 615 2605 de
634 2551 791 2607 caede
808 2569 974 2625 quam
997 2552 1277 2610 verissime
1303 2553 1607 2624 expediam,
1637 2554 1685 2608 si
1703 2569 1878 2624 pauca

270 2639 431 2692 supra
453 2625 727 2696 repetiero,
756 2626 827 2682 ab
852 2627 1005 2684 initio
1028 2624 1348 2700 caussisque
1365 2625 1555 2684 talium
1575 2626 1876 2684 facinorum

270 2710 374 2750 non
395 2697 645 2756 absurda.
722 2701 887 2776 Legio
904 2703 965 2760 in
980 2700 1160 2760 Africa
1183 2701 1495 2777 auxiliaque
1513 2701 1750 2762 tutandis
1769 2703 1878 2760 im-
