<?xml version="1.0" encoding="UTF-8"?>
<!DOCTYPE html PUBLIC "-//W3C//DTD XHTML 1.0 Transitional//EN"
    "http://www.w3.org/TR/xhtml1/DTD/xhtml1-transitional.dtd">
<html xmlns="http://www.w3.org/1999/xhtml" xml:lang="en" lang="en">
 <head>
  <title>
</title>
<meta http-equiv="Content-Type" content="text/html;charset=utf-8" />
  <meta name='ocr-system' content='tesseract 3.04.00' />
  <meta name='ocr-capabilities' content='ocr_page ocr_carea ocr_par ocr_line ocrx_word'/>
</head>
<body>
  <div class='ocr_page' id='page_1' title='image "./operaquoadextan03tacigoog/operaquoadextan03tacigoog_0405.png"; bbox 0 0 2081 3038; ppageno 0'>
   <div class='ocr_carea' id='block_1_1' title="bbox 164 240 1759 316">
    <p class='ocr_par' dir='ltr' id='par_1_1' title="bbox 164 240 1759 316">
     <span class='ocr_line' id='line_1_1' title="bbox 164 240 1759 316; baseline -0.003 -16"><span class='ocrx_word' id='word_1_1' title='bbox 164 240 400 316; x_wconf 49' lang='lat' dir='ltr'><strong><em>mete.)</em></strong></span> <span class='ocrx_word' id='word_1_2' title='bbox 536 250 694 294; x_wconf 58' lang='lat'>12113.</span> <span class='ocrx_word' id='word_1_3' title='bbox 732 249 881 294; x_wconf 79' lang='lat' dir='ltr'><strong><em>xvr.</em></strong></span> <span class='ocrx_word' id='word_1_4' title='bbox 926 251 1104 294; x_wconf 80' lang='lat' dir='ltr'>cAl‘.</span> <span class='ocrx_word' id='word_1_5' title='bbox 1149 251 1386 294; x_wconf 77' lang='lat'><strong>10—-12,</strong></span> <span class='ocrx_word' id='word_1_6' title='bbox 1660 241 1759 296; x_wconf 72' lang='lat'><strong><em>2107</em></strong></span> 
     </span>
    </p>
   </div>
   <div class='ocr_carea' id='block_1_2' title="bbox 161 349 1768 2837">
    <p class='ocr_par' dir='ltr' id='par_1_2' title="bbox 164 349 1760 794">
     <span class='ocr_line' id='line_1_2' title="bbox 164 349 1760 425; baseline -0.003 -16"><span class='ocrx_word' id='word_1_7' title='bbox 164 352 417 425; x_wconf 84' lang='lat' dir='ltr'><strong><em>Neapolin</em></strong></span> <span class='ocrx_word' id='word_1_8' title='bbox 437 351 629 424; x_wconf 82' lang='lat' dir='ltr'><strong><em>pergit.</em></strong></span> <span class='ocrx_word' id='word_1_9' title='bbox 689 349 775 415; x_wconf 90' lang='lat' dir='ltr'><strong><em>Et,</em></strong></span> <span class='ocrx_word' id='word_1_10' title='bbox 798 350 926 424; x_wconf 78' lang='lat' dir='ltr'><strong><em>quia</em></strong></span> <span class='ocrx_word' id='word_1_11' title='bbox 945 349 1091 404; x_wconf 88' lang='lat' dir='ltr'><strong><em>aditu</em></strong></span> <span class='ocrx_word' id='word_1_12' title='bbox 1112 349 1338 404; x_wconf 88' lang='lat' dir='ltr'><strong><em>Neronis</em></strong></span> <span class='ocrx_word' id='word_1_13' title='bbox 1357 349 1760 422; x_wconf 71' lang='lat' dir='ltr'><strong><em>prohibebatur5</em></strong></span> 
     </span>
     <span class='ocr_line' id='line_1_3' title="bbox 164 425 1760 504; baseline -0.002 -20"><span class='ocrx_word' id='word_1_14' title='bbox 164 445 407 504; x_wconf 78' lang='lat' dir='ltr'><strong><em>egressus</em></strong></span> <span class='ocrx_word' id='word_1_15' title='bbox 436 425 705 491; x_wconf 78' lang='lat' dir='ltr'><strong><em>obsidenS,</em></strong></span> <span class='ocrx_word' id='word_1_16' title='bbox 746 429 955 480; x_wconf 79' lang='lat' dir='ltr'><strong><em>audiret</em></strong></span> <span class='ocrx_word' id='word_1_17' title='bbox 991 431 1257 489; x_wconf 78' lang='lat' dir='ltr'><strong><em>insontem,</em></strong></span> <span class='ocrx_word' id='word_1_18' title='bbox 1299 442 1422 480; x_wconf 85' lang='lat' dir='ltr'><strong><em>neve</em></strong></span> <span class='ocrx_word' id='word_1_19' title='bbox 1463 431 1760 482; x_wconf 81' lang='lat' dir='ltr'><strong><em>consulatus</em></strong></span> 
     </span>
     <span class='ocr_line' id='line_1_4' title="bbox 164 499 1760 574; baseline -0.003 -14"><span class='ocrx_word' id='word_1_20' title='bbox 164 510 246 560; x_wconf 81' lang='lat' dir='ltr'><strong><em>sui</em></strong></span> <span class='ocrx_word' id='word_1_21' title='bbox 284 507 543 574; x_wconf 82' lang='lat' dir='ltr'><strong><em>quondam</em></strong></span> <span class='ocrx_word' id='word_1_22' title='bbox 572 503 835 570; x_wconf 72' lang='lat' dir='ltr'><strong><em>conleqam</em></strong></span> <span class='ocrx_word' id='word_1_23' title='bbox 858 504 1064 554; x_wconf 79' lang='lat' dir='ltr'><strong><em>dederet</em></strong></span> <span class='ocrx_word' id='word_1_24' title='bbox 1091 503 1290 565; x_wconf 80' lang='lat' dir='ltr'><strong><em>liberto,</em></strong></span> <span class='ocrx_word' id='word_1_25' title='bbox 1333 499 1489 556; x_wconf 87' lang='lat' dir='ltr'><strong><em>modo</em></strong></span> <span class='ocrx_word' id='word_1_26' title='bbox 1509 500 1760 558; x_wconf 83' lang='lat' dir='ltr'>muliebri</span> 
     </span>
     <span class='ocr_line' id='line_1_5' title="bbox 167 573 1760 650; baseline -0.003 -16"><span class='ocrx_word' id='word_1_27' title='bbox 167 577 383 644; x_wconf 80' lang='lat' dir='ltr'><strong><em>eiulatu,</em></strong></span> <span class='ocrx_word' id='word_1_28' title='bbox 416 573 721 650; x_wconf 88' lang='lat' dir='ltr'><strong><em>aliquando,</em></strong></span> <span class='ocrx_word' id='word_1_29' title='bbox 754 593 945 630; x_wconf 86' lang='lat' dir='ltr'><strong><em>sexum</em></strong></span> <span class='ocrx_word' id='word_1_30' title='bbox 978 591 1210 650; x_wconf 84' lang='lat' dir='ltr'><strong><em>egressa,</em></strong></span> <span class='ocrx_word' id='word_1_31' title='bbox 1242 591 1369 630; x_wconf 87' lang='lat' dir='ltr'><strong><em>voce</em></strong></span> <span class='ocrx_word' id='word_1_32' title='bbox 1396 573 1624 642; x_wconf 83' lang='lat' dir='ltr'><strong><em>insensa,</em></strong></span> <span class='ocrx_word' id='word_1_33' title='bbox 1651 576 1760 631; x_wconf 90' lang='lat' dir='ltr'><strong><em>cla-</em></strong></span> 
     </span>
     <span class='ocr_line' id='line_1_6' title="bbox 168 649 1759 730; baseline -0.003 -20"><span class='ocrx_word' id='word_1_34' title='bbox 168 653 402 719; x_wconf 85' lang='lat' dir='ltr'><strong><em>mitabat,</em></strong></span> <span class='ocrx_word' id='word_1_35' title='bbox 434 651 601 730; x_wconf 78' lang='lat' dir='ltr'><strong><em>donec</em></strong></span> <span class='ocrx_word' id='word_1_36' title='bbox 625 651 875 723; x_wconf 85' lang='lat' dir='ltr'><strong><em>princeps</em></strong></span> <span class='ocrx_word' id='word_1_37' title='bbox 902 649 1216 706; x_wconf 81' lang='lat' dir='ltr'><strong>inmobilem</strong></span> <span class='ocrx_word' id='word_1_38' title='bbox 1245 666 1304 704; x_wconf 90' lang='lat' dir='ltr'><strong><em>se</em></strong></span> <span class='ocrx_word' id='word_1_39' title='bbox 1330 650 1581 722; x_wconf 86' lang='lat' dir='ltr'><strong><em>precibus</em></strong></span> <span class='ocrx_word' id='word_1_40' title='bbox 1607 660 1658 706; x_wconf 87' lang='lat' dir='ltr'><strong><em>et</em></strong></span> <span class='ocrx_word' id='word_1_41' title='bbox 1675 653 1759 706; x_wconf 89' lang='lat' dir='ltr'><strong><em>in-</em></strong></span> 
     </span>
     <span class='ocr_line' id='line_1_7' title="bbox 167 725 1497 794; baseline -0.009 -8"><span class='ocrx_word' id='word_1_42' title='bbox 167 729 339 794; x_wconf 73' lang='lat' dir='ltr'><strong><em>vidiae</em></strong></span> <span class='ocrx_word' id='word_1_43' title='bbox 358 729 506 785; x_wconf 82' lang='lat' dir='ltr'><strong><em>iuxta</em></strong></span> <span class='ocrx_word' id='word_1_44' title='bbox 527 725 772 782; x_wconf 79' lang='lat' dir='ltr'><strong>ostendit.</strong></span> <span class='ocrx_word' id='word_1_45' title='bbox 1495 746 1497 748; x_wconf 89' lang='lat'>·</span> 
     </span>
    </p>

    <p class='ocr_par' dir='ltr' id='par_1_3' title="bbox 162 795 1768 2230">
     <span class='ocr_line' id='line_1_8' title="bbox 277 795 1763 878; baseline -0.002 -19"><span class='ocrx_word' id='word_1_46' title='bbox 277 807 359 860; x_wconf 84' lang='grc' dir='ltr'><strong><em>Η.</em></strong></span> <span class='ocrx_word' id='word_1_47' title='bbox 398 801 539 878; x_wconf 82' lang='lat' dir='ltr'><strong><em>Ergo</em></strong></span> <span class='ocrx_word' id='word_1_48' title='bbox 558 801 767 858; x_wconf 66' lang='lat' dir='ltr'><strong><em>nuntiat</em></strong></span> <span class='ocrx_word' id='word_1_49' title='bbox 783 799 943 874; x_wconf 86' lang='lat' dir='ltr'><strong><em>patri,</em></strong></span> <span class='ocrx_word' id='word_1_50' title='bbox 972 795 1200 856; x_wconf 71' lang='lat' dir='ltr'><strong><em>abiicere</em></strong></span> <span class='ocrx_word' id='word_1_51' title='bbox 1217 809 1356 870; x_wconf 76' lang='lat' dir='ltr'><strong><em>spem</em></strong></span> <span class='ocrx_word' id='word_1_52' title='bbox 1375 809 1424 856; x_wconf 84' lang='lat' dir='ltr'><strong><em>et</em></strong></span> <span class='ocrx_word' id='word_1_53' title='bbox 1441 805 1524 856; x_wconf 74' lang='lat' dir='ltr'><strong><em>uti</em></strong></span> <span class='ocrx_word' id='word_1_54' title='bbox 1540 805 1763 857; x_wconf 71' lang='lat' dir='ltr'><strong><em>necessi-</em></strong></span> 
     </span>
     <span class='ocr_line' id='line_1_9' title="bbox 168 870 1764 948; baseline -0.003 -11"><span class='ocrx_word' id='word_1_55' title='bbox 168 890 283 937; x_wconf 80' lang='lat' dir='ltr'><strong><em>tate.</em></strong></span> <span class='ocrx_word' id='word_1_56' title='bbox 360 870 535 936; x_wconf 85' lang='lat' dir='ltr'><strong><em>Simul</em></strong></span> <span class='ocrx_word' id='word_1_57' title='bbox 574 875 826 942; x_wconf 84' lang='lat' dir='ltr'><strong>adfertur,</strong></span> <span class='ocrx_word' id='word_1_58' title='bbox 859 881 1058 948; x_wconf 76' lang='lat' dir='ltr'><strong><em>parari</em></strong></span> <span class='ocrx_word' id='word_1_59' title='bbox 1095 881 1432 946; x_wconf 74' lang='lat' dir='ltr'><strong><em>coynitionem</em></strong></span> <span class='ocrx_word' id='word_1_60' title='bbox 1467 887 1677 932; x_wconf 79' lang='lat' dir='ltr'><strong><em>senatus</em></strong></span> <span class='ocrx_word' id='word_1_61' title='bbox 1716 885 1764 932; x_wconf 85' lang='lat' dir='ltr'><strong><em>et</em></strong></span> 
     </span>
     <span class='ocr_line' id='line_1_10' title="bbox 168 950 1764 1024; baseline -0.003 -13"><span class='ocrx_word' id='word_1_62' title='bbox 168 967 360 1011; x_wconf 83' lang='lat' dir='ltr'><strong><em>trucem</em></strong></span> <span class='ocrx_word' id='word_1_63' title='bbox 380 959 702 1010; x_wconf 68' lang='lat' dir='ltr'><strong><em>sententiam.</em></strong></span> <span class='ocrx_word' id='word_1_64' title='bbox 752 952 861 1008; x_wconf 87' lang='lat' dir='ltr'><strong><em>Nec</em></strong></span> <span class='ocrx_word' id='word_1_65' title='bbox 879 950 1112 1018; x_wconf 82' lang='lat' dir='ltr'><strong><em>defuere,</em></strong></span> <span class='ocrx_word' id='word_1_66' title='bbox 1143 951 1238 1024; x_wconf 90' lang='lat' dir='ltr'><strong><em>qui</em></strong></span> <span class='ocrx_word' id='word_1_67' title='bbox 1259 960 1550 1020; x_wconf 83' lang='lat' dir='ltr'><strong><em>monerent,</em></strong></span> <span class='ocrx_word' id='word_1_68' title='bbox 1573 969 1764 1022; x_wconf 72' lang='lat' dir='ltr'><strong><em>maqna</em></strong></span> 
     </span>
     <span class='ocr_line' id='line_1_11' title="bbox 166 1027 1764 1099; baseline -0.002 -14"><span class='ocrx_word' id='word_1_69' title='bbox 166 1049 233 1085; x_wconf 74' lang='lat' dir='ltr'><strong><em>em</em></strong></span> <span class='ocrx_word' id='word_1_70' title='bbox 247 1037 401 1099; x_wconf 82' lang='lat' dir='ltr'><strong><em>parte</em></strong></span> <span class='ocrx_word' id='word_1_71' title='bbox 417 1032 683 1084; x_wconf 80' lang='lat' dir='ltr'><strong><em>haeredem</em></strong></span> <span class='ocrx_word' id='word_1_72' title='bbox 708 1027 979 1084; x_wconf 76' lang='lat' dir='ltr'><strong><em>Caesarem</em></strong></span> <span class='ocrx_word' id='word_1_73' title='bbox 998 1045 1318 1096; x_wconf 80' lang='lat' dir='ltr'><strong><em>nuncupare,</em></strong></span> <span class='ocrx_word' id='word_1_74' title='bbox 1340 1037 1496 1098; x_wconf 82' lang='lat' dir='ltr'><strong><em>atque</em></strong></span> <span class='ocrx_word' id='word_1_75' title='bbox 1511 1034 1588 1082; x_wconf 79' lang='lat' dir='ltr'><strong><em>ita</em></strong></span> <span class='ocrx_word' id='word_1_76' title='bbox 1607 1046 1764 1098; x_wconf 80' lang='lat' dir='ltr'><strong><em>nepo-</em></strong></span> 
     </span>
     <span class='ocr_line' id='line_1_12' title="bbox 167 1099 1760 1176; baseline -0.003 -14"><span class='ocrx_word' id='word_1_77' title='bbox 167 1109 301 1162; x_wconf 77' lang='lat' dir='ltr'><strong><em>tibus</em></strong></span> <span class='ocrx_word' id='word_1_78' title='bbox 318 1109 381 1160; x_wconf 83' lang='lat' dir='ltr'><strong><em>de</em></strong></span> <span class='ocrx_word' id='word_1_79' title='bbox 398 1106 599 1176; x_wconf 80' lang='lat' dir='ltr'><strong><em>reliquo</em></strong></span> <span class='ocrx_word' id='word_1_80' title='bbox 618 1105 895 1160; x_wconf 80' lang='lat' dir='ltr'><strong><em>consulere.</em></strong></span> <span class='ocrx_word' id='word_1_81' title='bbox 960 1099 1116 1170; x_wconf 86' lang='lat' dir='ltr'><strong><em>Quod</em></strong></span> <span class='ocrx_word' id='word_1_82' title='bbox 1133 1104 1464 1175; x_wconf 74' lang='lat' dir='ltr'><strong><em>aspernatae,</em></strong></span> <span class='ocrx_word' id='word_1_83' title='bbox 1487 1120 1556 1159; x_wconf 90' lang='lat' dir='ltr'><strong><em>ne</em></strong></span> <span class='ocrx_word' id='word_1_84' title='bbox 1572 1105 1760 1169; x_wconf 86' lang='lat' dir='ltr'><strong><em>vitam,</em></strong></span> 
     </span>
     <span class='ocr_line' id='line_1_13' title="bbox 167 1177 1758 1253; baseline -0.002 -16"><span class='ocrx_word' id='word_1_85' title='bbox 167 1181 407 1253; x_wconf 81' lang='lat' dir='ltr'><strong><em>proxime</em></strong></span> <span class='ocrx_word' id='word_1_86' title='bbox 435 1177 727 1236; x_wconf 79' lang='lat' dir='ltr'><strong><em>libertatem</em></strong></span> <span class='ocrx_word' id='word_1_87' title='bbox 747 1187 937 1244; x_wconf 85' lang='lat' dir='ltr'><strong><em>actam,</em></strong></span> <span class='ocrx_word' id='word_1_88' title='bbox 958 1179 1256 1234; x_wconf 84' lang='lat' dir='ltr'><strong><em>novissimo</em></strong></span> <span class='ocrx_word' id='word_1_89' title='bbox 1274 1179 1492 1236; x_wconf 85' lang='lat' dir='ltr'><strong><em>servitio</em></strong></span> <span class='ocrx_word' id='word_1_90' title='bbox 1511 1177 1758 1244; x_wconf 84' lang='lat' dir='ltr'><strong><em>foedaret,</em></strong></span> 
     </span>
     <span class='ocr_line' id='line_1_14' title="bbox 166 1253 1766 1332; baseline -0.003 -20"><span class='ocrx_word' id='word_1_91' title='bbox 166 1255 387 1332; x_wconf 80' lang='lat' dir='ltr'><strong><em>largitur</em></strong></span> <span class='ocrx_word' id='word_1_92' title='bbox 404 1256 464 1314; x_wconf 87' lang='lat' dir='ltr'><strong><em>in</em></strong></span> <span class='ocrx_word' id='word_1_93' title='bbox 482 1271 684 1322; x_wconf 84' lang='lat' dir='ltr'><strong><em>servos,</em></strong></span> <span class='ocrx_word' id='word_1_94' title='bbox 708 1262 970 1328; x_wconf 88' lang='lat' dir='ltr'><strong><em>quantum</em></strong></span> <span class='ocrx_word' id='word_1_95' title='bbox 991 1253 1170 1309; x_wconf 86' lang='lat' dir='ltr'><strong><em>aderat</em></strong></span> <span class='ocrx_word' id='word_1_96' title='bbox 1187 1255 1474 1326; x_wconf 85' lang='lat' dir='ltr'><strong><em>pecuniae:</em></strong></span> <span class='ocrx_word' id='word_1_97' title='bbox 1504 1261 1573 1321; x_wconf 87' lang='lat' dir='ltr'><strong><em>et,</em></strong></span> <span class='ocrx_word' id='word_1_98' title='bbox 1595 1256 1766 1328; x_wconf 88' lang='lat' dir='ltr'><strong><em>siqua</em></strong></span> 
     </span>
     <span class='ocr_line' id='line_1_15' title="bbox 166 1329 1764 1406; baseline -0.003 -18"><span class='ocrx_word' id='word_1_99' title='bbox 166 1333 420 1406; x_wconf 85' lang='lat' dir='ltr'><strong><em>asportari</em></strong></span> <span class='ocrx_word' id='word_1_100' title='bbox 454 1338 692 1403; x_wconf 82' lang='lat' dir='ltr'><strong><em>possent,</em></strong></span> <span class='ocrx_word' id='word_1_101' title='bbox 732 1329 839 1386; x_wconf 85' lang='lat' dir='ltr'><strong><em>sibi</em></strong></span> <span class='ocrx_word' id='word_1_102' title='bbox 866 1347 1141 1404; x_wconf 89' lang='lat' dir='ltr'><strong><em>quemque</em></strong></span> <span class='ocrx_word' id='word_1_103' title='bbox 1169 1329 1446 1395; x_wconf 86' lang='lat' dir='ltr'><strong><em>deducere,</em></strong></span> <span class='ocrx_word' id='word_1_104' title='bbox 1488 1331 1587 1385; x_wconf 86' lang='lat' dir='ltr'><strong><em>tris</em></strong></span> <span class='ocrx_word' id='word_1_105' title='bbox 1607 1329 1764 1386; x_wconf 89' lang='lat' dir='ltr'><strong><em>modo</em></strong></span> 
     </span>
     <span class='ocr_line' id='line_1_16' title="bbox 164 1401 1766 1480; baseline -0.002 -16"><span class='ocrx_word' id='word_1_106' title='bbox 164 1407 383 1464; x_wconf 89' lang='lat' dir='ltr'><strong><em>lectulos</em></strong></span> <span class='ocrx_word' id='word_1_107' title='bbox 404 1405 470 1462; x_wconf 86' lang='lat' dir='ltr'><strong><em>ad</em></strong></span> <span class='ocrx_word' id='word_1_108' title='bbox 488 1401 739 1480; x_wconf 83' lang='lat' dir='ltr'><strong><em>suprema</em></strong></span> <span class='ocrx_word' id='word_1_109' title='bbox 760 1406 973 1460; x_wconf 88' lang='lat' dir='ltr'><strong><em>retineri</em></strong></span> <span class='ocrx_word' id='word_1_110' title='bbox 993 1404 1160 1460; x_wconf 86' lang='lat' dir='ltr'><strong><em>iubet.</em></strong></span> <span class='ocrx_word' id='word_1_111' title='bbox 1216 1403 1369 1460; x_wconf 91' lang='lat' dir='ltr'><strong><em>Tunc</em></strong></span> <span class='ocrx_word' id='word_1_112' title='bbox 1387 1405 1570 1459; x_wconf 88' lang='lat' dir='ltr'><strong><em>eodem</em></strong></span> <span class='ocrx_word' id='word_1_113' title='bbox 1591 1406 1650 1460; x_wconf 83' lang='lat' dir='ltr'><strong><em>in</em></strong></span> <span class='ocrx_word' id='word_1_114' title='bbox 1670 1423 1766 1460; x_wconf 89' lang='lat' dir='ltr'><strong><em>cu-</em></strong></span> 
     </span>
     <span class='ocr_line' id='line_1_17' title="bbox 164 1476 1768 1553; baseline -0.004 -12"><span class='ocrx_word' id='word_1_115' title='bbox 164 1481 363 1550; x_wconf 86' lang='lat' dir='ltr'><strong><em>biculo,</em></strong></span> <span class='ocrx_word' id='word_1_116' title='bbox 394 1479 576 1539; x_wconf 89' lang='lat' dir='ltr'><strong><em>eodem</em></strong></span> <span class='ocrx_word' id='word_1_117' title='bbox 607 1478 745 1536; x_wconf 85' lang='lat' dir='ltr'><strong><em>ferro</em></strong></span> <span class='ocrx_word' id='word_1_118' title='bbox 776 1476 1097 1537; x_wconf 82' lang='lat' dir='ltr'><strong><em>abscindunt</em></strong></span> <span class='ocrx_word' id='word_1_119' title='bbox 1124 1495 1308 1547; x_wconf 86' lang='lat' dir='ltr'><strong><em>venas,</em></strong></span> <span class='ocrx_word' id='word_1_120' title='bbox 1335 1479 1683 1553; x_wconf 88' lang='lat' dir='ltr'><strong><em>properique,</em></strong></span> <span class='ocrx_word' id='word_1_121' title='bbox 1715 1487 1768 1535; x_wconf 87' lang='lat' dir='ltr'><strong><em>et</em></strong></span> 
     </span>
     <span class='ocr_line' id='line_1_18' title="bbox 164 1552 1768 1634; baseline -0.003 -18"><span class='ocrx_word' id='word_1_122' title='bbox 164 1557 399 1634; x_wconf 77' lang='lat' dir='ltr'><strong><em>singulis</em></strong></span> <span class='ocrx_word' id='word_1_123' title='bbox 427 1556 669 1613; x_wconf 82' lang='lat' dir='ltr'><strong><em>vestibus</em></strong></span> <span class='ocrx_word' id='word_1_124' title='bbox 696 1553 763 1611; x_wconf 87' lang='lat' dir='ltr'><strong><em>ad</em></strong></span> <span class='ocrx_word' id='word_1_125' title='bbox 787 1552 1165 1611; x_wconf 87' lang='lat' dir='ltr'><strong><em>verecundiam</em></strong></span> <span class='ocrx_word' id='word_1_126' title='bbox 1185 1554 1364 1621; x_wconf 86' lang='lat' dir='ltr'><strong><em>velati,</em></strong></span> <span class='ocrx_word' id='word_1_127' title='bbox 1394 1553 1600 1611; x_wconf 84' lang='lat' dir='ltr'><strong><em>balneis</em></strong></span> <span class='ocrx_word' id='word_1_128' title='bbox 1630 1554 1768 1611; x_wconf 81' lang='lat' dir='ltr'><strong><em>infe-</em></strong></span> 
     </span>
     <span class='ocr_line' id='line_1_19' title="bbox 163 1629 1766 1705; baseline -0.002 -14"><span class='ocrx_word' id='word_1_129' title='bbox 163 1642 386 1691; x_wconf 86' lang='lat' dir='ltr'><strong><em>runtur:</em></strong></span> <span class='ocrx_word' id='word_1_130' title='bbox 428 1640 577 1705; x_wconf 89' lang='lat' dir='ltr'><strong><em>pater</em></strong></span> <span class='ocrx_word' id='word_1_131' title='bbox 603 1630 790 1696; x_wconf 80' lang='lat' dir='ltr'><strong><em>filiam,</em></strong></span> <span class='ocrx_word' id='word_1_132' title='bbox 822 1630 942 1686; x_wconf 81' lang='lat' dir='ltr'><strong><em>avia</em></strong></span> <span class='ocrx_word' id='word_1_133' title='bbox 970 1637 1206 1703; x_wconf 80' lang='lat' dir='ltr'><strong><em>neptem,</em></strong></span> <span class='ocrx_word' id='word_1_134' title='bbox 1235 1629 1328 1690; x_wconf 82' lang='lat' dir='ltr'><strong><em>ilia</em></strong></span> <span class='ocrx_word' id='word_1_135' title='bbox 1347 1638 1603 1703; x_wconf 88' lang='lat' dir='ltr'><strong><em>utrosque</em></strong></span> <span class='ocrx_word' id='word_1_136' title='bbox 1619 1629 1766 1687; x_wconf 84' lang='lat' dir='ltr'><strong><em>intu-</em></strong></span> 
     </span>
     <span class='ocr_line' id='line_1_20' title="bbox 166 1703 1766 1779; baseline -0.003 -13"><span class='ocrx_word' id='word_1_137' title='bbox 166 1729 283 1775; x_wconf 82' lang='lat' dir='ltr'><strong><em>enS,</em></strong></span> <span class='ocrx_word' id='word_1_138' title='bbox 316 1716 366 1764; x_wconf 85' lang='lat' dir='ltr'><strong><em>et</em></strong></span> <span class='ocrx_word' id='word_1_139' title='bbox 394 1707 627 1761; x_wconf 76' lang='lat' dir='ltr'><strong><em>certatim</em></strong></span> <span class='ocrx_word' id='word_1_140' title='bbox 660 1712 931 1779; x_wconf 79' lang='lat' dir='ltr'><strong><em>precantes</em></strong></span> <span class='ocrx_word' id='word_1_141' title='bbox 962 1703 1156 1761; x_wconf 86' lang='lat' dir='ltr'><strong><em>labenti</em></strong></span> <span class='ocrx_word' id='word_1_142' title='bbox 1177 1704 1387 1761; x_wconf 85' lang='lat' dir='ltr'><strong><em>animae</em></strong></span> <span class='ocrx_word' id='word_1_143' title='bbox 1406 1704 1630 1763; x_wconf 78' lang='lat' dir='ltr'><strong><em>celerem</em></strong></span> <span class='ocrx_word' id='word_1_144' title='bbox 1651 1708 1766 1762; x_wconf 83' lang='lat' dir='ltr'><strong><em>exi-</em></strong></span> 
     </span>
     <span class='ocr_line' id='line_1_21' title="bbox 166 1776 1760 1854; baseline -0.001 -13"><span class='ocrx_word' id='word_1_145' title='bbox 166 1796 283 1841; x_wconf 88' lang='lat' dir='ltr'><strong><em>tum</em></strong></span> <span class='ocrx_word' id='word_1_146' title='bbox 300 1825 315 1848; x_wconf 94' lang='lat'><strong><em>,</em></strong></span> <span class='ocrx_word' id='word_1_147' title='bbox 355 1789 417 1837; x_wconf 86' lang='lat' dir='ltr'><strong><em>ut</em></strong></span> <span class='ocrx_word' id='word_1_148' title='bbox 453 1780 817 1853; x_wconf 82' lang='lat' dir='ltr'><strong><em>relinquerent</em></strong></span> <span class='ocrx_word' id='word_1_149' title='bbox 850 1784 979 1837; x_wconf 85' lang='lat' dir='ltr'><strong><em>suos</em></strong></span> <span class='ocrx_word' id='word_1_150' title='bbox 1016 1782 1328 1854; x_wconf 84' lang='lat' dir='ltr'><strong><em>superstites</em></strong></span> <span class='ocrx_word' id='word_1_151' title='bbox 1367 1790 1417 1836; x_wconf 88' lang='lat' dir='ltr'><strong><em>et</em></strong></span> <span class='ocrx_word' id='word_1_152' title='bbox 1455 1776 1760 1840; x_wconf 84' lang='lat' dir='ltr'><strong><em>morituros.</em></strong></span> 
     </span>
     <span class='ocr_line' id='line_1_22' title="bbox 164 1854 1761 1930; baseline -0.001 -15"><span class='ocrx_word' id='word_1_153' title='bbox 164 1858 517 1930; x_wconf 77' lang='lat' dir='ltr'><strong><em>servavitque</em></strong></span> <span class='ocrx_word' id='word_1_154' title='bbox 542 1854 782 1912; x_wconf 87' lang='lat' dir='ltr'><strong><em>ordinem</em></strong></span> <span class='ocrx_word' id='word_1_155' title='bbox 806 1854 1043 1915; x_wconf 85' lang='lat' dir='ltr'><strong><em>fortuna:</em></strong></span> <span class='ocrx_word' id='word_1_156' title='bbox 1085 1874 1146 1911; x_wconf 88' lang='lat' dir='ltr'><strong><em>ac</em></strong></span> <span class='ocrx_word' id='word_1_157' title='bbox 1163 1857 1398 1913; x_wconf 84' lang='lat' dir='ltr'><strong><em>seniores</em></strong></span> <span class='ocrx_word' id='word_1_158' title='bbox 1421 1859 1596 1930; x_wconf 85' lang='lat' dir='ltr'><strong><em>prius,</em></strong></span> <span class='ocrx_word' id='word_1_159' title='bbox 1623 1867 1761 1927; x_wconf 86' lang='lat' dir='ltr'><strong><em>tum,</em></strong></span> 
     </span>
     <span class='ocr_line' id='line_1_23' title="bbox 164 1929 1767 2007; baseline -0.002 -16"><span class='ocrx_word' id='word_1_160' title='bbox 164 1934 256 1991; x_wconf 88' lang='lat' dir='ltr'><strong><em>cui</em></strong></span> <span class='ocrx_word' id='word_1_161' title='bbox 276 1934 449 2005; x_wconf 87' lang='lat' dir='ltr'><strong><em>prima</em></strong></span> <span class='ocrx_word' id='word_1_162' title='bbox 469 1938 629 1997; x_wconf 88' lang='lat' dir='ltr'><strong><em>aetas,</em></strong></span> <span class='ocrx_word' id='word_1_163' title='bbox 654 1930 1086 2007; x_wconf 82' lang='lat' dir='ltr'><strong><em>exstinguuntur.</em></strong></span> <span class='ocrx_word' id='word_1_164' title='bbox 1165 1929 1418 1988; x_wconf 85' lang='lat' dir='ltr'><strong><em>Adcusati</em></strong></span> <span class='ocrx_word' id='word_1_165' title='bbox 1443 1941 1566 2006; x_wconf 88' lang='lat' dir='ltr'><strong><em>post</em></strong></span> <span class='ocrx_word' id='word_1_166' title='bbox 1583 1932 1767 2007; x_wconf 82' lang='lat' dir='ltr'><strong><em>sepul-</em></strong></span> 
     </span>
     <span class='ocr_line' id='line_1_24' title="bbox 166 2008 1768 2079; baseline -0.001 -13"><span class='ocrx_word' id='word_1_167' title='bbox 166 2019 365 2075; x_wconf 84' lang='lat' dir='ltr'><strong><em>turam,</em></strong></span> <span class='ocrx_word' id='word_1_168' title='bbox 387 2008 784 2079; x_wconf 84' lang='lat' dir='ltr'><strong><em>decretumque,</em></strong></span> <span class='ocrx_word' id='word_1_169' title='bbox 806 2015 864 2061; x_wconf 79' lang='lat' dir='ltr'><strong><em>ut</em></strong></span> <span class='ocrx_word' id='word_1_170' title='bbox 884 2024 1024 2061; x_wconf 85' lang='lat' dir='ltr'><strong><em>more</em></strong></span> <span class='ocrx_word' id='word_1_171' title='bbox 1040 2011 1296 2063; x_wconf 76' lang='lat' dir='ltr'><strong><em>matorum</em></strong></span> <span class='ocrx_word' id='word_1_172' title='bbox 1308 2012 1641 2077; x_wconf 75' lang='lat' dir='ltr'><strong><em>punirentur.</em></strong></span> <span class='ocrx_word' id='word_1_173' title='bbox 1697 2008 1768 2064; x_wconf 88' lang='lat' dir='ltr'><strong><em>Et</em></strong></span> 
     </span>
     <span class='ocr_line' id='line_1_25' title="bbox 162 2081 1763 2156; baseline -0.001 -16"><span class='ocrx_word' id='word_1_174' title='bbox 162 2088 305 2141; x_wconf 87' lang='lat' dir='ltr'><strong><em>Nero</em></strong></span> <span class='ocrx_word' id='word_1_175' title='bbox 324 2082 638 2149; x_wconf 70' lang='lat' dir='ltr'><strong><em>intercessit,</em></strong></span> <span class='ocrx_word' id='word_1_176' title='bbox 669 2092 882 2155; x_wconf 82' lang='lat' dir='ltr'><strong><em>mortem</em></strong></span> <span class='ocrx_word' id='word_1_177' title='bbox 906 2086 1017 2137; x_wconf 76' lang='lat' dir='ltr'><strong><em>sine</em></strong></span> <span class='ocrx_word' id='word_1_178' title='bbox 1034 2086 1238 2139; x_wconf 80' lang='lat' dir='ltr'><strong><em>arbitro</em></strong></span> <span class='ocrx_word' id='word_1_179' title='bbox 1253 2084 1585 2156; x_wconf 83' lang='lat' dir='ltr'><strong><em>permittens.</em></strong></span> <span class='ocrx_word' id='word_1_180' title='bbox 1665 2081 1763 2151; x_wconf 90' lang='lat' dir='ltr'><strong><em>Ea,</em></strong></span> 
     </span>
     <span class='ocr_line' id='line_1_26' title="bbox 164 2156 1630 2230; baseline 0 -13"><span class='ocrx_word' id='word_1_181' title='bbox 164 2158 419 2217; x_wconf 85' lang='lat' dir='ltr'><strong><em>caedibus</em></strong></span> <span class='ocrx_word' id='word_1_182' title='bbox 441 2157 684 2230; x_wconf 82' lang='lat' dir='ltr'><strong><em>peractis,</em></strong></span> <span class='ocrx_word' id='word_1_183' title='bbox 709 2156 937 2213; x_wconf 84' lang='lat' dir='ltr'><strong><em>ludibria</em></strong></span> <span class='ocrx_word' id='word_1_184' title='bbox 960 2156 1361 2215; x_wconf 87' lang='lat' dir='ltr'><strong><em>adiiciebantur.</em></strong></span> <span class='ocrx_word' id='word_1_185' title='bbox 1623 2212 1630 2217; x_wconf 86' lang='lat'>.</span> 
     </span>
    </p>

    <p class='ocr_par' dir='ltr' id='par_1_4' title="bbox 161 2232 1766 2837">
     <span class='ocr_line' id='line_1_27' title="bbox 280 2232 1766 2308; baseline 0.001 -19"><span class='ocrx_word' id='word_1_186' title='bbox 280 2239 361 2292; x_wconf 68' lang='lat'><strong><em>42.</em></strong></span> <span class='ocrx_word' id='word_1_187' title='bbox 403 2234 461 2289; x_wconf 89' lang='grc' dir='ltr'><strong><em>Ρ.</em></strong></span> <span class='ocrx_word' id='word_1_188' title='bbox 494 2232 701 2300; x_wconf 78' lang='lat' dir='ltr'><strong><em>GalluS,</em></strong></span> <span class='ocrx_word' id='word_1_189' title='bbox 744 2250 909 2305; x_wconf 90' lang='lat' dir='ltr'><strong><em>eques</em></strong></span> <span class='ocrx_word' id='word_1_190' title='bbox 936 2232 1232 2301; x_wconf 88' lang='lat' dir='ltr'><strong><em>Romanus,</em></strong></span> <span class='ocrx_word' id='word_1_191' title='bbox 1272 2233 1418 2308; x_wconf 90' lang='lat' dir='ltr'><strong><em>quod</em></strong></span> <span class='ocrx_word' id='word_1_192' title='bbox 1437 2235 1603 2290; x_wconf 89' lang='lat' dir='ltr'><strong><em>Fenio</em></strong></span> <span class='ocrx_word' id='word_1_193' title='bbox 1626 2232 1766 2291; x_wconf 84' lang='lat' dir='ltr'><strong><em>Rufo</em></strong></span> 
     </span>
     <span class='ocr_line' id='line_1_28' title="bbox 168 2306 1764 2384; baseline 0 -18"><span class='ocrx_word' id='word_1_194' title='bbox 168 2312 393 2367; x_wconf 85' lang='lat' dir='ltr'><strong><em>intimus</em></strong></span> <span class='ocrx_word' id='word_1_195' title='bbox 420 2318 471 2364; x_wconf 88' lang='lat' dir='ltr'><strong><em>et</em></strong></span> <span class='ocrx_word' id='word_1_196' title='bbox 495 2308 671 2365; x_wconf 86' lang='lat' dir='ltr'><strong><em>Veteri</em></strong></span> <span class='ocrx_word' id='word_1_197' title='bbox 699 2326 804 2365; x_wconf 91' lang='lat' dir='ltr'><strong><em>non</em></strong></span> <span class='ocrx_word' id='word_1_198' title='bbox 834 2306 1040 2363; x_wconf 87' lang='lat' dir='ltr'><strong><em>alienus</em></strong></span> <span class='ocrx_word' id='word_1_199' title='bbox 1070 2306 1256 2377; x_wconf 84' lang='lat' dir='ltr'><strong><em>fuerat,</em></strong></span> <span class='ocrx_word' id='word_1_200' title='bbox 1297 2328 1436 2383; x_wconf 89' lang='lat' dir='ltr'><strong><em>aqua</em></strong></span> <span class='ocrx_word' id='word_1_201' title='bbox 1467 2318 1626 2383; x_wconf 87' lang='lat' dir='ltr'><strong><em>atque</em></strong></span> <span class='ocrx_word' id='word_1_202' title='bbox 1648 2311 1764 2384; x_wconf 79' lang='lat' dir='ltr'><strong><em>igni</em></strong></span> 
     </span>
     <span class='ocr_line' id='line_1_29' title="bbox 164 2383 1760 2459; baseline 0.001 -19"><span class='ocrx_word' id='word_1_203' title='bbox 164 2386 466 2459; x_wconf 85' lang='lat' dir='ltr'><strong><em>prohibitus</em></strong></span> <span class='ocrx_word' id='word_1_204' title='bbox 487 2392 583 2439; x_wconf 84' lang='lat' dir='ltr'><strong><em>est.</em></strong></span> <span class='ocrx_word' id='word_1_205' title='bbox 626 2383 837 2439; x_wconf 87' lang='lat' dir='ltr'><strong><em>Liberto</em></strong></span> <span class='ocrx_word' id='word_1_206' title='bbox 857 2393 907 2438; x_wconf 88' lang='lat' dir='ltr'><strong><em>et</em></strong></span> <span class='ocrx_word' id='word_1_207' title='bbox 922 2385 1215 2440; x_wconf 80' lang='lat' dir='ltr'><strong><em>‘accusatori</em></strong></span> <span class='ocrx_word' id='word_1_208' title='bbox 1231 2387 1532 2457; x_wconf 88' lang='lat' dir='ltr'><strong><em>praemium</em></strong></span> <span class='ocrx_word' id='word_1_209' title='bbox 1552 2404 1760 2458; x_wconf 86' lang='lat' dir='ltr'><strong><em>operae,</em></strong></span> 
     </span>
     <span class='ocr_line' id='line_1_30' title="bbox 164 2459 1764 2533; baseline -0.001 -15"><span class='ocrx_word' id='word_1_210' title='bbox 164 2463 314 2518; x_wconf 87' lang='lat' dir='ltr'><strong><em>locus</em></strong></span> <span class='ocrx_word' id='word_1_211' title='bbox 352 2462 411 2517; x_wconf 89' lang='lat' dir='ltr'><strong><em>in</em></strong></span> <span class='ocrx_word' id='word_1_212' title='bbox 450 2460 649 2533; x_wconf 78' lang='lat' dir='ltr'><strong><em>theatro</em></strong></span> <span class='ocrx_word' id='word_1_213' title='bbox 682 2459 819 2514; x_wconf 89' lang='lat' dir='ltr'><strong><em>inter</em></strong></span> <span class='ocrx_word' id='word_1_214' title='bbox 848 2460 1074 2515; x_wconf 85' lang='lat' dir='ltr'><strong><em>viatores</em></strong></span> <span class='ocrx_word' id='word_1_215' title='bbox 1101 2460 1414 2516; x_wconf 87' lang='lat' dir='ltr'><strong><em>tribunicios</em></strong></span> <span class='ocrx_word' id='word_1_216' title='bbox 1445 2460 1618 2517; x_wconf 89' lang='lat' dir='ltr'><strong><em>datur.</em></strong></span> <span class='ocrx_word' id='word_1_217' title='bbox 1697 2462 1764 2517; x_wconf 89' lang='lat' dir='ltr'><strong><em>Et</em></strong></span> 
     </span>
     <span class='ocr_line' id='line_1_31' title="bbox 162 2528 1763 2609; baseline -0.001 -16"><span class='ocrx_word' id='word_1_218' title='bbox 162 2537 392 2602; x_wconf 86' lang='lat' dir='ltr'><strong><em>mensis,</em></strong></span> <span class='ocrx_word' id='word_1_219' title='bbox 404 2536 498 2609; x_wconf 87' lang='lat' dir='ltr'><strong><em>qui</em></strong></span> <span class='ocrx_word' id='word_1_220' title='bbox 512 2528 771 2607; x_wconf 65' lang='lat' dir='ltr'><strong><em>Aprilem,</em></strong></span> <span class='ocrx_word' id='word_1_221' title='bbox 784 2532 1146 2608; x_wconf 77' lang='lat' dir='ltr'><strong><em>eumdemque</em></strong></span> <span class='ocrx_word' id='word_1_222' title='bbox 1161 2536 1481 2602; x_wconf 85' lang='lat' dir='ltr'><strong><em>Neroneum,</em></strong></span> <span class='ocrx_word' id='word_1_223' title='bbox 1502 2536 1763 2608; x_wconf 77' lang='lat' dir='ltr'><strong><em>sequeba-</em></strong></span> 
     </span>
     <span class='ocr_line' id='line_1_32' title="bbox 162 2610 1762 2678; baseline 0 -11"><span class='ocrx_word' id='word_1_224' title='bbox 162 2622 273 2678; x_wconf 89' lang='lat' dir='ltr'><strong><em>tur,</em></strong></span> <span class='ocrx_word' id='word_1_225' title='bbox 306 2612 479 2667; x_wconf 84' lang='lat' dir='ltr'><strong><em>Maius</em></strong></span> <span class='ocrx_word' id='word_1_226' title='bbox 513 2610 736 2676; x_wconf 64' lang='lat' dir='ltr'><strong><em>Claudia,</em></strong></span> <span class='ocrx_word' id='word_1_227' title='bbox 766 2610 956 2666; x_wconf 87' lang='lat' dir='ltr'><strong><em>Iunius</em></strong></span> <span class='ocrx_word' id='word_1_228' title='bbox 991 2610 1306 2677; x_wconf 75' lang='lat' dir='ltr'><strong><em>Germanici,</em></strong></span> <span class='ocrx_word' id='word_1_229' title='bbox 1339 2611 1614 2667; x_wconf 78' lang='lat' dir='ltr'><strong><em>vocabulis</em></strong></span> <span class='ocrx_word' id='word_1_230' title='bbox 1642 2632 1762 2667; x_wconf 90' lang='lat' dir='ltr'><strong><em>mu-</em></strong></span> 
     </span>
     <span class='ocr_line' id='line_1_33' title="bbox 162 2684 1757 2760; baseline 0.001 -17"><span class='ocrx_word' id='word_1_231' title='bbox 162 2696 372 2743; x_wconf 86' lang='lat' dir='ltr'><strong><em>tantur:</em></strong></span> <span class='ocrx_word' id='word_1_232' title='bbox 414 2686 722 2742; x_wconf 83' lang='lat' dir='ltr'><strong><em>testificante</em></strong></span> <span class='ocrx_word' id='word_1_233' title='bbox 748 2684 993 2743; x_wconf 81' lang='lat' dir='ltr'><strong><em>Cornelio</em></strong></span> <span class='ocrx_word' id='word_1_234' title='bbox 1022 2684 1205 2754; x_wconf 83' lang='lat' dir='ltr'><strong><em>Orfito,</em></strong></span> <span class='ocrx_word' id='word_1_235' title='bbox 1247 2686 1343 2760; x_wconf 89' lang='lat' dir='ltr'><strong><em>qui</em></strong></span> <span class='ocrx_word' id='word_1_236' title='bbox 1380 2686 1437 2743; x_wconf 89' lang='lat' dir='ltr'><strong><em>id</em></strong></span> <span class='ocrx_word' id='word_1_237' title='bbox 1465 2698 1757 2756; x_wconf 86' lang='lat' dir='ltr'><strong><em>censuerat,</em></strong></span> 
     </span>
     <span class='ocr_line' id='line_1_34' title="bbox 161 2762 1762 2837; baseline 0.001 -15"><span class='ocrx_word' id='word_1_238' title='bbox 161 2768 282 2822; x_wconf 80' lang='lat' dir='ltr'><strong><em>ideo</em></strong></span> <span class='ocrx_word' id='word_1_239' title='bbox 309 2762 516 2835; x_wconf 74' lang='lat' dir='ltr'><strong><em>Iunium</em></strong></span> <span class='ocrx_word' id='word_1_240' title='bbox 546 2780 765 2819; x_wconf 78' lang='lat' dir='ltr'><strong><em>mensem</em></strong></span> <span class='ocrx_word' id='word_1_241' title='bbox 794 2768 1165 2831; x_wconf 53' lang='lat' dir='ltr'><strong><em>transmissum,</em></strong></span> <span class='ocrx_word' id='word_1_242' title='bbox 1213 2767 1338 2837; x_wconf 76' lang='lat' dir='ltr'><strong><em>quta</em></strong></span> <span class='ocrx_word' id='word_1_243' title='bbox 1366 2766 1470 2820; x_wconf 79' lang='lat' dir='ltr'><strong><em>cluo</em></strong></span> <span class='ocrx_word' id='word_1_244' title='bbox 1494 2767 1602 2823; x_wconf 74' lang='lat' dir='ltr'><strong><em>iam</em></strong></span> <span class='ocrx_word' id='word_1_245' title='bbox 1633 2766 1762 2824; x_wconf 84' lang='lat' dir='ltr'><strong><em>Tor·-</em></strong></span> 
     </span>
    </p>
   </div>
  </div>
 </body>
</html>
