2081 3038
306 261 402 313 426
782 264 1424 311 111sT0R1AnuM
1587 250 1699 329 '(i.
1722 274 1777 311 u.
1801 268 1906 313 823.

302 382 541 440 gressuS,
564 382 673 437 quo
692 364 937 420 licentius
956 364 1180 436 populai
1183 372 1354 420 entur
1429 364 1822 437 Exploratores,
1846 374 1910 423 ut

302 458 419 495 mos
439 448 536 505 est,
562 439 773 513 longius
792 440 1064 494 curabant.

414 520 496 571 ⁴6.
540 515 735 581 Quinta
766 514 929 569 ferme
960 516 1084 569 bora
1113 514 1218 569 diei
1248 522 1374 579 erat,
1419 532 1544 570 cum
1571 516 1710 571 citus
1736 532 1906 589 eques

304 590 585 646 adventare
616 591 811 654 hostes,
842 589 1115 662 praegredi
1138 606 1352 659 panone,
1375 599 1580 645 motum
1601 590 1907 653 fremitum-

303 683 411 737 que
440 666 539 719 late
566 665 738 720 audiri
772 666 1054 719 nuntiavit.
1135 665 1272 734 Dum
1311 664 1595 729 AntoniuS‚
1639 666 1903 737 quidnam

304 741 593 814 agendum,
625 738 903 803 consultat,
939 738 1188 793 aviditate
1213 739 1485 794 navandae
1504 757 1692 810 operae
1712 743 1907 796 Arrius

305 816 477 872 Varus
504 833 627 869 cum
661 815 1076 885 promptissimis
1103 814 1346 884 equitum
1378 815 1636 886 prorupit,
1679 816 1909 887 inpulit-

304 908 413 963 que
434 888 759 953 Vitellianos,
793 889 997 952 modica
1030 889 1217 943 caede:
1262 906 1384 943 nam
1409 888 1646 960 plurium
1670 891 1902 947 adcursu

305 984 455 1021 versa
490 965 715 1021 fortuna.
745 973 794 1018 et
819 965 1111 1018 acerrimus
1131 965 1364 1036 quisque
1383 966 1723 1035 sequentium
1751 964 1908 1039 fugae

308 1039 530 1096 ultimus
550 1048 676 1093 erat.
720 1039 829 1093 Nec
846 1048 1033 1109 sponte
1056 1039 1271 1094 Antonii
1293 1048 1658 1110 properatum3
1703 1050 1753 1095 et
1775 1040 1904 1106 fore,

304 1132 443 1187 quae
481 1113 795 1176 acciderant,
839 1114 1070 1170 rebatur.
1151 1115 1394 1168 Hortatus
1431 1132 1580 1177 suos,
1613 1123 1672 1169 ut
1710 1133 1908 1188 magno

304 1194 483 1245 animo
511 1197 843 1258 capesserent
871 1205 1129 1261 pugnam,
1161 1188 1392 1245 diductis
1421 1191 1476 1244 in
1509 1190 1666 1243 latera
1688 1192 1904 1255 turmis,

303 1281 534 1319 vacuum
579 1262 752 1317 medio
791 1262 1048 1335 relinquit
1075 1264 1191 1328 iter,
1221 1281 1330 1335 quo
1361 1265 1560 1319 Varum
1590 1266 1908 1337 equitesque

304 1340 424 1393 eius
465 1339 745 1408 reciperet.
808 1338 987 1393 iussae
1026 1340 1222 1394 armari
1266 1338 1527 1412 legiones.
1589 1339 1769 1393 datum
1813 1357 1909 1411 per

304 1431 458 1487 agros
479 1415 717 1487 signum.
743 1420 821 1474 ut
844 1431 951 1485 qua
973 1415 1170 1485 cuique
1187 1415 1516 1485 proximum,
1534 1415 1732 1469 omissa
1755 1432 1908 1485 prae-

304 1490 389 1552 da
416 1488 613 1562 proelio
636 1498 987 1544 occurrerent.
1040 1489 1272 1545 Pavidus
1291 1490 1505 1545 interim
1526 1489 1700 1546 Varus
1721 1489 1909 1544 tulbae

304 1584 525 1621 suorum
556 1566 828 1630 miscetur,
858 1565 1146 1654 intulitque
1175 1563 1531 1620 formidinem.
1612 1565 1760 1620 Pulsi
1781 1583 1907 1619 cum

303 1641 502 1696 sauciis
543 1641 753 1712 integri,
796 1641 1111 1712 suometipsi
1151 1649 1294 1694 metu
1325 1649 1375 1694 et
1403 1641 1667 1713 angustiis
1694 1641 1906 1695 viarum

304 1714 755 1770 conflictabantur.

416 1791 497 1844 ⁴7.
536 1788 758 1844 Nullum
780 1789 837 1843 in
859 1788 947 1844 illa
973 1788 1316 1859 trepidatione
1334 1787 1595 1844 Antonius
1615 1790 1906 1844 constantis

302 1863 457 1920 ducis
476 1873 567 1919 aut
590 1864 863 1920 fortissimi
886 1862 1072 1917 militis
1092 1863 1330 1919 osticium
1351 1866 1550 1918 omisit.
1614 1863 1908 1920 Occursare

302 1941 651 2012 paventibus3
703 1942 927 1993 retinere
964 1937 1236 1994 cedentes:
1290 1939 1384 1994 ubi
1423 1939 1693 2010 plurimus
1735 1939 1901 2005 iabor‚

304 2015 447 2070 unde
466 2014 644 2086 aliqua
664 2031 816 2102 spes,
859 2013 1102 2078 consilio,
1133 2031 1316 2078 manu,
1346 2031 1470 2068 voce
1491 2015 1720 2088 insignis
1744 2013 1904 2080 hosti,

302 2089 625 2158 conspicuus
645 2089 789 2142 suis:
832 2105 893 2143 eo
913 2099 1178 2160 postremo
1198 2089 1400 2143 ardoris
1423 2097 1700 2160 provectus
1721 2097 1818 2152 est,
1844 2095 1906 2142 ut

305 2164 643 2220 vexillarium
668 2160 956 2236 fugientem
978 2163 1128 2218 hasta
1155 2164 1628 2218 transverberaiet:
1673 2179 1798 2218 mox
1817 2179 1906 2217 ra-

300 2249 455 2310 ptum
494 2237 755 2294 vexillum
794 2238 851 2293 in
892 2234 1096 2294 hostem
1129 2240 1302 2294 vertit.
1383 2238 1500 2304 Quo
1527 2239 1728 2310 pudore
1758 2237 1902 2293 baud

301 2314 505 2385 plures,
538 2331 701 2385 quam
732 2321 946 2368 centum
974 2316 1199 2386 equite8‚
1230 2315 1484 2369 restitere.
1567 2313 1704 2368 Iuvit
1730 2312 1900 2378 locuS,

302 2391 521 2443 arctiore
548 2389 660 2442 illic
689 2389 795 2453 via,
838 2397 889 2442 et
918 2387 1080 2444 fracto
1107 2387 1456 2444 interfluentis
1483 2391 1583 2443 rivi
1606 2397 1780 2458 ponte,
1804 2389 1903 2460 qui

301 2473 501 2517 incerto
528 2463 677 2518 alveo
704 2472 757 2517 et
784 2463 1166 2535 praecipitibus
1195 2465 1327 2534 ripis
1364 2463 1458 2538 fug
1425 2481 1544 2518 <vam
1576 2462 1898 2549 inpediebat.

302 2535 377 2590 Ea
420 2539 703 2592 necessitas
744 2555 839 2592 seu
881 2537 1089 2593 fortuna
1113 2537 1322 2608 lapsas
1309 2557 1412 2592 iam
1421 2505 1616 2626 &partes
1649 2538 1900 2592 restituit.

304 2611 525 2666 Fir-mati
544 2614 683 2667 inter
701 2630 777 2679 se,
801 2612 983 2668 dends
1000 2613 1280 2668 ordinibus
1301 2615 1574 2684 excipiunt
1593 2611 1902 2668 Vitellianos

356 2701 501 2738 *nere
525 2686 739 2742 effusos
820 2688 995 2759 Atque
1030 2687 1109 2742 ini
1137 2697 1556 2742 consternantur.
1635 2686 1904 2742 Antonius

452 2775 499 2810 re
517 2761 799 2830 perculsis,
823 2771 1057 2816 sternere
1075 2763 1278 2818 obvios.
1321 2761 1494 2817 Simul
1515 2763 1691 2827 ceteri,
1709 2771 1766 2814 ut
1785 2763 1903 2816 cui·
