2081 3038
336 209 435 263 334
813 212 912 257 DE
951 208 1457 259 onim-omnus

336 318 458 380 bus,
474 315 820 371 dimicantes:
854 313 952 369 sed
969 313 1297 370 auditorium
1317 328 1531 385 semper
1550 328 1782 381 novum,
1805 331 1945 369 sem-

336 409 427 463 per
460 390 706 463 plenum,
735 408 804 445 ex
831 389 1034 445 invidis
1064 397 1115 444 et
1134 388 1459 454 faventibus,
1482 396 1544 443 ut
1562 405 1665 443 nee
1687 388 1834 445 male
1852 407 1946 445 nec

335 468 470 521 bene
518 466 656 521 dicta
697 464 1184 520 dissimularentur.
1270 463 1433 519 Scitis
1468 464 1613 518 enim
1630 505 1644 529 ‚
1690 482 1944 539 magnam

336 542 482 597 illam
523 548 574 595 et
609 541 922 597 duraturam
951 539 1285 613 eloquentiae
1314 538 1510 593 famam
1541 556 1649 595 non
1680 541 1873 595 minus
1892 541 1942 595 in

333 617 564 673 diversis
585 616 860 672 subselliis
879 616 1076 688 parari,
1100 632 1266 688 quam
1286 616 1429 669 suis:
1472 614 1597 669 inde
1616 616 1755 687 quin
1781 616 1946 671 immo

337 694 666 749 constantius
693 708 935 765 surgere,
978 689 1055 745 ibi
1086 689 1301 745 fidelius
1330 690 1687 746 conroborari.
1772 690 1946 764 Atque

335 768 560 824 Hercule
595 767 701 823 sub
737 766 1004 822 eiusmodi
1023 766 1455 838 praeceptoribus
1484 765 1699 821 iuvenis
1726 764 1844 833 ille,
1884 767 1945 822 de

335 862 443 917 quo
465 844 758 915 loquimur,
777 848 1045 898 oratorum
1064 840 1386 913 discipulus,
1410 839 1509 895 sori
1528 840 1761 907 auditor,
1780 851 1943 897 secta-

337 929 414 975 tor
446 919 790 984 iudiciorum,
833 918 1077 973 eruditus
1096 925 1149 972 et
1166 916 1502 973 adsuefactus
1521 916 1715 971 alienis
1734 920 1943 989 experi-

336 996 551 1060 mentis,
583 996 672 1049 cui
699 992 938 1066 quotidie
965 992 1203 1048 audienti
1223 1000 1375 1048 notae
1384 991 1555 1067 leges,
1580 1009 1689 1046 non
1710 995 1844 1049 novi
1866 996 1942 1048 iu·-

333 1072 516 1126 dicum
555 1070 759 1134 vultus,
802 1068 1057 1140 frequens
1088 1070 1143 1123 in
1172 1068 1344 1124 oculis
1374 1067 1705 1124 consuetudo
1732 1070 1939 1124 concio-

337 1156 488 1210 nu'm,
529 1161 688 1215 saepe
715 1144 954 1217 cognitae
979 1143 1167 1215 populi
1189 1161 1365 1209 aureS,
1405 1143 1521 1199 sive
1540 1142 1934 1199 adcusationem

332 1226 654 1289 susceperat,
678 1219 795 1273 sive
814 1218 1202 1285 defensionem,
1220 1218 1369 1275 solus
1388 1218 1565 1273 statim
1588 1226 1639 1273 et
1660 1236 1815 1275 unus
1834 1220 1938 1275 oui-

331 1311 568 1367 cumque
585 1312 807 1350 caussae
823 1310 921 1366 par
939 1302 1069 1350 erat.
1138 1295 1497 1351 Nonodecimo
1516 1294 1700 1349 aetatis
1718 1312 1864 1351 anno
1882 1296 1934 1349 L.

333 1370 562 1427 Crassus
581 1369 642 1425 C.
668 1368 985 1437 Carbonem,
1007 1388 1119 1426 uno
1138 1378 1190 1425 et
1208 1371 1465 1426 vicesimo
1488 1369 1682 1425 Caesar
1702 1370 1943 1426 Dolabei-

337 1448 464 1512 lam,
487 1445 649 1501 altero
667 1455 719 1502 et
735 1446 994 1502 vicesimo
1013 1444 1239 1502 Asinius
1260 1445 1426 1501 Pollio
1446 1444 1507 1501 C.
1536 1444 1818 1512 Catonem,
1843 1464 1937 1501 non

335 1523 504 1579 multo
530 1530 695 1578 aetate
721 1523 1036 1579 antecedens
1066 1521 1265 1579 Calvus
1292 1523 1568 1577 Vatinium
1592 1523 1667 1576 iis
1690 1523 1940 1578 orationi-

333 1600 436 1654 hus
473 1599 750 1671 insequuti
789 1606 935 1664 sunt,
976 1616 1115 1672 quas
1143 1598 1410 1672 hodieque
1436 1615 1562 1653 cum
1593 1597 1939 1654 admiratione

333 1673 346 1728 l
422 1675 583 1730 ‘mum

352 1692 526 1804 egl35.
587 1747 656 1804 At
693 1767 841 1805 nunc
877 1747 1257 1808 adolescentuli
1296 1749 1463 1804 nostri
1505 1748 1856 1806 deducuntur
1890 1751 1939 1804 in

331 1843 517 1880 scenas
557 1824 1014 1890 scholasticorum,
1058 1825 1156 1897 qui
1194 1828 1427 1880 rhetores
1466 1831 1752 1881 vocantur:
1810 1843 1940 1899 quos

334 1901 512 1974 paullo
545 1909 664 1956 ante
693 1901 964 1957 Ciceronis
986 1909 1221 1972 tempora
1244 1901 1529 1967 exstitisse,
1554 1917 1653 1955 nec
1671 1900 1941 1972 placuisse

333 1977 624 2033 maioribus
646 1979 860 2043 nostrie,
883 1994 950 2032 ex
969 1994 1030 2032 eo
1053 1975 1396 2031 manifestum
1416 1984 1515 2042 est,
1538 1975 1687 2048 quod
1705 1977 1771 2032 L.
1786 1977 1941 2033 Cras-

332 2071 392 2108 so
413 2062 462 2108 et
483 2054 708 2109 Domitio
728 2053 1061 2118 censoribuS,
1094 2051 1328 2118 cludere,
1364 2061 1422 2108 ut
1440 2053 1514 2107 ait
1530 2051 1736 2119 Cicero,
1762 2055 1939 2108 ludum

333 2133 665 2196 inpudentiae
701 2129 838 2183 iussi
878 2137 1024 2183 sunt.
1105 2127 1229 2194 Sed,
1270 2135 1331 2182 ut
1364 2127 1542 2183 dicere
1574 2127 1936 2192 institueram,

331 2204 670 2258 deducuntur
689 2205 746 2258 in
765 2203 994 2269 scholaS,
1036 2205 1095 2258 in
1121 2204 1344 2277 quibus,
1384 2221 1489 2258 non
1508 2201 1663 2257 facile
1682 2203 1936 2268 dixerim,

334 2288 585 2334 utrumne
614 2278 761 2334 locus
781 2280 918 2350 ipse,
951 2297 1019 2334 an
1040 2278 1414 2350 condiscipuli,
1448 2295 1515 2332 an
1534 2295 1713 2352 genus
1734 2279 1941 2334 studio-

332 2373 452 2408 rum
492 2354 618 2425 plus
657 2354 786 2409 mali
825 2355 1059 2429 ingeniis
1088 2353 1344 2409 adferant.
1424 2355 1561 2409 Nam
1586 2355 1647 2409 in
1667 2353 1785 2410 loco
1806 2352 1937 2410 nihil

333 2430 673 2495 reverentiae,
716 2430 811 2485 sed
839 2432 898 2485 in
926 2447 1092 2502 quem
1112 2447 1289 2496 nemo,
1333 2431 1439 2484 nisi
1460 2446 1631 2502 aeque
1648 2430 1934 2502 inperitus,

330 2504 516 2557 intrat:
561 2504 618 2558 in
647 2505 1030 2576 condiscipulis
1058 2504 1196 2561 nihil
1220 2503 1503 2576 profectus,
1527 2521 1653 2559 cum
1673 2508 1840 2576 pueri
1860 2507 1937 2562 in-

328 2584 406 2628 ter
433 2593 649 2647 pueros,
693 2586 746 2633 et
771 2578 1151 2634 adolescentuli
1181 2582 1319 2634 inter
1336 2579 1784 2648 adolescentulos,
1831 2580 1939 2654 pari

327 2652 610 2705 securitate
629 2661 680 2706 et
698 2652 879 2709 dicant
896 2661 946 2708 et
965 2654 1268 2710 audiantur.
1329 2655 1482 2726 Ipsae
1500 2672 1627 2710 vero
1640 2656 1942 2712 exercitati·

325 2737 456 2775 ones
474 2741 667 2797 magna
691 2744 758 2781 ex
776 2737 924 2801 parte
943 2730 1252 2785 contrariae.
1331 2730 1536 2801 Nempe
1552 2729 1701 2785 enim
1720 2730 1843 2788 duo
1855 2749 1943 2806 ge:-
