2081 3038
191 288 239 326 A.
263 290 311 327 c.
337 270 432 345 14.)
625 282 786 328 LIB.
826 282 865 327 1.
911 282 1091 332 CAP,
1135 283 1378 329 54—56.
1740 277 1808 331 35

189 383 296 437 tius
323 380 624 437 retinendis
651 378 978 436 Sabinorum
1006 380 1177 435 sacris
1208 378 1415 435 sodales
1446 380 1611 435 Titios
1651 381 1808 437 insti-

189 464 380 513 tuerat.
461 454 614 511 Sorte
641 454 790 512 ducti
817 472 848 509 e
875 454 1207 525 primoribus
1236 455 1466 509 civitatis
1486 471 1633 511 unus
1652 463 1704 509 et
1727 457 1809 511 vi·-

187 533 351 605 ginti:
398 530 656 585 Tiberius
673 531 998 602 Drususque
1021 537 1075 584 et
1094 527 1353 584 Claudius
1382 538 1434 585 et
1452 529 1806 587 Germanicus

187 606 540 663 adiiciuntur.
618 604 800 661 Ludos
820 602 1149 679 Augustales
1174 611 1307 659 tune
1329 604 1569 675 primum
1595 614 1806 677 coeptos

189 682 430 739 turbavit
447 680 736 746 discordia,
757 698 828 735 ex
847 680 1139 737 certamine
1156 678 1502 740 histrionum.
1564 680 1807 736 Indulse-

180 764 270 811 rat
293 757 347 811 ei
377 755 594 815 ludicro
613 754 894 829 Augustus
910 790 926 820 ,
971 754 1111 813 dum
1134 754 1424 810 Maecenati
1462 754 1803 826 obtemperat,

187 832 362 887 effuso
377 831 440 887 in
459 846 700 889 amorem
719 829 982 905 Bathylli:
1015 846 1198 902 neque
1214 830 1332 900 ipse
1350 829 1671 885 abhorrebat
1690 831 1811 885 tali-

185 907 292 963 bus
330 904 564 972 studiis,
603 914 657 961 et
693 904 856 961 civile
889 905 1137 970 rebatur,
1186 905 1405 961 misceri
1445 903 1807 977 voluptatibus

189 981 363 1056 vulgi.
446 980 568 1038 Alia
589 981 804 1037 Tiberio
821 998 1035 1037 morum
1057 979 1174 1038 via:
1198 980 1294 1035 sed
1311 980 1595 1051 populum,
1620 998 1716 1052 per
1740 989 1809 1035 tot

187 1075 360 1114 annos
387 1054 622 1112 molliter
644 1055 896 1113 habitum
909 1098 924 1123 ‚
954 1055 1198 1113 nondum
1224 1055 1453 1111 audebat
1484 1056 1553 1111 ad
1591 1056 1805 1112 duriora

188 1141 415 1188 vertere.

298 1210 388 1263 55.
431 1207 608 1262 Druso
635 1204 862 1262 Caesare
877 1248 892 1271 ‚
931 1205 992 1263 C.
1025 1206 1274 1262 Norbano
1312 1203 1463 1263 Coss.
1502 1207 1807 1265 decernitur

188 1283 516 1340 Germanico
545 1280 886 1354 triumphus,
929 1289 1179 1337 manente
1204 1280 1371 1351 bello3
1415 1283 1588 1354 quod,
1608 1300 1807 1354 quam-

187 1376 356 1431 quam
376 1359 436 1413 in
457 1365 710 1413 aestatem
739 1360 959 1413 summa
984 1374 1087 1429 ope
1114 1358 1362 1429 parabat,
1400 1358 1557 1415 initio
1582 1359 1724 1413 veris
1754 1366 1807 1413 et

190 1434 470 1505 repentino
497 1432 557 1489 in
583 1432 762 1489 Cattos
791 1449 1025 1489 excursu
1055 1434 1337 1505 praecepit.
1417 1434 1555 1489 Nam
1573 1450 1698 1505 spes
1720 1434 1807 1489 in-

190 1515 450 1575 cesserat.
491 1507 758 1564 dissidere
782 1508 994 1564 hostem
1022 1508 1081 1564 in
1100 1507 1411 1567 Arminium
1432 1527 1493 1564 ao
1512 1508 1803 1582 Segestem,

192 1585 465 1658 insignem
486 1590 784 1656 utrumque
802 1583 1023 1655 perfidia
1046 1584 1099 1638 in
1124 1601 1219 1640 nos
1239 1590 1332 1640 aut
1353 1583 1475 1640 fide.
1526 1583 1807 1641 Arminius

193 1660 430 1715 turbator
450 1659 800 1727 Germaniae3
831 1658 1093 1732 Segestes,
1114 1663 1308 1727 parari
1324 1659 1665 1724 rebellionem,
1690 1677 1807 1714 sae—

195 1752 260 1808 pe
277 1735 436 1801 aiias‚
457 1741 512 1789 et
529 1751 786 1806 supremo
804 1734 1050 1790 convivio
1064 1775 1076 1798 ,
1095 1741 1217 1805 post
1235 1733 1381 1806 quod
1400 1734 1457 1790 in
1476 1752 1622 1792 arma
1643 1737 1801 1800 itum,

193 1811 430 1884 aperuit:
469 1809 754 1882 suasitque
772 1809 940 1874 Varo,
978 1819 1035 1866 ut
1061 1827 1115 1864 aa
1140 1819 1191 1865 et
1216 1810 1509 1867 Arminium
1534 1820 1583 1866 ot
1612 1820 1807 1868 ceteros

189 1903 434 1954 proceres
469 1887 694 1940 vinciret
700 1904 721 1953 ;
760 1886 895 1940 nihil
929 1902 1183 1940 ausuram
1210 1888 1433 1953 plebem,
1478 1889 1807 1954 principibus

194 1965 412 2016 amotis:
447 1969 608 2030 atque
625 1964 731 2030 ipsi
755 1968 954 2028 tempus
969 1964 1107 2028 sore,
1130 1977 1233 2029 quo
1252 1963 1473 2018 crimina
1494 1970 1542 2015 et
1561 1966 1809 2024 innomine
1864 1989 1874 2001 ·

195 2039 530 2094 discerneret.
607 2033 714 2092 Sed
733 2035 909 2091 Varus
928 2033 1032 2092 fato
1052 2041 1105 2090 et
1125 2035 1181 2091 vi
1198 2034 1431 2090 Arminii
1452 2035 1669 2092 cecidit:
1712 2035 1809 2090 Se-
1843 2057 1856 2066 ³

229 2119 396 2178 estes,
427 2128 769 2184 quamquam
795 2127 1059 2167 censensu
1086 2111 1263 2184 gentis
1283 2111 1341 2166 in
1359 2109 1564 2166 bellum
1586 2117 1803 2175 tractuS‚

235 2187 247 2199 '
341 2204 400 2242 rs
421 2187 689 2252 manebat,
711 2186 886 2240 auctis
904 2186 1156 2256 privatim
1174 2185 1335 2250 odiis,
1357 2185 1505 2257 quod
1524 2184 1807 2240 Arminius

197 2260 362 2318 filiam
382 2261 532 2328 eius,
547 2260 640 2316 alii
661 2268 896 2333 pactam,
919 2269 1181 2332 rapuerat.
1244 2259 1421 2316 Gener
1440 2261 1675 2325 invisuS‚
1702 2261 1810 2316 ini-

199 2337 325 2394 mici
341 2335 544 2392 soceri:
575 2353 832 2410 quaeque
847 2335 992 2407 apud
1008 2335 1295 2392 nonem-des
1316 2335 1531 2393 vincula
1552 2334 1803 2400 caritatis,

197 2411 542 2467 incitamenta
560 2410 764 2468 irarum
785 2409 934 2482 apud
951 2409 1191 2468 infensos
1210 2418 1379 2466 erant.
1452 2467 1457 2474 ,

293 2489 397 2541 -56,
439 2486 608 2559 Igitur
629 2484 985 2542 Germanicus
1002 2494 1255 2558 quattuor
1274 2484 1511 2557 legiones
1526 2524 1541 2550 ,
1563 2485 1811 2557 quinque

195 2560 548 2618 auxiliarium
569 2560 741 2618 millia
754 2602 768 2628 ‚
791 2569 844 2615 et
864 2559 1242 2618 tumultuarias
1260 2567 1499 2614 catervas
1519 2559 1813 2616 Germano-

195 2654 318 2694 rum
333 2677 353 2702 ,
371 2635 454 2692 eis
473 2634 724 2692 Rhenum
744 2629 1036 2692 colentium
1052 2676 1065 2701 ‚
1089 2633 1349 2692 Caecinae
1367 2633 1551 2690 tradit:
1595 2635 1816 2691 totidem

197 2709 458 2786 legiones,
478 2709 752 2784 duplicem
771 2709 1043 2766 sociorum
1062 2723 1357 2771 numerum
1375 2706 1493 2778 ipse
1510 2707 1685 2764 ducit:
1720 2723 1819 2775 po-

197 2787 414 2861 sitoque
457 2781 676 2844 castello
715 2801 886 2858 super
933 2783 1164 2857 vestigia
1213 2781 1421 2911 patggi
1466 2781 1737 2854 praesidii.
1763 2779 1819 2830 in
