2081 3038
240 275 307 328 54
720 279 1376 328 nlsTonlARun
1561 270 1838 346 (A.u.a23.

238 382 537 437 comitatus.
620 381 859 436 Peditum
894 382 1274 454 ‚equitumque
1331 381 1500 452 copiis
1555 379 1844 438 Suetonius

238 455 538 520 Paullinus,
571 457 773 510 Marius
800 455 1010 521 Celsus,
1042 456 1254 512 Annius
1275 456 1464 512 Gallus
1495 464 1722 512 rectores
1747 455 1844 512 de-

239 533 437 586 stinati.
518 529 621 585 Sed
658 531 891 602 plurima
922 531 1054 586 fides
1081 531 1287 586 Licinio
1309 530 1551 595 Proculo,
1591 532 1841 602 praetorii

238 603 515 678 praefecto.
590 607 639 660 1s
662 605 893 661 urbanae
913 606 1136 661 militiae
1155 607 1384 678 inpiger,
1409 603 1673 662 bellorum
1695 607 1844 662 inso-

240 681 375 747 lenS‚
398 682 755 736 auctoritatem
780 681 1028 746 Paullini,
1045 681 1281 754 vigorem
1304 679 1462 746 Celsi,
1483 681 1838 736 maturitatem

240 756 401 821 Galli,
424 765 485 812 ut
502 756 701 828 cuique
720 765 847 820 erat,
870 755 1223 821 criminando,
1253 755 1397 827 quod
1425 755 1739 810 facillimum
1764 754 1842 810 fa-

238 840 325 887 ctu
347 841 447 896 est,
478 848 678 903 pravus
706 838 755 885 et
774 829 1021 896 callidus,
1046 830 1210 886 bonos
1231 841 1282 886 et
1302 831 1564 887 modestos
1585 830 1834 886 anteibat.

347 911 431 960 88.
472 905 745 977 Sepositus
787 922 881 975 per
918 903 1007 960 eos
1046 905 1161 960 dies
1189 905 1468 960 Cornelius
1494 905 1760 960 Dolabella
1781 906 1838 960 in

238 981 495 1037 coloniam
524 981 865 1050 Aquinatem,
909 997 1088 1052 neque
1115 990 1228 1034 arta
1253 981 1508 1045 custodia,
1549 993 1726 1052 neque
1741 981 1841 1036 ob-

237 1073 420 1111 scura:
464 1055 675 1108 nullum
704 1053 773 1108 ob
799 1054 1023 1119 crimen,
1057 1055 1151 1109 sed
1175 1063 1380 1110 vetusto
1409 1057 1626 1110 nomine
1644 1064 1696 1109 et
1714 1073 1840 1127 pro-

237 1130 532 1202 pinquitate
553 1127 751 1183 Galbae
768 1136 1112 1184 monstratus.
1151 1129 1347 1186 Multos
1366 1147 1395 1184 e
1415 1131 1835 1204 magistratibus,

240 1219 485 1276 magnam
510 1202 873 1277 consularium
901 1211 1108 1274 partem
1130 1202 1286 1269 Otho,
1319 1221 1421 1260 non
1442 1205 1726 1277 participes
1745 1213 1840 1261 aut

238 1279 507 1333 ministros
544 1276 701 1343 bello,
745 1277 839 1352 sed
858 1278 1115 1335 comitum
1145 1280 1340 1351 specie,
1381 1295 1566 1334 secum
1587 1278 1840 1351 expedire

236 1355 409 1418 iubet:
451 1353 508 1407 iu
537 1353 663 1424 quis
682 1362 734 1407 et
758 1353 820 1407 L.
842 1352 1140 1420 Vitellium,
1169 1354 1353 1430 eodem
1374 1372 1484 1426 quo
1504 1361 1700 1410 ceteros
1721 1354 1842 1410 cul—-

237 1436 313 1493 tu,
357 1445 455 1483 nec
485 1438 543 1482 ut
571 1429 904 1499 imperatoris
925 1427 1160 1495 fratrem,
1204 1446 1303 1484 nec
1321 1438 1380 1485 ut
1399 1430 1588 1486 hostis.
1670 1430 1840 1502 Igitur

235 1512 375 1559 mota
405 1503 554 1559 urbis
584 1519 739 1561 cura:
784 1503 968 1561 nullus
992 1505 1288 1561 ordo·metu
1307 1512 1398 1560 aut
1417 1505 1653 1576 periculo
1674 1522 1840 1561 vacu-

236 1598 321 1634 us.
400 1580 665 1635 Primores
686 1590 903 1649 senatus
923 1588 1088 1636 aetate
1107 1580 1332 1635 invalidi
1350 1588 1400 1635 et
1419 1579 1572 1653 longa
1596 1596 1723 1651 pace
1743 1580 1840 1635 de-

234 1654 398 1717 sides,
422 1654 603 1726 segnis
624 1661 675 1708 et
692 1654 855 1709 oblita
877 1654 1140 1724 bellorum
1162 1654 1428 1719 nobilitaS,
1448 1656 1669 1727 ignarus
1690 1654 1842 1709 mili-

234 1731 335 1783 tiae
362 1744 547 1799 equeS,
581 1737 781 1801 quanto
810 1730 983 1803 magis
1010 1728 1272 1783 occultare
1298 1738 1348 1783 et
1372 1729 1564 1783 abdere
1581 1744 1838 1801 pavorem

235 1802 555 1867 nitebantur,
578 1803 917 1858 manifestius
936 1803 1138 1875 pavidi.
1217 1804 1328 1859 Nec
1345 1804 1562 1859 deerant
1580 1822 1610 1858 e
1628 1812 1841 1858 contra-

232 1881 331 1942 rio,
373 1878 470 1950 qui
500 1878 789 1934 ambitione
812 1877 1021 1943 stolida,
1064 1879 1350 1949 conspicua
1379 1896 1546 1943 arma,
1591 1878 1838 1950 insignes

232 1971 419 2025 equos,
462 1953 683 2025 quidam
724 1952 1029 2008 luxuriosos
1062 1952 1346 2024 adparatus
1385 1952 1755 2010 conviviorum
1785 1961 1839 2007 et

230 2029 565 2083 inritamenta
588 2027 897 2091 libidinum,
918 2036 978 2082 ut
997 2028 1351 2083 instrumenta
1370 2027 1520 2094 belli,
1535 2044 1840 2084 mercaren-

230 2112 337 2159 tur.
415 2101 755 2174 Sapientibus
775 2103 973 2174 quietis
1000 2111 1054 2158 et
1080 2101 1406 2173 reipublicae
1423 2120 1578 2159 cura:
1619 2100 1837 2157 levississ

231 2196 357 2235 mus
393 2180 627 2251 quisque
665 2184 717 2231 et
753 2176 920 2232 futuri
948 2177 1265 2249 inprovidus
1296 2195 1392 2249 spe
1424 2194 1558 2233 vana
1587 2184 1832 2233 tumens:

230 2253 388 2309 multi
420 2250 625 2308 adflicta
656 2250 759 2306 fide
780 2252 834 2306 in
854 2268 1002 2324 pace,
1028 2269 1089 2307 ac
1109 2252 1334 2307 turbatis
1354 2251 1515 2307 rebus
1541 2251 1759 2316 alacres,
1783 2259 1838 2307 et

230 2348 324 2403 per
342 2330 542 2385 incerta
564 2327 838 2382 tutissimi.

338 2407 423 2459 89.
464 2402 569 2458 Sed
592 2400 788 2475 vulgus
808 2410 859 2457 et
878 2400 1246 2475 magnitudine
1272 2401 1440 2456 nimia
1458 2402 1834 2457 communium

231 2495 479 2534 curarum
510 2494 702 2549 expers
728 2475 981 2548 populuS,
1004 2478 1202 2531 sentire
1221 2476 1498 2547 paullatim
1519 2474 1649 2533 belli
1667 2475 1832 2541 mala,

231 2570 481 2608 conversa
510 2553 569 2607 in
597 2551 833 2607 militum
854 2568 1017 2606 usum
1037 2552 1186 2606 omni
1218 2552 1462 2621 pecunia,
1493 2552 1711 2607 intentis
1733 2550 1838 2607 ali-

232 2636 530 2682 mentorum
550 2628 765 2698 pretiis:
806 2644 965 2698 quae,
992 2634 1138 2681 motu
1162 2625 1422 2690 Vindicis,
1444 2624 1588 2681 haud
1609 2626 1840 2697 perinde

233 2700 441 2755 “ehem
462 2701 800 2767 adu-iverant,
822 2718 1009 2757 secura
1032 2708 1146 2756 tum
1163 2700 1296 2756 urbe
1315 2708 1366 2753 et
1383 2698 1696 2771 provinciali
1716 2699 1840 2756 bel-

336 2774 469 2843 mod
488 2776 625 2830 inter
646 2776 879 2849 legiones
900 2774 1210 2848 Galliasque
1233 2773 1377 2830 velut
1399 2782 1680 2831 externum
1704 2771 1831 2831 fuit.
