2081 3038
291 204 358 257 32
767 204 1417 255 nxsmonunun
1613 194 1889 270 (cmm.

293 310 566 381 utrimque
604 309 1012 381 conruptoribus
1050 316 1103 364 et
1140 307 1362 381 perfidia
1405 305 1671 378 inpunita.
1747 304 1893 368 Viri,

293 402 459 449 arma,
483 386 630 456 equi,
653 384 720 439 ad
740 401 902 440 usum
924 384 1059 441 etad
1074 384 1241 441 decus
1258 391 1588 455 supererant.
1648 378 1751 437 Sed
1769 390 1895 435 ante

297 458 496 515 bellum
535 460 800 515 centurias
839 468 1045 518 tantum
1086 478 1213 518 suas
1251 469 1563 531 turmasque
1606 467 1889 517 noverant,

277 536 556 590 =exercitus
579 534 778 590 linibus
797 536 1197 608 provinciarum
1216 534 1669 590 discernebantur.
1749 532 1895 586 Tum

294 609 550 665 adversus
561 610 837 665 Vindicem
858 620 1149 667 contractae
1169 610 1423 684 legiones,
1441 624 1607 681 seque
1627 604 1894 663 etGallias

295 695 558 757 expertae,
591 694 845 757 quaerere
874 703 1066 741 rursus
1092 702 1237 741 arma
1268 700 1544 756 novasque
1568 681 1888 738 discordias:

295 778 392 815 nec
408 765 590 821 socios,
613 770 673 815 ut
687 760 838 825 olim,
859 760 955 817 sed
971 765 1156 823 hostes,
1183 769 1231 815 et
1249 765 1411 817 victos
1428 758 1704 815 vocabant.
1783 757 1896 811 Nec

294 835 473 891 deerat
500 852 623 909 pars
653 835 969 902 Galliarum,
1010 853 1151 909 quae
1168 836 1416 891 Rhenum
1436 834 1639 899 accolit,
1678 831 1893 891 eaedem

295 921 471 983 partes
508 914 707 971 secuta,
748 928 808 965 ac
845 921 962 966 tum
1000 912 1257 966 acerrima
1297 910 1598 983 instigatrix
1634 908 1894 963 adversus

300 986 612 1041 Galbianos.-
654 984 752 1041 hoc
771 987 914 1041 enim
938 1003 1152 1050 nomen,
1176 985 1404 1041 fastidito
1422 984 1661 1047 Vindice,
1684 982 1895 1038 indide-

296 1070 431 1116 rant.
511 1060 677 1133 Igitur
722 1060 986 1132 Sequanis
1033 1060 1344 1133 Aeduisque
1380 1077 1442 1115 ac
1477 1058 1695 1123 deinde,
1738 1066 1897 1131 prout

294 1133 562 1207 opulentia
583 1135 888 1191 civitatibus
907 1144 1036 1201 erat,
1059 1136 1277 1200 infensi,
1305 1134 1725 1208 expugnationes
1745 1133 1895 1189 urbi-

296 1227 411 1273 um,
431 1209 798 1281 populationes
818 1228 1090 1285 agrorum,
1104 1222 1285 1283 raptus
1306 1211 1577 1282 penatium
1600 1209 1897 1264 hauserunt

294 1285 503 1339 animo:
546 1302 708 1356 super
726 1286 1002 1342 avaritiam
1023 1294 1078 1342 et
1096 1287 1477 1361 adrogantiam,
1498 1285 1782 1357 praecipua
1802 1301 1898 1339 va-

296 1359 547 1414 lidiorum
581 1361 725 1427 vitia,
757 1362 1090 1417 contumacia
1116 1361 1391 1417 Gallorum
1423 1361 1643 1425 inritati,
1667 1360 1785 1433 qui,
1808 1377 1897 1414 re-

293 1440 505 1504 missam
523 1438 625 1491 sibi
649 1454 686 1492 a
709 1436 878 1493 Galba
897 1446 1143 1507 quartam
1160 1442 1469 1493 tributorum
1484 1446 1705 1505 partem,
1728 1444 1776 1491 et
1790 1452 1897 1504 pu-

298 1512 427 1566 blice
443 1515 677 1576 ἀοηαιοε,
699 1511 756 1568 in
777 1512 1128 1588 ignominiam
1151 1512 1414 1568 exercitus
1433 1511 1712 1568 iactabant.
1792 1509 1896 1566 Ao·-

297 1587 456 1641 cessit
484 1585 672 1642 callide
690 1587 991 1662 vulgatum,
1014 1597 1211 1644 temere
1230 1587 1511 1650 creditum,
1533 1592 1803 1642 doeumari
1822 1590 1893 1640 le-

294 1667 485 1730 qiom’s,
515 1671 562 1715 et
584 1669 1020 1731 promptissimum
1042 1681 1289 1734 quemque
1314 1666 1669 1717 centurionum
1686 1666 1879 1716 dimitti

297 1735 548 1808 Undique
566 1746 764 1792 atroces
785 1739 980 1803 nuntii,
1003 1739 1221 1794 sinistra
1242 1755 1310 1793 ex
1330 1737 1463 1793 urbe
1485 1736 1650 1804 fama3
1688 1736 1897 1792 infensa

297 1811 678 1884 Lugdunensis
705 1812 928 1878 colonia,
961 1821 1026 1876 et,
1055 1813 1313 1884 pertinaci
1333 1829 1430 1884 pro
1449 1812 1655 1867 Nerone
1673 1811 1795 1875 fide,
1821 1809 1899 1866 fe—

297 1885 470 1944 cunda
492 1888 818 1944 rumoribus.
885 1888 986 1944 Sed
1008 1888 1241 1960 plurima
1260 1888 1327 1944 ad
1348 1887 1659 1961 lingendum
1678 1886 1899 1942 creden·-

296 1961 538 2035 dumque
569 1964 815 2018 materies
843 1964 901 2020 in
925 1964 1062 2036 ipsis
1087 1965 1293 2029 castris,
1337 1963 1477 2031 odio,
1518 1971 1685 2028 metu,
1707 1970 1777 2027 et,
1799 1961 1895 2016 ubi

303 2038 439 2092 vires
459 2055 586 2092 suas
608 2047 964 2110 respexerant,
987 2040 1287 2094 securitate.
1601 2089 1607 2096 .
1695 2092 1703 2101 ,

405 2115 489 2166 52.
532 2111 646 2168 Sub
665 2114 810 2184 ipsas
836 2115 1129 2186 superioris
1154 2114 1281 2172 anni
1305 2111 1423 2172 Kal.
1448 2110 1899 2168 DecembresAu-

299 2187 384 2241 lus
405 2185 672 2254 Vitellius,
697 2189 999 2246 inferiorem
1020 2190 1365 2245 Germaniam
1389 2190 1686 2262 ingressus,
1717 2186 1901 2242 hiber-

299 2281 365 2316 na
391 2261 662 2336 legionum
691 2282 817 2320 cum
847 2283 972 2320 cura
990 2265 1208 2324 adierat.
1287 2263 1495 2320 Redditi
1522 2263 1794 2335 plerisque
1811 2279 1900 2318 or·-

297 2337 471 2404 dines,
495 2338 720 2395 remissa
750 2341 1066 2414 ignominia,
1094 2340 1363 2396 adlevatae
1384 2347 1564 2396 notae:
1606 2338 1763 2410 plura
1782 2355 1903 2392 am—

298 2410 515 2476 bitione,
539 2415 802 2485 quaedam
824 2416 1051 2472 iudicio:
1082 2416 1139 2470 in
1158 2415 1362 2488 quibus
1381 2414 1590 2471 sordem
1612 2423 1664 2469 et
1681 2413 1901 2468 avariti-

299 2503 384 2541 am
408 2487 610 2544 Fonteii
622 2487 912 2563 Capitonis,
925 2490 1225 2547 adimendis
1245 2488 1658 2564 adsignandisve
1676 2487 1903 2544 militiae

297 2561 598 2628 ordinibus,
639 2564 846 2640 integre
883 2574 1197 2622 mutaverat.
1276 2567 1387 2622 Nec
1410 2563 1709 2622 consularis
1741 2563 1901 2637 legati

299 2650 566 2718 mensura,
591 2641 685 2695 sed
706 2642 762 2697 in
783 2643 960 2696 maius
978 2642 1161 2698 omnia
1178 2641 1589 2712 accipiebantur.
1646 2638 1715 2696 Et
1735 2637 1902 2694 Vitel-

300 2705 407 2762 lius
436 2711 576 2780 apud
607 2729 818 2772 severos
847 2715 1092 2772 humilis.
1170 2716 1233 2774 ld
1266 2717 1563 2773 comitatem
1582 2713 1901 2773 bonitatem·
