2081 3038
264 210 361 262 152
828 211 1304 258 ANNALIUM
1603 201 1869 273 (ruam.

261 315 462 371 civitati
482 312 813 386 Cibyraticae
832 311 977 382 apud
994 309 1182 366 Asiam
1195 353 1209 376 ,
1239 309 1493 384 Aegiensi
1524 310 1670 384 apud
1693 309 1874 366 Acha-

260 392 367 444 iam
386 429 399 454 ,
432 395 580 443 motu
610 395 777 442 terrae
804 386 1077 442 labefactis
1095 429 1107 451 ,
1149 384 1528 442 subveniretur
1555 386 1874 442 remissione

263 465 447 519 tributi
477 465 537 518 in
570 463 885 518 triennium.
962 462 1031 516 Et
1060 461 1254 517 Vibius
1281 461 1543 527 Serenus,
1583 462 1872 532 proconsul

264 539 531 595 ulterioris
550 538 836 610 Hispaniae
850 579 863 602 ,
892 535 959 591 de
979 538 1032 592 vi
1054 537 1270 608 publica
1289 537 1573 591 damnatus
1589 535 1662 593 ob
1681 539 1876 592 atroci-

264 622 421 669 tatem
443 629 675 677 morum,
698 614 755 668 in
775 611 1011 666 insulam
1034 613 1330 686 Amorgum
1349 611 1671 683 deportatur.
1741 611 1874 668 Car-

262 688 439 744 sidius
456 687 700 743 sacerdos
716 729 731 753 ,
753 705 879 743 reus
894 729 907 752 ,
932 695 1208 759 tamquam
1229 686 1496 742 frumento
1513 685 1720 742 hostem
1739 687 1876 742 Tac-

265 765 540 820 farinatem
560 763 806 828 iuvisset,
828 761 1150 831 absolvitur;
1174 762 1524 836 eiusdemque
1542 761 1788 818 criminis
1807 761 1869 818 C.

264 836 561 897 Gracchus.
620 839 775 893 Hunc
792 838 1039 892 comitem
1063 836 1260 903 exsilii,
1281 836 1571 892 admodum
1589 835 1872 902 infantem,

264 922 413 988 pater
439 912 787 984 Sempronius
814 915 872 968 in
900 910 1139 968 insulam
1166 911 1442 967 Cercinam
1471 910 1679 968 tulerat.
1757 912 1879 968 Illic

265 989 482 1045 adultus
519 989 657 1044 inter
694 995 929 1042 extorres
966 994 1017 1041 et
1056 986 1360 1041 liberalium
1398 987 1594 1042 artium
1641 987 1872 1048 nescios,

269 1081 393 1120 mox
412 1081 508 1136 per
528 1060 763 1116 Africam
783 1079 846 1117 ac
862 1061 1103 1117 Siciliam
1126 1061 1380 1116 mutando
1408 1061 1650 1117 sordidas
1669 1079 1876 1117 merces

264 1136 689 1194 sustentabatur:
730 1153 907 1209 neque
934 1144 1116 1191 tamen
1145 1135 1330 1211 effugit
1367 1151 1591 1209 magnae
1633 1135 1878 1192 fortunae

265 1211 520 1285 pericula.
598 1210 705 1277 Ac,
746 1210 805 1266 ni
831 1211 1019 1267 Aelius
1050 1212 1239 1267 Lamia
1261 1219 1314 1267 et
1339 1211 1403 1265 L.
1433 1211 1735 1282 Apronius,
1775 1214 1878 1284 qui

265 1286 501 1342 Africam
520 1285 877 1353 obtinuerant,
890 1287 1156 1342 insontem
1167 1287 1544 1356 protexissent,
1555 1285 1878 1341 claritudine

264 1361 483 1418 infausti
504 1364 738 1436 generiS,
761 1370 812 1418 et
830 1363 1068 1434 paternis
1088 1362 1328 1418 adversis
1347 1360 1479 1416 foret
1496 1361 1813 1416 abstractus.

380 1439 464 1492 ⁴4.
506 1437 557 1491 Is
585 1455 805 1510 quoque
832 1455 1008 1494 annus
1038 1435 1326 1513 legationes
1345 1437 1669 1492 Graecarum
1687 1437 1881 1496 ,civita-

266 1522 382 1570 tum
407 1511 624 1569 habuit:
668 1511 864 1569 Samiis
894 1513 1144 1578 IunoniS,
1177 1511 1300 1569 Cois
1319 1511 1626 1584 Aesculapii
1654 1511 1882 1569 delubro

270 1596 537 1645 vetustum
567 1587 707 1663 asyli
738 1590 826 1645 ius
854 1596 913 1645 ut
940 1589 1241 1643 firmaretur
1258 1631 1271 1654 ,
1303 1589 1629 1660 petentibus.
1705 1587 1880 1644 Samii

265 1666 472 1720 decreto
499 1664 954 1738 Amphictyonum
982 1665 1318 1729 nitebantur,
1357 1666 1486 1735 quis
1523 1664 1876 1736 praecipuum

268 1740 369 1795 fuit
394 1756 573 1794 rerum
604 1740 849 1794 omnium
874 1741 1140 1795 iudicium
1156 1782 1169 1805 ,
1199 1756 1308 1812 qua
1335 1746 1644 1812 tempestate
1661 1739 1875 1805 Graeci,

266 1813 493 1869 conditis
536 1830 631 1884 per
659 1814 843 1870 Asiam
883 1816 1142 1881 urbibus,
1183 1832 1273 1870 ora
1313 1816 1478 1870 maris
1514 1814 1874 1887 potiebantur.

268 1890 454 1959 Neque
472 1888 657 1960 dispar
676 1892 822 1962 apud
840 1890 975 1947 Coos
995 1891 1318 1963 antiquitas:
1343 1897 1395 1945 et
1412 1889 1691 1945 accedebat
1713 1890 1882 1945 meri-

268 1974 386 2018 tum
412 1980 481 2018 ex
508 1962 640 2020 loco.
718 1967 856 2022 Nam
886 1967 1033 2021 cives
1057 1967 1324 2022 Romanos
1353 1964 1552 2036 templo
1571 1963 1878 2036 Aesculapii

266 2038 615 2105 induxerant,
650 2058 775 2095 cum
794 2042 950 2095 iussu
974 2042 1117 2113 regis
1137 2039 1458 2095 Mithridatis
1497 2039 1642 2110 apud
1657 2048 1878 2095 cunctas

267 2114 424 2168 Asiae
460 2114 669 2169 insulas
708 2124 759 2170 et
792 2116 953 2170 urbes
991 2116 1400 2170 trucidarentur.
1478 2113 1656 2171 Variis
1682 2113 1881 2170 dehinc

266 2198 319 2243 et
347 2190 564 2259 saepius
592 2189 769 2246 inritis
798 2197 1103 2261 praetorum
1123 2190 1408 2263 questibus
1423 2230 1436 2257 ,
1459 2196 1727 2262 postremo
1747 2189 1884 2245 Cae-

265 2280 353 2318 sar
380 2263 447 2317 de
475 2262 811 2319 immodestia
840 2266 1166 2324 histrionum
1195 2262 1405 2320 retulit:
1447 2268 1614 2321 multa
1639 2267 1707 2321 ab
1735 2270 1804 2321 iis
1822 2269 1882 2320 in

263 2342 528 2407 publicum
564 2342 828 2403 seditioso,
868 2345 1021 2409 foeda
1055 2358 1152 2408 per
1193 2345 1369 2395 domos
1409 2346 1629 2396 tentari:
1687 2341 1882 2397 Oscum

266 2417 526 2482 quondam
554 2416 838 2479 ludicrum,
871 2418 1162 2471 consissimao
1189 2421 1331 2485 apud
1347 2420 1559 2486 vulqum
1577 2420 1882 2472 oblectatio-

263 2494 374 2551 nia,
410 2505 469 2541 eo
486 2491 803 2557 flayitiorum
822 2499 869 2544 et
888 2494 1082 2545 virium
1097 2496 1320 2555 venisse,
1351 2500 1410 2546 ut
1436 2498 1752 2547 auctoritato
1772 2510 1880 2561 pa-

265 2570 407 2615 trum
427 2568 760 2618 coercendum
774 2569 859 2621 sit.

381 2639 465 2691 ⁴5.
508 2637 658 2693 Pulsi
688 2646 801 2694 tum
832 2640 1119 2696 histriones
1148 2641 1314 2697 Italia.
1395 2642 1541 2698 ldem
1569 2660 1748 2697 annus
1773 2642 1880 2700 alio

266 2724 486 2787 quoque
529 2711 675 2772 luctu
714 2713 993 2775 Caesarem
1032 2716 1238 2787 adficit,
1279 2716 1505 2774 alterum
1545 2718 1879 2797 argemirus
