2081 3038
241 211 487 288 mero.)
656 221 815 268 Lis.
854 221 929 266 11.
970 220 1149 266 oAP.
1191 221 1274 268 41.
1313 221 1397 266 42.
1774 215 1830 267 81

228 321 571 394 ⁴postulantes
598 329 875 376 venerunt.
957 320 1161 376 Audire
1188 321 1512 379 conditiones
1541 338 1602 376 ac
1625 320 1842 376 reddere

241 398 476 469 parabat,
520 415 644 452 cum
682 396 994 468 praecipites
1032 395 1389 466 exploratores
1425 396 1609 451 adesse
1635 397 1838 452 hostem

242 473 573 526 nuntiavere.
653 472 987 542 Interruptus
1031 471 1369 526 tribunorum
1409 488 1610 526 sermo:
1673 489 1842 544 eoque

242 547 504 604 incertum
526 545 645 611 fuit,
668 546 895 601 insidias
916 563 981 600 an
1004 545 1376 616 proditionem,
1403 544 1483 598 vel
1506 545 1720 616 aliquod
1750 548 1844 601 bo-

244 630 456 676 nestum
506 621 792 678 consilium
840 624 1212 692 coeptaverint.
1293 619 1545 682 Caecina.
1599 620 1842 675 dimissis

242 696 493 760 tribuniS,
516 705 759 752 revectus
777 697 834 752 in
854 706 1044 760 castra,
1067 695 1248 751 datum
1271 697 1422 750 iussu
1450 695 1597 748 Fabii
1611 693 1842 750 Valentis

240 787 454 845 pugnae
480 771 700 846 signum
726 780 777 826 et
796 771 1017 827 militem
1046 774 1099 826 in
1121 772 1286 826 armis
1304 771 1526 825 invenit.
1610 770 1746 824 Dum
1771 769 1846 824 le-

241 846 427 919 giones
456 845 521 902 de
546 847 731 904 ordine
760 847 991 920 agminis
1012 830 1326 907 sorfiuntur,
1359 847 1566 918 equites
1587 861 1844 916 prorupe-

243 939 326 976 re:
370 929 439 987 et,
482 922 682 978 mirum
726 922 894 986 dictu,
936 941 966 976 a
1006 923 1350 993 paucioribus
1381 920 1696 976 Othonianis
1735 937 1844 992 quo

244 997 426 1052 minus
447 997 504 1054 in
526 996 726 1054 vallum
748 993 1175 1071 inpingerentur',
1201 995 1420 1074 Italicae.
1430 995 1650 1070 legionis
1674 999 1843 1050 virtu-

242 1079 292 1127 te
306 1068 543 1128 deterriti
564 1081 709 1128 sunt.
777 1073 852 1128 Ea
875 1075 1072 1128 strictis
1095 1073 1443 1128 mucronibus
1466 1071 1636 1126 redire
1657 1071 1841 1142 pulsos

236 1155 293 1202 et
318 1164 555 1222 pugnam
586 1165 858 1204 rosumere
885 1150 1072 1222 coegit.
1155 1150 1414 1222 Disposita
1443 1149 1840 1202 Vitellianarum

242 1220 511 1296 legionum
538 1225 675 1280 acies
706 1225 825 1278 sine
849 1224 1222 1295 trepidatione:
1264 1227 1482 1284 etenim,
1507 1241 1840 1296 quamquam

241 1297 421 1354 vicino
447 1299 615 1363 hoste,
646 1299 928 1370 adspectus
956 1317 1228 1353 armorum
1258 1300 1440 1353 densis
1461 1299 1695 1354 arbustis
1723 1317 1843 1370 pro-

242 1371 551 1428 hibebatur:
594 1373 737 1443 apud
756 1373 1082 1428 Othonianos
1103 1374 1283 1443 pavidi
1309 1373 1492 1436 duces,
1518 1373 1672 1428 miles
1692 1375 1845 1428 duci·

242 1445 349 1502 bus
388 1445 653 1511 infensus,
693 1449 859 1502 mixta
895 1447 1142 1500 vehicula
1179 1455 1231 1500 et
1256 1446 1414 1508 lixae,
1447 1457 1516 1507 et,
1547 1449 1844 1518 praeruptis

243 1522 518 1593 utrimque
556 1519 735 1587 fossis,
778 1524 865 1577 via
902 1525 1084 1593 quieto
1112 1538 1330 1593 quoque
1360 1524 1560 1594 agmini
1597 1534 1840 1596 angusta.
1921 1565 1933 1577 .

245 1594 653 1652 Circumsistere
690 1595 780 1651 alii
820 1598 973 1669 signa
1004 1614 1124 1661 sua,
1166 1614 1421 1669 quaerere
1448 1596 1566 1653 alii:
1611 1602 1844 1653 incertus

246 1670 488 1742 undique
507 1670 705 1727 clamor
722 1672 1143 1738 adcurrentium,
1157 1675 1500 1728 vocitantium
1517 1694 1529 1728 ε
1544 1684 1628 1737 et,
1655 1684 1710 1727 ut
1729 1677 1845 1729 cui-

244 1762 355 1819 que
398 1745 630 1801 audacia.
668 1746 752 1801 vel
792 1745 1042 1813 formido,
1087 1750 1140 1803 in
1186 1750 1414 1821 primam
1455 1761 1846 1821 postremamve
1941 1750 1948 1757 ’

246 1821 415 1875 aciem
434 1821 871 1893 prorumpebant,
892 1833 985 1878 aut
1003 1823 1396 1879 relabebantur.

358 1898 443 1953 42.
484 1894 759 1951 Adtonitus
786 1898 968 1967 subito
991 1908 1186 1955 terrore
1211 1909 1415 1954 mentes
1441 1896 1633 1953 falsum
1657 1899 1848 1973 gaudi-

249 1988 341 2027 um
362 1971 419 2026 in
440 1970 749 2045 languorem
771 1974 945 2038 vertit,
971 1976 1210 2045 repertis,
1235 1976 1330 2047 qui
1345 1980 1616 2031 descivisse
1633 1994 1667 2027 a
1695 1976 1848 2029 Vitel-

246 2050 318 2102 lio
336 2052 624 2114 exercitum
642 2049 1042 2104 ementirentur.
1125 2051 1176 2104 Is
1193 2068 1394 2113 rumor,
1419 2050 1486 2103 ab
1505 2048 1849 2120 exploratori-

242 2121 349 2179 bus
370 2118 568 2177 Vitellii
584 2121 884 2195 dispersus,
906 2141 972 2178 an
992 2124 1048 2178 in
1071 2126 1187 2196 ipsa
1203 2124 1428 2179 Othonis
1445 2134 1594 2197 parte
1613 2142 1705 2178 seu
1730 2124 1850 2181 dolo

244 2214 343 2253 seu
370 2195 501 2253 forte
529 2200 839 2265 surrexerit,
868 2216 1062 2271 parum
1079 2210 1431 2271 compertum.
1511 2198 1728 2254 Omisso
1747 2216 1850 2270 pu—

243 2289 383 2347 gnae
420 2272 631 2339 ardore,
674 2272 961 2333 Othoniani
1008 2274 1150 2330 ultro
1191 2274 1513 2330 salutavere:
1577 2284 1627 2329 et
1670 2274 1846 2329 hostili

245 2364 527 2403 murmure
566 2348 769 2420 excepti
785 2390 799 2415 ,
851 2349 1126 2422 plerisque
1170 2368 1393 2407 suorum
1433 2349 1662 2422 ignariS,
1711 2366 1850 2421 quae

244 2440 435 2479 caussa
464 2421 751 2489 salutandi,
779 2433 981 2480 metum
1000 2426 1317 2497 proditionis
1341 2425 1525 2480 fecere.
1606 2425 1742 2479 Tum
1766 2426 1852 2479 in-

245 2498 435 2553 cubuit
460 2498 698 2555 hostium
718 2501 877 2567 acies,
899 2502 1124 2575 integris
1142 2501 1442 2563 ordinibus,
1475 2500 1660 2555 robore
1679 2509 1728 2553 et
1747 2517 1851 2553 nu-

247 2590 396 2628 mero
430 2576 806 2645 praestantior:
868 2575 1182 2641 Othoniani,
1225 2591 1556 2648 quamquam
1597 2575 1847 2647 dispersi,

245 2650 545 2719 pauciores,
569 2648 716 2714 fessi,
740 2651 1003 2721 proelium
1024 2661 1201 2706 tamen
1223 2653 1410 2706 acriter
1431 2668 1728 2723 sumpsere.
1785 2651 1852 2705 Et

246 2720 502 2850 perTlocos
522 2723 803 2853 argoribus
822 2744 885 2783 ac
902 2730 1077 2785 vineis
1097 2727 1362 2799 inpeditos
1385 2743 1488 2857 ῐὲοη
1514 2744 1618 2783 una
1637 2742 1850 2801 pugnae

367 2814 537 2854 aeirus
628 2840 642 2855 .
