2081 3038
275 256 341 309 62
839 258 1311 305 ANNALIUM
1604 249 1675 324 (A.
1698 259 1874 308 nata.

277 363 442 425 tal-iis,
467 378 559 432 per
581 357 874 415 ludibrium
899 358 1225 449 figebantur:
1250 359 1381 417 alios
1402 368 1645 432 prorutae
1664 360 1879 417 arbores

275 435 492 491 adflixer
495 452 541 489 e.
583 435 773 509 Magna
795 452 854 489 ea
874 434 1114 501 victoria,
1139 453 1317 508 neque
1338 445 1557 495 cruenta
1578 436 1734 491 nobis
1756 434 1873 491 fuit:

388 515 469 565 48.
511 509 708 575 Quinta
737 510 804 565 ab
830 509 958 565 hora
985 510 1093 565 diei
1115 511 1181 565 ad
1202 518 1405 567 noctem
1426 512 1567 567 caesi
1587 510 1767 567 hostes
1787 511 1882 573 de·-

273 603 394 643 cem
420 584 586 640 millia
617 602 878 657 passuum
907 586 1256 641 cadaveribus
1294 595 1454 659 atque
1492 588 1659 642 armis
1696 585 1882 659 opple-

275 678 424 729 νει-ες
468 662 690 732 repertis
709 661 845 717 inter
865 661 1032 732 spolia
1056 678 1241 717 eorum
1262 664 1461 719 catenis
1478 705 1490 728 ,
1530 680 1669 735 quas
1697 664 1751 717 in
1776 662 1883 717 Ro-

276 753 488 802 manoS,
533 744 592 791 ut
620 754 726 793 non
755 736 922 793 dubio
947 746 1171 803 eventu,
1204 745 1559 809 portaverant.
1638 737 1792 793 Miles
1822 739 1881 793 in

275 811 388 869 loco
406 810 878 884 proeliiTiberium
899 813 1271 884 imperatorem
1293 812 1883 884 salutavit,struxitque
1906 870 1915 877 ,

275 904 518 962 aggerem
536 929 550 953 ,
583 894 634 941 et
653 887 710 942 in
731 886 952 943 modum
980 896 1313 958 tropaeorum
1343 906 1518 955 arma,
1560 888 1883 959 subscriptis

275 965 538 1018 victarum
557 963 799 1035 gentium
822 963 1153 1028 nominibus,
1178 964 1434 1035 inposuit.

387 1040 470 1093 ⁴9.
513 1036 668 1093 Haud
684 1036 905 1108 perinde
925 1037 1221 1093 Germanos
1242 1039 1490 1104 vulnera,
1515 1037 1711 1103 luctuS,
1736 1038 1885 1093 exci-

274 1112 392 1179 dia,
416 1130 582 1184 quam
604 1129 663 1166 ea
683 1113 918 1184 species,
942 1112 1121 1168 dolore
1140 1121 1193 1169 et
1210 1113 1288 1168 ira
1309 1113 1516 1172 adfecit.
1596 1112 1703 1179 Qui
1724 1112 1887 1169 modo

276 1188 422 1243 abire
440 1186 680 1253 sedibus,
692 1195 838 1242 trans
847 1186 1026 1242 Albim
1049 1188 1335 1243 concedere
1351 1189 1626 1261 parabant,
1639 1206 1884 1262 pugnam

276 1262 489 1327 volunt,
512 1279 660 1317 arma
679 1263 920 1335 rapiunt:
962 1261 1167 1334 plebes,
1190 1264 1472 1335 primoreS,
1496 1264 1773 1329 iuventus,
1796 1280 1887 1319 se-

276 1355 373 1393 nes
393 1355 586 1411 agmen
607 1338 908 1393 Romanum
929 1346 1145 1409 repente
1164 1339 1459 1404 incursant,
1485 1340 1719 1395 turbant.
1781 1340 1887 1395 Po-

276 1422 474 1468 stremo
491 1412 734 1487 deligunt
753 1411 928 1467 locum
945 1454 958 1477 ,
981 1412 1206 1469 flumine
1224 1422 1277 1470 et
1296 1413 1453 1471 silvis
1470 1413 1755 1470 clausum
1733 1455 1747 1479 ,
1772 1423 1886 1469 arta

275 1490 422 1545 intus
443 1488 662 1561 planitie
682 1496 734 1546 et
751 1488 975 1546 humida
992 1509 1005 1545 ε
1025 1488 1193 1546 silvas
1210 1506 1429 1563 quoque
1447 1489 1709 1562 profunda
1725 1489 1887 1562 palus

277 1566 538 1630 ambibat,
579 1565 686 1620 nisi
714 1565 861 1637 quod
891 1564 1029 1620 latus
1050 1583 1221 1622 unum
1242 1566 1547 1640 Angrivarii
1570 1566 1673 1622 lato
1693 1581 1889 1639 aggere

277 1641 601 1706 extulerant,
633 1658 743 1713 quo
763 1658 792 1696 a
814 1640 1101 1696 Cheruscis
1120 1641 1519 1698 dirimerentur.
1598 1641 1699 1696 Hic
1722 1641 1887 1727 pedes

275 1716 503 1770 adstitit:
546 1716 780 1787 equitem
802 1716 1122 1788 propinquis
1143 1715 1281 1772 lucis
1301 1724 1505 1782 texere,
1546 1725 1607 1772 ut
1624 1717 1889 1790 ingressis

275 1790 470 1846 silvam
493 1788 796 1864 legionibus
815 1808 846 1845 a
866 1797 1012 1864 tergo
1032 1789 1181 1848 foret.

387 1867 472 1920 20.
515 1863 662 1920 Nihil
683 1883 750 1921 ex
769 1865 856 1920 his
877 1865 1089 1922 Caesari
1110 1867 1471 1941 incognitum·
1512 1843 1766 1932 consilia,
1809 1865 1889 1922 lo-

275 1958 392 2007 cos,
414 1949 704 2030 prompta,
747 1940 948 1998 occulta
979 1949 1223 2008 noverat,
1267 1950 1523 2014 astusque
1558 1943 1793 1998 hostium
1826 1943 1889 1997 in

276 2016 568 2104 perniciem
596 2016 732 2088 ipsis
760 2017 1013 2073 vertebat.
1094 2017 1215 2074 Seio
1235 2017 1501 2074 Tuberoni
1532 2016 1701 2090 legato
1726 2015 1887 2072 tradit

277 2092 511 2164 equitem
534 2109 923 2182 campumque:
967 2091 1211 2164 peditum
1230 2093 1400 2148 aciem
1420 2093 1493 2147 ita
1514 2092 1797 2158 instruxit,
1824 2100 1886 2148 ut

277 2185 402 2240 pars
429 2185 601 2241 aequo
629 2169 686 2222 in
715 2167 909 2223 silvam
937 2167 1085 2222 aditu
1113 2167 1407 2232 incederet,
1451 2185 1577 2239 pars
1614 2167 1883 2224 obiectum

277 2261 528 2332 aggerem
547 2243 860 2311 eniteretur,
903 2241 1057 2313 quod
1069 2239 1330 2307 arduum,
1357 2209 1484 2307 si'bi,
1508 2251 1679 2298 cetera
1698 2241 1887 2316 legatis

278 2319 542 2391 permisit.
622 2315 834 2383 Quibus
872 2317 1031 2389 plana
1058 2325 1369 2383 evenerant,
1410 2315 1564 2372 facile
1600 2318 1883 2388 inrupere:

278 2394 406 2465 quis
435 2391 838 2466 impugnandus
867 2409 1055 2466 agger,
1097 2401 1158 2450 ut
1186 2393 1233 2448 si
1260 2410 1482 2448 murum
1522 2392 1885 2457 succederent,

279 2468 538 2556 gravibus
557 2483 790 2539 superne
809 2467 1005 2524 ictibus
1035 2467 1487 2524 conflictabantur.
1567 2466 1749 2526 Sensit
1773 2467 1889 2524 dux

279 2543 520 2614 inparem
543 2543 790 2600 cominus
808 2559 1077 2616 pugnam,
1106 2540 1432 2614 remotisque
1450 2541 1695 2614 paullum
1723 2541 1891 2616 legio-

282 2616 474 2684 nibus,
505 2616 798 2674 funditores
820 2617 1202 2690 libratoresque
1222 2625 1469 2674 excutere
1486 2616 1597 2672 tela
1608 2625 1659 2672 et
1676 2625 1891 2689 protur-

281 2691 408 2748 bare
427 2691 634 2748 hostem
653 2693 820 2749 iubet.
899 2692 1095 2749 Missae
1114 2711 1143 2748 e
1163 2692 1438 2750 tormentis
1464 2691 1645 2748 hastae
1658 2733 1673 2758 ,
1714 2707 1893 2764 quan-

285 2775 444 2840 ⁴*oque
473 2767 747 2839 conspicui
777 2769 950 2841 magis
977 2775 1425 2839 propugnatores,
1466 2774 1609 2824 tanto
1637 2766 1892 2838 pluribus
