2081 3038
329 239 410 298 ‚tt
901 243 1005 288 ΛΝ
1032 245 1072 286 N
1101 243 1139 286 A
1164 243 1202 284 1.
1223 241 1374 286 xum
1669 231 1732 308 (Α.
1755 252 1797 290 u.
1817 243 1902 288 ⁷⁶⁷.

352 342 497 398 nicas
538 339 553 396 l
627 341 773 398 ’ones
810 339 998 399 seditio
1036 339 1280 414 incessit3
1323 340 1490 400 nullis
1529 342 1684 400 nevis
1707 341 1906 406 caussis,

351 415 453 471 nisi
476 433 552 488 qu
640 423 876 472 mutatus
893 417 1142 488 princeps
1165 415 1430 472 licentiam
1462 415 1758 480 turbarum,
1785 423 1831 474 ct
1851 433 1910 470 ex

348 488 495 548 civili
512 489 651 546 hello
670 507 822 562 spem
840 491 1200 564 praemiorum
1229 490 1551 546 ostendebat.
1631 490 1812 546 Castris
1837 507 1913 544 ae-

349 565 503 620 stivis
526 573 630 620 tres
651 565 816 622 simul
837 565 1072 640 legiones
1093 565 1441 630 habebantur,
1455 564 1915 635 praesidentelunio

347 639 560 696 Blaeso:
602 640 699 712 qui
715 681 729 706 ,
760 640 869 697 fine
888 640 1122 714 Augusti
1141 648 1193 695 et
1212 639 1380 694 initiis
1401 639 1598 694 Tiberii
1621 639 1830 706 auditis,
1855 638 1918 694 ob

351 715 616 772 iustitium
643 713 755 790 [aut
768 711 1054 789 gaudium]
1076 713 1429 770 intermiserat
1449 712 1600 770 solita
1623 713 1812 768 munia.
1850 714 1921 768 Eo

346 789 613 861 principio
633 789 879 846 lascivire
898 789 1076 854 miles,
1097 786 1416 853 discordare,
1439 789 1659 860 pessimi
1679 788 1924 860 cuiusque

348 864 688 920 sermonibus
714 863 966 935 praebere
994 881 1178 927 aures,
1219 862 1453 934 denique
1481 861 1670 918 luxum
1699 871 1747 918 et
1769 863 1922 918 otium

349 955 563 1012 cupere,
584 937 927 1010 disciplinam
946 946 997 994 et
1016 937 1250 1004 laborem
1269 937 1560 1008 aspernari.
1637 937 1759 994 Erat
1776 937 1828 992 in
1847 956 1928 990 ca-

350 1013 475 1068 stris
497 1013 819 1070 Percennius
838 1011 1061 1086 quidam
1077 1054 1090 1077 ‚
1123 1011 1236 1068 dux
1253 1009 1384 1068 olim
1407 1009 1738 1070 theatralium
1759 1029 1932 1084 opera-

349 1105 470 1143 rum
490 1128 505 1156 ,
538 1085 663 1142 dein
681 1087 957 1162 gregarius
976 1086 1162 1152 miles,
1191 1103 1384 1159 procax
1406 1085 1588 1161 lingua
1603 1128 1618 1152 ,
1648 1094 1699 1141 et
1724 1087 1936 1144 miscere

350 1169 531 1216 coetus
550 1161 851 1218 histrionali
872 1161 1049 1218 studio
1065 1161 1270 1218 doctus,
1351 1161 1401 1218 Is
1422 1162 1696 1234 imperitos
1715 1162 1934 1226 animoS,

350 1244 725 1314 et,·quaenam
752 1244 873 1310 post
898 1235 984 1294 Au
1063 1245 1208 1294 stum
1241 1234 1458 1295 militiae
1485 1235 1740 1302 conditio,
1773 1236 1943 1292 ambi-

264 1349 276 1362 .
350 1319 561 1384 gentes„
593 1311 865 1384 impellere
889 1329 996 1384 pau
1020 1311 1170 1371 latim
1199 1313 1472 1368 nocturnis
1501 1310 1826 1384 conloquiis,
1855 1319 1946 1366 aut

352 1385 486 1444 llexo
506 1386 563 1442 in
585 1403 861 1460 vesperam
880 1387 968 1444 die
982 1429 997 1454 ,
1020 1393 1097 1457 et,
1120 1385 1342 1460 dilapsis
1367 1385 1676 1444 melioribus
1692 1427 1708 1452 ,
1728 1385 1948 1442 deterri-

354 1478 505 1518 mum
528 1479 800 1537 quemque
820 1479 1156 1539 congregare.

465 1539 546 1595 47.
589 1540 885 1605 Postremo,
914 1538 1176 1613 promptis
1203 1538 1311 1597 iam
1342 1546 1392 1593 et
1412 1537 1532 1593 aliis
1551 1535 1828 1593 seditionis
1850 1538 1956 1591 rni-

354 1614 555 1679 nistris‚
580 1614 727 1671 velut
746 1611 1212 1671 concionabundus
1233 1608 1632 1687 inte1·rogabat:‘
1655 1629 1750 1667 eur
1766 1616 1958 1679 paucis

353 1693 751 1753 centurionibus,
766 1694 1108 1757 paucioribus
1127 1692 1363 1751 tribunis,
1389 1692 1444 1743 iu
1463 1692 1668 1743 'nodum
1685 1703 1964 1743 servorum

352 1762 649 1819 obedirent?
688 1768 896 1833 quando
914 1780 1137 1817 ausuros
1154 1779 1429 1831 eaeposcere
1449 1764 1674 1815 remedia
1689 1801 1704 1827 ,
1736 1764 1846 1815 uisi
1867 1778 1967 1815 uo*

352 1856 473 1892 vum
502 1847 551 1892 et
582 1846 846 1894 nutantem
876 1839 1045 1893 adhue
1067 1840 1356 1905 principem
1393 1838 1632 1903 precibus
1671 1838 1755 1891 vel
1793 1840 1970 1893 armis

352 1912 599 1967 adirent?
636 1913 781 1968 Satis
802 1929 902 1981 per
931 1920 1003 1967 tot
1029 1928 1195 1965 annos
1233 1914 1446 1983 iqnapia
1477 1918 1780 1978 peecatum,
1827 1915 1975 1980 quod

356 1993 553 2042 tricena
572 1996 666 2043 aut
686 1992 1024 2057 quadraqena
1043 1988 1299 2053 stipendia
1317 2002 1476 2050 senes,
1488 1993 1537 2041 et
1552 1988 1794 2054 plerique
1814 1994 1979 2040 trun-

355 2072 469 2117 cato
498 2080 565 2117 ex
596 2064 895 2117 vulneribus
923 2078 1162 2130 corpore,
1185 2062 1413 2115 tolerent.
1491 2060 1570 2115 Ne
1588 2064 1828 2117 dimissis
1851 2064 1982 2129 qui-
2019 2106 2021 2109 Α

352 2142 465 2191 clem
483 2140 633 2207 finem
654 2154 759 2191 esse
779 2140 1014 2201 militiae,
1037 2140 1126 2191 sed
1146 2138 1287 2203 apud
1307 2138 1559 2190 veaeillum
1576 2142 1838 2199 retentos,
1865 2138 1987 2189 alio

353 2215 601 2265 vocabulo
636 2216 833 2265 eosdem
857 2215 1058 2267 labores
1083 2216 1344 2280 perferre:
1383 2228 1448 2263 ae
1476 2214 1526 2263 si
1553 2212 1671 2281 quis
1703 2216 1782 2263 tot
1818 2228 1991 2264 casus

353 2290 463 2339 vita
480 2292 819 2355 superaverit,
843 2290 983 2341 trahi
998 2288 1167 2343 adhuc
1186 2289 1422 2339 diversas
1442 2289 1497 2338 iu
1519 2292 1718 2348 terraS,
1742 2288 1864 2349 ubi,
1885 2303 1995 2353 per

290 2420 297 2427 .
352 2377 535 2415 nomeu
562 2378 836 2430 amorum,
866 2362 1088 2429 uligines
1109 2362 1364 2429 paludum
1389 2362 1470 2412 vel
1489 2362 1694 2415 inculta
1713 2364 1999 2415 montium

352 2441 631 2504 accipiant.
706 2434 980 2489 Enimvero
1018 2439 1262 2489 militiam
1301 2438 1466 2503 ipsam
1503 2452 1746 2504 ,qi-avem,
1801 2438 2005 2505 infru-

357 2519 613 2565 ctuosam:
642 2513 786 2565 denis
814 2515 871 2564 iu
898 2514 1033 2563 diem
1052 2512 1254 2565 assibus
1274 2514 1503 2565 animam
1523 2518 1572 2563 et
1591 2527 1794 2581 corpus
1818 2513 2010 2565 aesti-

354 2588 508 2637 mari.
584 2585 721 2641 Hine
759 2594 971 2649 vestem,
1015 2603 1196 2649 arma,
1240 2588 1463 2641 tentoria
1472 2606 1491 2655 ‚·
1529 2588 1649 2639 hinc
1687 2587 2014 2639 saevitiam

358 2662 711 2713 centurionum
730 2668 777 2713 et
794 2664 1090 2715 vacationes
1110 2677 1379 2718 munerum
1396 2664 1598 2715 redimi.
1673 2660 1745 2714 At
1768 2662 2022 2715 hercule

357 2736 571 2788 verbera
598 2743 647 2788 et
673 2736 913 2801 vulnera,
946 2739 1135 2791 duram
1163 2738 1398 2801 hiemem,
1429 2740 1696 2791 eaeereitas
1726 2743 2022 2800 aesta-tes,

352 2932 443 2995 ζμ
