2081 3038
194 208 442 283 ι.α.ἰο.)
598 214 758 261 mn.
793 214 898 261 111.
939 216 1120 263 cAP.
1160 216 1404 264 47—49.
1708 214 1805 268 {43

195 320 277 377 ibi
295 318 506 385 cohors,
528 318 740 392 regium
762 317 1028 373 auxilium
1048 316 1207 385 olim3
1248 334 1378 373 mox
1395 318 1573 375 donati
1592 321 1806 377 civitate

196 398 454 460 Romana,
485 396 641 467 signa
661 410 918 465 armaque
935 394 992 447 in
1013 401 1255 447 nostrum
1278 392 1519 459 modum,
1540 395 1803 452 desidiam

197 470 576 542 licentiamque
603 468 926 525 Graecorum
941 510 956 535 ,
993 468 1309 523 retinebant.
1390 467 1561 523 Classi
1587 489 1805 543 quoque

197 546 338 602 faces
356 544 558 611 intulit,
588 560 758 600 vacuo
773 544 931 609 mari,
961 542 1204 608 eludens,
1228 542 1357 613 quia
1378 541 1693 599 lectissimas
1713 548 1805 601 Li-

195 622 548 678 burnicarum
575 636 900 692 omnemque
929 618 1155 673 militem
1178 618 1461 673 Mucianus
1484 619 1803 692 Byzantium

196 697 460 771 adegerat.
540 694 685 761 Quin
725 702 777 751 et
813 694 1027 749 barbari
1066 694 1410 765 contemptim
1449 693 1800 767 vagabantur,

197 771 466 827 fabricatis
486 776 700 842 repente
717 769 970 834 navibus,
987 768 1254 844 (camaras
1271 768 1479 843 vocant)
1498 770 1656 823 arctis
1678 768 1805 825 late-

195 848 370 911 ribus,
411 845 514 900 lata
540 844 680 912 alvo,
721 847 842 900 sine
860 844 1079 901 vinculo
1105 845 1245 899 aeris
1262 852 1357 899 aut
1379 843 1505 899 ferri
1524 844 1799 901 connexis.

193 922 264 977 Et
283 921 492 976 tumido
517 922 674 987 mari,
701 927 860 993 prout
881 918 1077 976 fluctus
1097 917 1385 985 adtollitur,
1414 937 1631 975 summa
1651 920 1805 975 navi-

195 1014 292 1052 um
323 996 519 1051 tabulis
547 1003 762 1070 augent,
805 995 972 1051 donec
999 997 1059 1052 in
1077 995 1299 1051 modum
1324 997 1445 1050 tecti
1465 994 1799 1051 claudantur.

194 1072 285 1128 Sic
303 1073 440 1127 inter
459 1072 632 1127 undas
650 1070 960 1137 volvuntur,
983 1072 1101 1143 pari
1125 1072 1400 1143 utrimque
1417 1088 1594 1143 prora,
1608 1079 1661 1126 et
1678 1088 1803 1126 mu·-

195 1147 345 1203 tabili
372 1149 617 1221 remigiO,
658 1146 876 1221 quando
901 1147 1031 1203 hinc
1059 1146 1145 1204 vel
1169 1146 1325 1202 illinc
1348 1145 1613 1218 adpellere
1632 1146 1803 1203 indis-

193 1232 398 1279 cretum
419 1231 470 1278 et
488 1224 770 1278 innoxium
791 1230 890 1278 est.

305 1302 389 1353 48.
431 1298 672 1353 Advertit
689 1314 750 1353 ea
769 1314 856 1352 res
873 1297 1192 1369 Vespasiani
1210 1297 1475 1363 animum,
1498 1305 1560 1352 ut
1577 1299 1801 1355 vexilla-

192 1374 302 1429 rios
329 1389 360 1427 e
387 1372 708 1445 legionibuS,
739 1371 1043 1445 ducemque
1060 1371 1311 1427 Virdium
1332 1372 1645 1440 Geminum,
1678 1392 1801 1447 spe-

192 1454 360 1503 ctatae
385 1446 626 1512 militiae,
657 1445 930 1522 deligeret.
1011 1446 1107 1501 Ille
1132 1447 1545 1519 incompositum
1578 1457 1629 1505 et
1647 1466 1799 1523 prae—

194 1524 294 1577 dae
319 1521 572 1593 cupidine
599 1540 798 1597 vagum
827 1523 1035 1578 hostem
1069 1522 1303 1588 adortuS,
1334 1525 1506 1598 coegit
1523 1526 1580 1580 in
1600 1543 1795 1582 naves:

193 1597 502 1669 effectisque
528 1598 722 1670 raptim
743 1598 1073 1665 Liburnicis,
1104 1597 1419 1671 adsequitur
1440 1599 1720 1657 Anicetum
1740 1604 1796 1657 in

192 1673 328 1729 ostio
355 1670 596 1728 fluminis
623 1672 834 1740 Cohibi,
876 1681 1053 1732 tutum
1084 1674 1191 1730 sub
1207 1673 1628 1732 Sedochezorum
1654 1680 1796 1752 regis

192 1747 414 1813 auxilio,
428 1764 592 1820 quem
611 1749 839 1820 pecunia
857 1749 1124 1825 donisque
1142 1751 1209 1806 ad
1228 1753 1527 1806 societatem
1547 1755 1797 1826 perpule-

191 1832 290 1880 rat.
370 1825 450 1878 Ac
481 1825 658 1895 primo
685 1841 781 1880 rex
808 1827 973 1881 minis
1001 1828 1277 1899 armisque
1302 1826 1602 1898 supplicem
1624 1831 1791 1885 tueri:

189 1906 476 1973 postquam
496 1915 701 1954 merces
720 1899 1034 1972 proditionis
1054 1911 1147 1957 aut
1164 1900 1366 1956 bellum
1388 1902 1789 1972 ostendebatur3

191 1975 354 2042 fluxa,
398 1983 458 2030 ut
497 1982 577 2030 est
608 1975 868 2041 barbariS,
911 1976 1032 2042 fide,
1072 1986 1259 2048 pactus
1298 1977 1503 2032 Aniceti
1544 1979 1791 2044 exitium,

192 2050 444 2126 perfugas
461 2050 697 2117 tradidit,
720 2051 970 2124 belloque
987 2051 1172 2107 servili
1194 2051 1315 2107 finis
1334 2052 1621 2123 inposituS.
1664 2053 1797 2108 Lae-

189 2138 304 2184 tum
325 2144 384 2182 ea
408 2127 620 2182 victoria
642 2125 1056 2198 Vespasianum,
1078 2129 1285 2182 cunctis
1303 2144 1467 2199 super
1488 2137 1605 2183 vota
1624 2127 1796 2184 fluen-

189 2203 354 2269 tibus,
395 2200 772 2257 Cremonensis
807 2202 994 2275 proelii
1024 2203 1249 2257 nuntius
1282 2204 1339 2257 in
1373 2203 1614 2276 Aegypto
1642 2204 1797 2259 adse-

188 2279 390 2350 quitur.
470 2277 548 2332 Eo
574 2280 946 2350 properantius
974 2276 1349 2332 Alexandriam
1370 2280 1563 2351 pergit,
1585 2287 1663 2344 ut,
1689 2278 1795 2334 fra-

187 2361 268 2408 cto
286 2351 484 2407 Vitellii
507 2353 763 2418 exercitu,
787 2354 976 2409 urbem
1005 2369 1224 2424 quoque
1246 2361 1493 2408 externae
1512 2355 1630 2424 opis
1651 2355 1795 2409 indi-

185 2445 307 2501 gam
331 2426 470 2482 fame
489 2436 718 2502 urgeret.
799 2429 1047 2502 Namque
1074 2437 1125 2482 et
1147 2425 1401 2493 Africam,
1426 2429 1610 2484 eodem
1634 2428 1793 2485 latere

187 2505 364 2568 sitam,
389 2511 525 2558 terra
545 2505 793 2577 marique
810 2503 1061 2560 invadere
1080 2503 1319 2575 parabat,
1332 2502 1531 2558 clausis
1552 2522 1793 2560 annonae

186 2577 446 2634 subsidiis
487 2579 726 2652 inopiam
745 2597 808 2635 ac
825 2579 1147 2636 discordiam
1167 2579 1307 2634 hosti
1326 2578 1581 2636 facturus.

295 2655 380 2709 49.
421 2655 562 2709 Dum
591 2656 692 2712 hac
719 2657 882 2712 totius
910 2655 1059 2712 orbis
1078 2656 1371 2711 mutatione
1390 2654 1599 2711 fortuna
1620 2659 1792 2730 impe—

185 2727 252 2784 rii
273 2730 480 2796 transit,
511 2731 726 2789 Primus
745 2732 1012 2790 Antonius
1036 2749 1382 2806 nequaquam
1399 2732 1518 2805 pari
1535 2734 1793 2790 innocen-
