2081 3038
165 248 419 323 sear.)
621 257 779 306 ΜΒ.
819 259 916 306 xl.
959 260 1138 308 cAP.
1182 261 1227 307 s.
1270 260 1322 308 4.
1676 255 1777 311 229

167 360 440 432 percursis
464 358 678 416 Asiatici
699 359 756 414 in
776 377 947 432 remp.
966 359 1181 426 officiis,
1194 362 1499 434 recentique
1516 361 1779 418 adversus

165 436 498 492 Britanniam
529 433 742 500 militia,
781 451 1032 508 quaeque
1060 434 1165 491 alia
1190 435 1549 492 conciliandae
1567 439 1781 494 miseri-

163 511 377 568 cordiae
386 509 725 575 videbantur,
749 507 981 566 liberum
999 511 1051 566 ei
1070 513 1259 566 mortis
1277 511 1559 568 arbitrium
1577 514 1781 584 permi-

165 589 264 642 sit:
307 595 360 642 et
379 593 562 642 secuta
585 593 718 640 sunt
736 584 948 642 Claudii
970 586 1154 651 verba,
1183 587 1243 641 in
1262 586 1485 642 eandem
1506 586 1782 642 clementi-

165 681 276 718 am.
348 660 694 718 florentibus
713 660 913 716 dehinc
929 662 1260 734 quibusdam
1280 662 1515 718 inediam
1537 670 1587 717 et
1606 661 1781 718 lenem
1888 671 1907 676 “

165 740 400 802 exitum,
429 737 696 794 remittere
719 735 1065 803 beneficium,
1106 738 1376 794 Asiaticus
1402 738 1503 794 ait:
1546 746 1598 793 et
1620 755 1785 794 usur-

169 813 330 884 patis,
371 811 580 883 quibus
603 812 930 877 insueverat,
973 813 1463 878 exercitationibus,
1505 812 1649 868 lauto
1667 830 1786 868 cor-

168 903 316 960 pore,
351 885 526 944 hilare
540 886 810 958 epulatus,
831 903 980 952 cum,
1011 905 1074 942 se
1094 889 1371 944 honestius
1390 887 1674 944 calliditate
1692 887 1787 942 Ti-

169 964 325 1027 berii,
343 961 426 1017 vel
447 960 725 1032 impetuc.
740 961 982 1019 Caesaris
1000 965 1323 1034 periturum,
1335 964 1579 1030 dixisset,
1592 981 1757 1036 quam
1767 1006 1780 1028 ‚

167 1037 318 1110 quod
345 1037 534 1092 fraude
563 1035 838 1102 muliebri,
871 1046 924 1094 et
951 1037 1205 1110 inpudico
1224 1039 1424 1096 Vitellii
1443 1057 1533 1094 ore
1552 1039 1778 1104 caderet,

172 1130 337 1170 venas
373 1111 627 1170 exsolvit:
669 1113 790 1168 vise
819 1120 996 1168 tamen
1023 1121 1143 1168 ante
1160 1131 1307 1188 rogo,
1330 1115 1589 1188 iussoque
1608 1123 1782 1169 trans-

171 1188 296 1242 ferri
335 1197 540 1260 partem
577 1187 636 1242 in
675 1187 867 1253 aliam,
920 1205 988 1244 ne
1023 1190 1258 1260 opacitas
1295 1190 1547 1246 arborum
1589 1206 1783 1262 vapore

167 1265 316 1393 {gnis
341 1264 696 1322 minueretur.
775 1263 1008 1320 Tantum
1037 1263 1117 1319 illi
1134 1266 1434 1321 securitatis
1456 1266 1783 1323 novissimae

191 1340 292 1397 uit.

281 1417 334 1472 4.
377 1413 646 1472 Vocantur
664 1420 786 1486 post
804 1413 936 1470 haec
951 1423 1146 1486 patres,
1163 1417 1449 1490 pergitque
1464 1415 1672 1470 Suilius
1690 1415 1784 1470 ad·-

169 1490 298 1548 dere
323 1505 442 1547 reos
469 1490 680 1565 equites
705 1487 972 1548 Romanos
999 1491 1272 1558 inlustres,
1302 1491 1506 1563 quibus
1526 1490 1677 1545 Petra
1696 1507 1786 1545 co-

169 1575 546 1641 gnomentum.
622 1565 698 1624 *At
733 1582 924 1623 caussa
962 1566 1109 1621 necis
1149 1583 1217 1621 ex
1254 1584 1334 1633 ec,
1376 1565 1525 1639 quod
1562 1565 1784 1620 domum

169 1659 330 1697 suam
359 1640 562 1697 Valerii
587 1650 640 1695 et
664 1640 938 1713 Poppaeae
972 1643 1353 1715 congressibus
1388 1640 1781 1714 praebuissent.

172 1717 375 1775 Verum
415 1723 707 1775 nocturum
741 1717 940 1788 quietis
966 1718 1175 1789 species
1206 1717 1358 1772 alteri
1386 1717 1606 1783 obiecta,
1648 1724 1787 1771 tam-

169 1810 338 1865 quam
359 1792 586 1850 vidisset
597 1790 884 1849 Claudium
903 1794 1081 1863 spicea
1100 1808 1291 1848 corona
1308 1794 1603 1859 evinctum,
1618 1793 1785 1866 spicis

170 1876 310 1923 retro
345 1868 654 1925 conversis:
703 1884 874 1940 eaque
914 1867 1150 1941 imagine
1190 1869 1504 1943 gravitatem
1542 1884 1787 1925 annonae

169 1944 420 2001 dixisset.
499 1940 734 2007 Quidam
752 1944 1095 2014 pampineam
1116 1960 1362 1999 coronam
1380 1943 1685 1999 albentibus
1706 1941 1786 1997 fo-

171 2019 260 2073 liis
281 2019 482 2083 visam,
503 2024 664 2089 etque
682 2018 756 2073 ita
771 2017 1174 2091 interpretatum
1186 2062 1203 2084 ,
1230 2018 1512 2083 tradidere,
1533 2023 1786 2091 vergente

171 2103 435 2152 autumno
455 2101 682 2149 mortem
700 2092 963 2164 principis
981 2093 1209 2148 ostendi.
1286 2092 1427 2149 Illud
1447 2092 1593 2147 haud
1611 2092 1788 2147 ambi-

169 2171 339 2243 gitur,
371 2167 764 2240 qualicumque
792 2167 1062 2224 insomnio
1088 2168 1197 2240 ipsi
1214 2167 1473 2241 fratrique
1491 2167 1785 2241 perniciem

171 2244 424 2303 adlatam.
503 2241 822 2302 Sestertium
841 2242 1155 2316 quindecies
1178 2249 1231 2299 et
1252 2243 1491 2318 insignia
1508 2250 1789 2315 praeturae

175 2320 428 2391 Crispino
455 2317 682 2376 decreta.
761 2317 970 2375 Adiecit
998 2316 1246 2374 Vitellius
1274 2319 1579 2374 sestertium
1608 2317 1786 2372 decies

173 2394 405 2460 Sosibio,
428 2398 570 2463 quod
593 2394 960 2449 Britannicum
972 2398 1283 2462 praeceptis,
1320 2393 1595 2448 Claudium
1615 2398 1788 2447 consi-

175 2474 264 2525 liis
281 2476 510 2528 iuvaret.
585 2468 822 2542 Rogatus
837 2469 1157 2527 sententiam
1176 2476 1229 2523 et
1244 2466 1453 2539 Scipio:
1498 2486 1613 2521 cum
1633 2472 1785 2528 idem,

175 2546 372 2617 inquit,
405 2549 471 2598 de
501 2544 745 2599 admissis
771 2545 1038 2613 Poppaeae
1061 2547 1299 2606 sentiam,
1327 2546 1465 2611 quod
1484 2558 1671 2603 omnes,
1687 2558 1791 2609 pu-
1896 2556 1906 2565 ·

173 2630 296 2683 tate,
337 2636 420 2675 mc
459 2622 600 2679 idem
635 2623 826 2683 dicero,
865 2624 1005 2691 quod
1029 2636 1233 2675 omnes.-
1272 2614 1501 2689 eleganti
1528 2622 1793 2687 tempera-

173 2704 355 2782 mento
382 2694 525 2752 inter
553 2693 892 2767 coniugalem
909 2711 1169 2759 amorem,
1198 2700 1252 2747 et
1266 2690 1587 2747 senatoriam
1604 2706 1792 2747 neces·-

170 2779 406 2833 citatem.
