2081 3038
260 237 360 291 3⁴2
821 242 1305 289 ANNALIUM
1588 224 1858 311 (eoem.

259 344 642 401 accusationem
677 345 746 397 ab
784 359 844 399 eo
883 351 1138 399 coactam.
1216 343 1355 400 Tum
1384 349 1529 401 iussa
1546 344 1865 401 Messalinae

257 415 550 492 praetendi,
582 424 633 473 et
656 416 834 474 labare
859 416 1115 475 defensio.
1192 419 1309 476 'Gur
1326 424 1461 475 enim
1486 424 1737 475 neminem
1756 424 1865 475 ali-

258 510 348 553 um
365 496 630 557 delectum,
651 498 745 565 qui
761 498 1026 561 saevienti,
1048 500 1339 565 inpudicae,
1366 512 1538 550 vocem
1549 495 1865 565 praeberet?

261 571 548 624 heniendoc
585 586 762 623 remm
795 575 1053 627 atrocium
1077 575 1359 635 ministros,
1400 573 1491 625 ubi
1505 575 1679 639 pretia
1704 575 1866 626 ecele-

259 663 380 700 rum
396 648 588 715 adepti,
607 648 805 700 scelera
824 649 941 715 ipsa
961 649 1087 703 aliie
1106 649 1351 715 deleyent.
1429 642 1599 721 Igitur
1615 646 1865 719 adempta

260 720 521 777 bonorum
559 726 710 791 parte
747 718 891 794 (nam
919 719 1029 776 filio
1056 728 1110 775 et
1135 721 1282 793 nepti
1306 737 1430 793 pars
1456 721 1862 790 concedebatur,

261 794 740 869 eximebanturque
783 796 942 851 etiam
959 838 975 862 ,
1022 812 1163 869 quae
1202 804 1511 853 testamento
1548 799 1735 853 matris
1772 807 1869 854 aut

261 872 414 928 aviae
437 868 762 945 acceperant)
787 871 845 925 in
873 869 1082 926 insulas
1110 870 1353 927 Baleares
1378 871 1625 943 pellitur:
1667 891 1774 928 non
1802 875 1865 929 in

259 949 380 1024 ipso
397 946 726 1011 discrimine,
759 963 865 1001 non
881 953 1004 1019 post
1019 944 1415 1002 damnationem
1433 946 1629 1003 fractus
1648 949 1861 1004 animo:

261 1020 652 1094 ferebaturque,
684 1022 896 1093 copiosa
923 1028 974 1076 et
985 1019 1147 1076 'molli
1167 1022 1277 1077 vita
1296 1029 1560 1077 secretum
1579 1020 1715 1077 illud
1734 1022 1867 1079 tole-

259 1098 484 1153 ravisse.
561 1094 764 1151 Filium
791 1096 930 1162 ciue,
955 1094 1320 1162 Nerullinum,
1352 1097 1619 1171 adgressis
1638 1098 1865 1153 adcusa-

260 1171 486 1238 toribus,
516 1188 612 1243 per
638 1170 900 1227 invidiam
919 1171 1087 1243 patris
1107 1178 1159 1227 et
1176 1172 1404 1227 crimina
1423 1172 1861 1245 repetundarum,

261 1246 560 1303 intercessit
577 1246 846 1321 priuceps,
869 1252 1127 1320 tanquam
1144 1248 1274 1303 satis
1295 1246 1499 1320 expleta
1519 1248 1739 1305 ultione.

373 1324 456 1378 44.
495 1321 599 1378 Per
614 1320 760 1378 idem
776 1329 990 1396 tempus
1009 1321 1263 1380 Octavius
1282 1322 1479 1398 Sagitta
1498 1322 1674 1396 plebei
1690 1324 1866 1379 tribu-

263 1414 388 1464 nus,
417 1397 651 1464 Pontiae,
682 1397 927 1455 mulieris
953 1406 1170 1471 nuptae,
1196 1403 1375 1455 amore
1404 1416 1606 1466 vecors,
1630 1400 1869 1473 ingenti..

261 1473 367 1534 bus
391 1472 548 1531 donis
575 1471 918 1542 adulterium,
949 1481 1002 1530 et
1031 1490 1178 1541 mox,
1208 1481 1268 1531 ut
1294 1474 1557 1530 omitteret
1584 1474 1863 1543 maritum,

264 1557 580 1616 emereatur,
608 1567 773 1606 suum
801 1551 1204 1606 matrimonium
1227 1551 1541 1622 promittens
1566 1568 1629 1606 ac
1646 1552 1866 1624 nuptias

262 1628 380 1696 eius
397 1631 606 1698 pactus.
652 1624 757 1681 Sed
775 1625 870 1682 ubi
891 1625 1087 1682 mulier
1106 1643 1273 1682 vacua
1294 1625 1415 1694 fuit,
1438 1633 1644 1682 nectere
1662 1643 1863 1692 moras,

263 1701 541 1758 adversam
569 1702 736 1773 patris
765 1700 1091 1759 voluntatem
1131 1701 1393 1766 caussari,
1428 1709 1743 1776 repertaque
1768 1721 1869 1775 spe

263 1777 470 1833 ditioris
508 1777 772 1852 coniugis,
813 1777 1075 1851 promissa
1113 1792 1326 1832 exuere.
1406 1776 1657 1834 Octavius
1684 1786 1868 1834 contra

267 1851 422 1908 modo
439 1853 713 1926 conqueri,
726 1853 883 1909 modo
901 1853 1159 1918 minitari,
1182 1851 1380 1907 famam
1395 1853 1679 1926 perditam,
1696 1871 1867 1926 pecu-

266 1928 412 1983 niam
432 1925 746 1984 exhaustam
763 1928 1057 1986 obtestans:
1081 1927 1315 2001 denique
1335 1927 1582 1996 salutem,
1596 1946 1735 2002 quae
1748 1929 1864 1986 sola

264 2003 473 2077 reliqua
491 2009 648 2069 esset,
671 2003 886 2060 arbitrio
909 2004 1026 2060 eius
1045 2003 1377 2076 permittens,
1456 2002 1551 2066 Ac.
1575 2012 1864 2078 postquam

263 2079 632 2152 spernebatur,
661 2087 866 2136 noctem
885 2097 1053 2135 unam
1073 2079 1140 2152 ad
1160 2078 1408 2135 solatium
1431 2080 1619 2152 poscit,
1642 2095 1749 2152 qua
1768 2080 1869 2136 de-

264 2154 472 2224 linitus,
497 2154 713 2210 modum
733 2155 791 2210 in
810 2161 1084 2226 posterum
1104 2154 1395 2210 adhiberet.
1445 2154 1701 2210 Statuitur
1720 2173 1861 2212 nox:

264 2238 318 2286 et
342 2231 524 2286 Pontia
553 2230 790 2285 consciae
806 2227 1030 2285 ancillae
1055 2230 1348 2285 custodiam
1369 2229 1604 2286 cubiculi
1624 2229 1862 2287 mandat.

254 2304 378 2372 -nle,
419 2320 530 2360 uno
567 2321 691 2360 cum
730 2298 942 2370 liberto,
978 2302 1180 2360 ferrum
1210 2313 1357 2361 veste
1382 2304 1651 2362 occultum
1683 2303 1863 2362 infert.

265 2382 426 2447 Tum,
457 2388 518 2436 ut
543 2378 742 2438 adsolet
763 2380 821 2434 in
840 2393 1018 2435 amore
1037 2387 1089 2435 et
1107 2379 1206 2447 ira,
1229 2381 1423 2454 iurgia,
1441 2397 1649 2454 preces,
1673 2398 1870 2453 expro-

265 2456 454 2523 bratio,
486 2454 796 2512 satisfactio:
839 2463 890 2511 et
915 2472 1040 2529 pars
1060 2456 1399 2512 tenebrarum
1417 2455 1641 2512 libidine
1657 2457 1871 2530 seposi—

267 2539 337 2587 ta.
413 2527 516 2588 Ex'
535 2547 642 2604 qua
677 2539 825 2587 aestu
862 2531 1143 2602 incensus,
1188 2531 1325 2592 nihil
1366 2539 1685 2589 metuentem
1708 2530 1871 2608 ³ferro

267 2606 672 2674 transverberat,
696 2614 746 2663 et
765 2617 1125 2664 accurrentem
1152 2607 1399 2664 ancillam
1420 2607 1643 2666 vulnere
1661 2608 1871 2664 abster-

267 2689 346 2737 ret
360 2721 375 2748 ,
423 2681 778 2758 cubiculoque
814 2685 1131 2757 prorumpit.
1211 2684 1420 2740 Postera
1460 2681 1547 2740 die
1582 2683 1871 2742 manifesta

267 2755 479 2816 caedes:
520 2756 667 2815 haud
684 2758 973 2838 ambiguus
990 2775 1301 2836 percussor:
1326 2760 1529 2836 quippe
1546 2761 1871 2822 mansitasse
