2081 3038
255 182 351 235 iao
734 162 1382 233 nisi-omnium
1583 175 1859 249 (i.u.s2³.

251 293 322 343 ad
348 289 537 343 Forum
556 286 765 347 Alliem‘,
787 296 941 355 ponte
958 291 1152 347 iuncto,
1175 290 1476 341 consedasse.
1543 284 1752 342 Placuit
1769 305 1863 343 oc-

252 365 395 418 casio
426 362 708 417 invadendi
742 364 1066 417 incuriosos:
1111 378 1232 415 nam
1261 362 1314 415 id
1336 378 1553 433 quoque
1573 362 1862 418 nuntiaba-

254 448 357 493 tur.
418 439 559 493 Luce
581 441 749 510 prima
770 440 1003 491 inermes
1022 436 1306 508 plerosque
1323 454 1650 508 oppressere.
1702 438 1861 493 Prae-

252 514 476 575 dictum,
506 524 579 574 ut,
599 530 788 582 paucas
806 520 1104 581 intersectis,
1137 523 1329 567 ceteros
1345 530 1540 580 pavore
1557 517 1628 566 ad
1647 523 1862 568 mutan-

253 594 375 643 dam
402 594 551 657 fidem
579 597 830 657 coqerent.
906 587 1159 651 Etsuere,
1190 589 1366 659 quise
1385 588 1561 641 statim
1582 587 1857 644 dederent.

255 664 462 726 Plures,
488 664 715 734 abrupto
736 671 911 734 ponte,
934 664 1150 719 instanti
1175 663 1311 717 hosti
1336 663 1478 717 viam
1500 662 1858 718 abstulerunt.

363 742 415 793 7
460 739 601 812 vul«
584 749 681 792 ata
715 738 950 800 victoria,
982 748 1100 809 post
1127 739 1387 826 principia
1410 737 1535 792 belli
1556 738 1862 793 secundum

255 814 557 873 Flavianos,
578 814 717 869 duae
740 812 991 885 legiones,
1012 814 1236 885 septima
1259 811 1538 875 Galbiana,
1562 813 1864 869 tertiadeci-

254 908 342 945 ma
370 891 618 952 Gemina,
650 905 775 943 cum
808 889 971 943 Vedio
999 888 1192 959 Aquila
1223 887 1409 976 legato,
1443 888 1718 941 Patavium
1747 888 1862 943 ala-

254 982 369 1020 cres
398 969 637 1019 veniunt.
721 964 797 1018 lbi
830 967 982 1034 pauci
1012 964 1128 1017 dies
1156 962 1222 1017 ad
1251 965 1492 1035 requiem
1522 964 1754 1033 sumpti:
1809 973 1864 1019 et

254 1043 527 1096 Minucius
561 1041 757 1101 iustus,
789 1037 1084 1109 praefectus
1118 1048 1408 1093 castrorum
1442 1037 1664 1111 legionis
1691 1038 1863 1109 septi-

255 1134 394 1174 mae.
435 1116 561 1186 quia
592 1112 894 1178 adductius,
936 1131 1100 1186 quam
1131 1113 1275 1168 civili
1299 1112 1457 1176 bello,
1497 1113 1857 1201 imperitabat,

256 1192 561 1245 subtractus
592 1189 825 1243 militum
858 1190 985 1250 irae,
1018 1189 1084 1243 ad
1116 1189 1502 1259 Vespasianum
1533 1188 1735 1244 missus
1755 1200 1858 1244 est.

256 1265 553 1321 Desiderata
576 1262 671 1318 diu
696 1281 799 1327 res,
823 1265 1248 1343 interpretatione
1263 1263 1510 1337 gloriae(
1497 1282 1552 1318 in
1575 1264 1751 1320 maius
1771 1282 1863 1320 ac—

254 1342 471 1413 cipitur
506 1350 789 1411 postquam
821 1340 1060 1395 Galbae
1047 1341 1326 1413 imaginat,
1358 1338 1620 1395 discordia
1653 1349 1862 1429 ternpo-

254 1434 376 1471 rum
419 1416 727 1476 subversas,
771 1417 825 1470 in
868 1414 1120 1469 omnibus
1161 1415 1472 1485 municipiis
1505 1412 1662 1469 recoli
1699 1415 1862 1469 iussit

255 1492 547 1548 Antonius:
578 1491 826 1548 decorum
852 1508 945 1563 pro
964 1506 1151 1544 caussa
1175 1499 1340 1554 ratus,
1363 1491 1408 1546 si
1433 1489 1637 1562 placere
1657 1488 1860 1546 Galbae

254 1571 585 1641 principatus
604 1578 656 1621 et
678 1579 850 1638 partes
871 1568 1188 1620 revirescere
1205 1565 1562 1621 crederentur.

366 1647 415 1696 8.
460 1645 772 1728 Quaesitum
813 1641 963 1704 inde,
1007 1657 1147 1711 quae
1191 1639 1343 1694 sedes
1387 1640 1524 1697 bello
1562 1640 1864 1715 legeretur?

254 1717 457 1772 Verona
493 1721 659 1786 potior
692 1719 832 1778 visa,
866 1716 1170 1787 patentibus
1199 1717 1400 1770 circum
1429 1717 1633 1788 campis
1611 1683 1725 1771 ead
1753 1733 1862 1788 pu-

254 1810 425 1878 gna-rn-
444 1803 764 1862 mnes-trem,
792 1808 897 1862 qua
929 1790 1328 1860 praevalebant:
1371 1791 1564 1857 simul,
1596 1791 1856 1847 coloniam

254 1869 424 1938 copiis
456 1867 683 1921 validam
714 1865 921 1920 auferre
951 1865 1177 1930 Vitellio,
1220 1869 1276 1919 in
1308 1883 1421 1920 rem
1451 1866 1754 1940 famamque
1774 1869 1861 1922 vi-

254 1943 497 1999 debatur.
580 1943 822 1996 possessa
852 1942 971 2011 ipso
1002 1941 1228 1995 transitu
1249 1941 1477 1998 Vicetia:
1517 1943 1661 2014 quod
1684 1960 1778 2014 per
1799 1959 1858 1998 se

254 2035 445 2092 parum
487 2017 698 2086 (etenim
743 2015 977 2070 modicae
1007 2015 1304 2086 municipio
1333 2015 1496 2088 vires)
1532 2017 1711 2089 magni
1741 2033 1858 2072 mo—

255 2096 421 2148 menti
446 2092 617 2146 locum
639 2091 895 2153 obtinuit,
920 2090 1310 2161 repiitantibuS‚
1333 2090 1448 2145 illic
1467 2090 1744 2146 Caecinam
1764 2109 1860 2164 ge-

256 2170 453 2229 nitum,
474 2177 526 2222 et
546 2168 767 2237 patriam
794 2165 1027 2220 bostium
1047 2165 1170 2220 duci
1193 2173 1448 2236 ereptam.
1511 2167 1568 2218 In
1591 2165 1858 2220 Veronen-

254 2245 409 2299 sibus
432 2245 659 2314 pretium
694 2241 819 2297 fuit:
862 2240 1107 2312 exemplo
1131 2239 1437 2312 opibusque
1456 2247 1630 2311 partes
1651 2240 1854 2295 iuvere.

255 2319 321 2373 Et
340 2319 647 2373 interiectus
677 2318 941 2371 exercitus
969 2333 1062 2387 per
1085 2314 1356 2370 Rhaetiam
1378 2315 1647 2386 Iuliasque
1664 2314 1855 2386 Alpes,

254 2411 337 2454 ac,
362 2410 426 2446 ne
448 2393 693 2463 pervium
719 2391 805 2445 illa
828 2391 1164 2446 Germanicis
1183 2390 1506 2446 exercitibus
1533 2389 1680 2453 soret,
1701 2389 1862 2445 obse-

254 2477 449 2538 pserat.
530 2465 679 2531 Quae
707 2467 890 2538 ignara
922 2466 1265 2536 Vespasiano,
1307 2471 1399 2519 aut
1427 2465 1613 2520 vetita:
1654 2466 1862 2538 quippe

254 2545 525 2610 Aquileiae
541 2548 660 2595 sisti
682 2529 867 2594 beilum
886 2545 1283 2608 exspectarique
1295 2539 1601 2595 Mucianum
1618 2539 1856 2605 iubebat,

256 2615 643 2685 adiiciebatque
692 2618 916 2687 imperio
962 2613 1280 2677 consilium,
1328 2619 1537 2683 quando
1579 2615 1857 2682 Aeqypaeus,

260 2688 493 2742 claustra
510 2706 766 2754 animm,
779 2693 1060 2760 vectiyalia
1073 2691 1580 2758 opulentissimarum
1587 2692 1864 2758 provinvi-
