2081 3038
208 265 453 340 scau.)
646 274 784 322 ms.
824 273 924 322 111.
966 274 1126 323 cAP.
1169 275 1249 324 ae.
1291 274 1375 325 27.
1715 271 1810 324 ⁴⁴5

212 393 419 434 morem
456 385 731 448 cuperent,
774 375 911 430 nihil
946 393 1046 449 per
1079 384 1283 432 metum
1311 377 1640 433 vetabantur.
1723 378 1808 444 At,

210 459 499 525 postquam
530 451 657 506 exui
682 450 977 524 aequalitas
992 493 1004 517 ‚
1045 459 1100 506 et
1123 468 1222 523 pro
1249 453 1504 508 modestia
1531 467 1591 506 ac
1608 453 1813 525 pudore

213 527 439 584 ambitio
478 533 533 580 et
566 527 655 581 vis
702 525 1005 596 incedebam
1064 541 1360 599 provenere
1397 527 1809 592 dominationes,

212 601 529 674 multosque
541 601 685 673 apud
705 601 935 674 populos
958 609 1232 656 aeternum
1255 617 1515 656 mansere.
1581 601 1809 668 Quidam

212 677 413 743 statim3
444 686 539 732 sut
560 684 843 749 postquam
874 693 1062 750 regum
1090 684 1416 749 pertaesum,
1446 675 1592 749 leges
1609 678 1815 732 malue—

214 760 359 808 runt.
440 752 549 806 lise
576 753 771 824 pri-mo,
801 751 1031 807 rudibus
1058 751 1340 807 hominum
1363 751 1581 818 animis,
1604 752 1814 823 simpli-

212 845 305 883 oes
335 835 511 884 >erana
570 827 915 900 maximeque
951 827 1092 882 fama
1129 826 1418 882 celebravit
1453 825 1810 884 Cretensium.

214 920 357 976 quas
382 902 587 971 Minos;
626 900 1027 974 Spartanorum,
1067 919 1206 975 quas
1245 903 1554 976 Lycurgum
1599 919 1660 956 ae
1691 919 1815 955 mox

215 977 635 1033 Atheniensibus
656 978 1005 1049 quaesitiores
1022 980 1132 1032 ism
1153 985 1203 1032 et
1222 977 1406 1049 plures
1433 976 1558 1034 Solo
1584 978 1816 1050 perscri-

214 1054 343 1126 psit.
393 1052 558 1108 Nobis
577 1051 862 1118 Romulus,
885 1062 947 1108 ut
970 1052 1203 1119 libitum,
1227 1053 1646 1124 imperitaverant:
1689 1051 1814 1106 dein

214 1129 395 1184 Numa
432 1126 783 1202 religionibus
810 1136 863 1183 et
888 1129 1074 1184 divino
1101 1129 1221 1183 iure
1249 1126 1511 1200 populum
1539 1127 1810 1184 devinxit:

212 1210 527 1276 repertaque
554 1202 815 1276 quaedam
847 1221 877 1257 a
899 1201 1054 1258 Tullo
1081 1211 1132 1256 et
1153 1204 1323 1259 Anco:
1368 1203 1461 1258 sed
1492 1203 1815 1276 praecipuus

212 1279 435 1349 Servius
468 1277 679 1332 Tullius
716 1286 923 1333 sanctor
956 1278 1138 1352 legum
1171 1277 1287 1344 mit,
1329 1280 1455 1350 quis
1481 1281 1638 1333 etiam
1663 1294 1814 1352 reges

214 1355 657 1426 obtemperarent.

321 1431 409 1488 2⁷.
450 1427 613 1484 Pulso
640 1427 960 1500 Tarquinio,
1000 1427 1288 1483 adversum
1315 1435 1529 1499 patrum
1567 1427 1815 1483 factiones

214 1504 388 1563 multa
415 1503 652 1577 populus
670 1502 879 1575 paravit
894 1500 1126 1556 tuendae
1143 1499 1418 1568 libertatis,
1441 1510 1494 1562 et
1527 1502 1818 1557 firmandae

214 1580 553 1637 concordiae:
596 1578 865 1649 creatique
896 1576 1206 1642 decemviri,
1239 1584 1292 1631 et
1315 1578 1515 1643 accitis,
1549 1592 1688 1650 quem
1721 1594 1817 1633 us-

215 1672 383 1729 quam
408 1654 639 1727 egregia,
670 1651 992 1723 compositae
1016 1650 1298 1707 duodecim
1326 1652 1553 1718 tabulae,
1587 1652 1713 1709 finis
1730 1670 1818 1708 ae-

216 1731 314 1803 qui
338 1730 494 1783 iuris.
561 1728 697 1781 Nam
718 1735 930 1782 secutae
952 1725 1116 1802 leges,
1140 1727 1236 1781 etsi
1263 1726 1550 1799 aliquando
1571 1730 1626 1783 in
1649 1726 1819 1783 male-

218 1806 355 1860 ficos
376 1820 443 1857 ex
468 1800 674 1868 delicto,
704 1802 921 1875 saepius
942 1810 1121 1858 tamen
1137 1802 1470 1859 dissensione
1487 1803 1737 1859 ordinum
1767 1812 1818 1860 et

218 1877 493 1951 apiscendi
520 1876 751 1934 inlicitos
779 1878 1031 1944 honores,
1062 1886 1158 1933 aut
1187 1878 1418 1951 pellendi
1449 1879 1618 1935 claros
1648 1881 1813 1946 viros,

220 1954 435 2026 alisque
456 1953 527 2009 ob
549 1969 735 2025 prava,
767 1970 863 2026 per
882 1955 994 2010 vim
1018 1951 1152 2009 lstse
1173 1962 1318 2009 sunt.
1366 1955 1502 2010 Hinc
1519 1955 1745 2011 Gracchi
1767 1963 1818 2011 et

218 2028 513 2094 Saturnini,
538 2028 828 2083 turbatores
846 2028 1048 2100 plebis3
1072 2046 1172 2085 nec
1188 2029 1364 2085 minor
1382 2028 1616 2103 largitor,
1641 2032 1818 2086 nomi-

220 2111 543 2170 uenustus,
568 2103 805 2171 Drusus3
844 2106 1078 2176 corrupti
1098 2120 1214 2177 spe,
1235 2112 1330 2160 aut
1351 2104 1520 2160 inlusi
1540 2122 1636 2177 per
1654 2106 1819 2160 inter-

216 2180 515 2237 cessionem
546 2179 697 2235 soeii.
777 2178 855 2234 Ae
878 2194 949 2233 ne
974 2177 1116 2235 bello
1133 2180 1354 2253 quidem
1377 2179 1571 2246 italico,
1595 2196 1724 2236 mox
1741 2180 1820 2234 ci-

214 2254 337 2323 vili,
356 2256 645 2320 omissum,
670 2254 803 2327 quin
824 2252 992 2309 mults
1018 2261 1069 2309 et
1085 2254 1296 2311 diversa
1317 2256 1693 2312 sciscerentur:
1723 2256 1822 2311 do-

187 2349 319 2388 -neo
344 2330 407 2386 L.
439 2329 587 2386 Sulla
616 2330 853 2396 dictator,
884 2328 1098 2388 abolitis
1117 2329 1202 2385 vel
1229 2332 1504 2387 conversis
1521 2330 1816 2403 prioribus,

216 2424 345 2462 cum
366 2404 849 2479 plura-addidisset,
880 2406 1050 2461 otium
1073 2406 1121 2461 ei
1143 2405 1385 2461 reihand
1406 2405 1821 2480 inlongum'pa-

217 2482 384 2550 ravit;
408 2482 587 2536 statim
606 2480 835 2537 turbidis
843 2480 1031 2553 Lepidi
1048 2482 1434 2555 rogationibus,
1455 2496 1632 2555 neque
1651 2480 1821 2537 multo

218 2565 338 2631 post
352 2556 589 2616 tribunis
608 2555 811 2611 reddite
832 2554 1064 2621 lieentia,
1085 2572 1306 2629 quoquo
1326 2555 1540 2623 vellent,
1553 2556 1820 2629 populum

216 2632 473 2707 agitandi,
554 2632 773 2705 lamque
796 2648 903 2687 non
922 2630 1084 2688 modo
1102 2632 1160 2687 in
1179 2647 1484 2697 commune,
1509 2632 1600 2686 sed
1630 2633 1684 2687 in
1707 2634 1822 2687 sin-

217 2707 380 2783 gulos
402 2708 649 2763 homines
674 2706 807 2763 latae
824 2708 1194 2781 quaestiones:
1237 2714 1288 2763 et
1311 2709 1714 2779 corruptissima
1737 2724 1822 2761 re-

220 2783 437 2857 publica
453 2783 721 2857 plurimae
741 2784 904 2859 leges.
1008 2815 1013 2819 -
1308 2858 1352 2913 H
