2081 3038
278 266 378 321 262
619 273 674 319 C.
717 270 1165 319 CORNELIUS
1205 272 1545 320 TAcrrus

278 380 332 431 et
348 372 554 445 privata
574 375 842 447 cuiusque
862 375 1131 441 audentia,
1146 374 1289 447 apud
1299 373 1474 430 Cattos
1490 374 1547 427 in
1564 388 1893 427 consensum

277 449 455 515 vertit,
477 457 537 504 ut
554 450 794 521 primum
814 449 1159 517 adoleverint,
1182 450 1385 506 crinem
1406 448 1738 520 barbamque
1760 448 1894 502 sub—

278 524 506 591 mittere,
538 542 654 593 nec,
683 526 789 581 nisi
818 526 969 581 hoste
995 544 1167 592 caeso,
1199 542 1397 581 exuere
1422 525 1665 581 votivum
1684 523 1895 597 obliga·-

277 607 505 673 tumque
550 602 736 657 virtuti
771 602 880 658 oris
920 602 1185 657 habitum.
1266 600 1439 672 Super
1478 601 1799 674 sanguinem
1842 608 1895 653 et

279 675 448 747 spolia
476 678 712 733 revelant
738 677 983 743 frontem,
1016 694 1185 750 seque
1212 685 1327 732 tum
1358 677 1578 747 demum
1604 677 1774 747 pretia
1798 692 1895 729 na·-

279 752 464 807 scendi
484 752 750 817 retulisse,
763 753 1065 827 dignosque
1084 754 1251 824 patria
1273 754 1335 807 ac
1353 752 1665 824 parentibus
1687 748 1889 805 ferunt.

279 828 496 901 Ignavis
517 836 567 883 et
587 828 877 886 inbellibus
899 837 1080 883 manet
1094 828 1331 901 squalor.
1374 827 1723 882 Fortissimus
1734 827 1894 898 quis-

279 920 387 975 que
408 903 639 959 ferreum
659 906 881 975 insuper
900 904 1165 960 annulum
1184 904 1625 977 (ignominiosum
1645 902 1703 956 id
1722 901 1894 974 genti)

278 978 430 1036 velut
449 979 726 1035 vinculum
747 987 935 1053 gestat,
976 979 1144 1035 donec
1172 996 1233 1033 se
1255 979 1415 1034 caede
1433 978 1601 1033 hostis
1622 977 1886 1033 absolvat.

277 1054 535 1112 Plurimis
555 1055 826 1111 Cattorum
849 1055 937 1109 hic
955 1053 1127 1126 placet
1145 1054 1381 1110 habitus.
1457 1055 1679 1125 Iamque
1698 1061 1894 1108 canent

279 1131 542 1204 insignes,
565 1138 616 1183 et
634 1130 882 1184 hostibus
899 1130 1066 1185 simul
1088 1130 1315 1202 suisque
1336 1130 1630 1185 monstrati.
1696 1127 1895 1184 Omni-

278 1222 374 1260 um
404 1220 568 1275 penes
596 1204 694 1259 hos
723 1206 874 1259 initia
901 1222 1231 1279 pugnarum.
1309 1206 1449 1261 Haec
1480 1205 1653 1277 prima
1674 1222 1895 1277 semper

279 1281 438 1345 acicS,
462 1280 585 1335 visu
605 1288 772 1335 torva.
849 1281 984 1335 Nam
1008 1298 1076 1335 ne
1098 1282 1156 1337 in
1176 1298 1304 1353 pace
1324 1280 1544 1353 quidem
1566 1280 1721 1336 vultu
1742 1282 1895 1335 miti-

277 1374 368 1411 ore
395 1365 795 1411 mansuescunt.
877 1356 1026 1411 Nulli
1056 1356 1269 1423 domus,
1304 1364 1398 1411 aut
1423 1374 1567 1430 ager,
1592 1365 1684 1412 aut
1705 1356 1893 1429 aliqua

280 1448 436 1487 cura:
479 1440 636 1503 prout
657 1430 724 1487 ad
743 1449 1018 1505 quemque
1037 1448 1251 1499 venere,
1271 1431 1515 1487 aluntur:
1558 1432 1771 1506 prodigi
1792 1432 1894 1486 ali—

279 1508 388 1576 eni,
420 1516 802 1580 contemptores
833 1510 951 1564 suit
991 1508 1161 1566 donec
1188 1508 1481 1582 exsanguis
1509 1516 1759 1564 senectus
1780 1516 1889 1564 tam

277 1584 444 1640 durae
462 1585 648 1639 virtuti
669 1585 882 1656 inpares
902 1583 1075 1640 faciat.

388 1663 471 1714 3⁶2.
517 1661 752 1715 Proximi
773 1659 938 1716 Cattis
955 1670 1160 1716 certum
1181 1661 1290 1716 iam
1310 1659 1460 1716 alveo
1474 1659 1749 1724 Rhenum,
1762 1662 1894 1732 qui-

277 1751 386 1808 que
414 1737 676 1790 terminus
707 1753 824 1790 esse
853 1735 1103 1801 sufficiat,
1144 1735 1319 1807 Usipii
1340 1754 1401 1791 ac
1421 1737 1660 1790 Tencteri
1682 1735 1887 1791 colunt.

277 1811 539 1876 Tencteri,
554 1829 716 1883 super
735 1812 952 1868 solitum
971 1809 1235 1867 bellorum
1251 1811 1435 1877 decuS,
1448 1812 1713 1883 equestris
1723 1811 1893 1865 disci-

275 1885 456 1960 plinae
475 1895 585 1943 arte
604 1886 956 1960 praecellunt3
986 1904 1085 1941 nec
1105 1889 1274 1942 maior
1293 1887 1440 1960 apud
1448 1886 1623 1942 Cattos
1641 1885 1891 1957 peditum

278 1961 418 2029 laus,
441 1981 607 2036 quam
627 1963 898 2018 Tencteris
917 1963 1184 2034 equitum.
1230 1961 1318 2018 Sic
1336 1963 1616 2018 instituere
1634 1963 1888 2026 maiores,

277 2039 474 2111 posteri
491 2039 790 2094 imitantur.
871 2038 936 2092 Hi
958 2038 1114 2094 lusus
1134 2037 1443 2104 infantium,
1472 2039 1604 2092 haec
1623 2037 1889 2093 iuvenum

277 2114 581 2180 aemulatio,
604 2121 944 2186 perseverant
962 2131 1137 2170 senes.
1205 2115 1346 2169 Inter
1370 2113 1628 2168 familiam
1650 2122 1699 2168 et
1719 2114 1892 2168 Pena-

276 2199 355 2247 tes
373 2199 425 2246 et
443 2191 562 2247 iura
580 2189 983 2250 successionum
1004 2191 1133 2262 equi
1154 2189 1462 2260 traduntur:
1498 2189 1699 2262 excipit
1714 2188 1887 2254 filine,

277 2285 404 2332 non,
432 2275 492 2322 ut
509 2273 698 2331 cetera,
731 2265 1004 2322 maximus
1026 2273 1175 2330 natu,
1206 2265 1301 2320 sed
1332 2273 1491 2337 prout
1510 2263 1659 2320 ferox
1676 2263 1819 2320 bello
1838 2273 1891 2320 et

277 2341 484 2397 melior.

386 2419 470 2470 33.
532 2417 686 2470 quta
725 2415 1007 2471 Tencteros
1042 2416 1280 2472 Bructeri
1328 2415 1459 2472 olim
1506 2415 1887 2474 occurrebant:

276 2507 423 2544 nunc
451 2489 752 2547 Chamavos
791 2500 842 2546 et
869 2491 1217 2564 Angrivarios
1256 2492 1577 2564 inmigrasse
1616 2500 1889 2558 narratur,

274 2563 450 2633 pulsis
468 2566 738 2621 Bructeris
755 2583 818 2621 ac
829 2568 1050 2638 penitus
1066 2567 1283 2631 excisiS,
1296 2567 1599 2621 vicinarum
1619 2583 1891 2623 consensu

275 2639 582 2696 nationum:
626 2659 722 2697 seu
749 2642 1032 2716 superbiae
1048 2641 1189 2708 odio,
1212 2658 1309 2696 seu
1332 2641 1558 2713 praedae
1576 2640 1889 2710 dulcedine,

215 2766 222 2775 ,
276 2726 374 2765 seu
396 2711 573 2770 favore
591 2717 826 2788 quodam
845 2735 968 2792 erga
987 2735 1085 2773 nos
1104 2717 1346 2775 deorum.
1426 2712 1566 2773 Nam
1589 2735 1659 2773 ne
1678 2726 1895 2790 specte-

275 2781 398 2837 culo
423 2787 646 2854 quidem
673 2791 861 2860 proelii
889 2794 1151 2850 invidere.
1230 2793 1401 2864 Super
1422 2789 1521 2847 LX
1557 2792 1753 2858 millia·
1777 2809 1890 2852 non
