2081 3038
298 224 392 290 150
862 224 1336 273 ANNALIUM
1625 215 1894 290 (auare.

296 347 493 402 raeque
520 327 868 386 Claudiorum
897 327 1104 403 effigies
1117 369 1132 394 ‚
1174 325 1332 402 longo
1367 325 1556 382 ordine
1597 332 1908 398 spectaren-

294 412 396 458 tur.

410 481 492 534 10.
536 479 593 533 In
614 477 865 535 tradenda
886 486 1055 535 morte
1073 478 1260 542 Drusi,
1296 493 1436 549 quae
1452 474 1706 548 plurimis
1727 475 1907 530 maxi-

295 571 491 626 meque
510 553 631 608 fidis
652 555 956 609 auctoribus
974 559 1263 608 memorata
1283 558 1430 617 sunt,
1453 551 1638 606 retuli:
1677 549 1773 604 sed
1795 567 1902 606 non

292 629 567 685 omiserim
609 628 917 684 eorumdem
956 635 1257 700 temporum
1306 643 1577 682 rumorem
1593 667 1607 690 ,
1657 624 1903 683 validum

295 704 424 760 adeo
440 745 453 770 ,
487 713 545 759 ut
577 703 817 760 nondum
838 702 1124 760 exolescat:
1173 703 1434 771 Coi-rupta
1453 706 1523 756 ad
1540 703 1708 756 scelus
1727 701 1904 765 Livia,

294 781 543 836 Seianum
562 779 729 848 Lyqdi
747 797 947 849 quoque
963 781 1211 847 spadonis
1236 783 1466 832 animum
1493 785 1676 845 stupro
1694 780 1909 830 vinacia-

293 873 376 910 ee:
417 859 553 925 quod
580 858 628 909 ie
654 863 823 909 aetate
850 863 1008 924 atque
1032 857 1203 924 [orma
1223 870 1382 909 carus
1399 855 1606 906 domino
1619 893 1632 915 ‚
1665 855 1912 920 interque

290 935 550 1000 primores
568 934 837 985 ministro-5
854 933 983 984 era‘t.
1063 929 1284 992 Deinde,
1306 931 1444 982 inter
1463 931 1695 981 conscios
1713 929 1806 980 ubi
1827 929 1910 980 lo·

298 1022 389 1060 cua
407 1008 639 1073 veneficii
659 1013 952 1074 tempu-sque
972 1007 1254 1072 composita
1273 1007 1393 1066 sint,
1417 1019 1477 1056 eo
1501 1006 1760 1056 audaciae
1773 1017 1912 1070 pro-

296 1088 510 1142 veetum,
532 1087 592 1132 ut
608 1087 845 1142 verteret,
866 1088 932 1143 et,
954 1082 1157 1134 occulto
1175 1081 1370 1132 indicio
1390 1077 1621 1133 Drusum
1645 1081 1830 1132 veneni
1849 1081 1912 1130 in

290 1162 496 1224 patrem
513 1170 763 1222 anquene,
784 1163 1011 1209 momret
1034 1155 1292 1208 Tiberium
1306 1195 1320 1218 ‚
1343 1157 1612 1208 vitandam
1623 1153 1906 1221 potionem,

296 1245 431 1297 quae
460 1233 639 1296 prima
675 1233 749 1290 ei,
789 1232 932 1297 apud
960 1231 1127 1298 filium
1155 1231 1413 1298 epulanti,
1445 1232 1743 1300 offerretur.
1823 1227 1910 1282 Ea

292 1307 483 1376 fraude
498 1311 605 1357 tum
619 1319 804 1368 senem,
812 1311 1089 1374 postquam
1105 1309 1394 1360 convivium
1410 1308 1619 1368 inierat,
1633 1311 1911 1372 exceptum

294 1381 536 1448 poculum
556 1380 729 1434 Druso
750 1383 1028 1434 tradidisse
1037 1399 1058 1448 ;
1077 1388 1234 1450 atque
1252 1383 1346 1434 ilio
1372 1384 1584 1450 iqnaro,
1623 1388 1673 1433 et
1699 1381 1910 1434 iuveni-

300 1457 420 1509 liter
456 1457 751 1518 hauriente,
795 1462 1006 1512 auctam
1042 1459 1411 1525 suspicionem,
1465 1464 1730 1525 tamquam
1765 1462 1910 1508 metu

298 1539 347 1585 et
371 1533 570 1599 pudore
594 1533 795 1587 sibimet
817 1534 1088 1602 inroqaret
1113 1540 1352 1596 mortem,
1401 1548 1558 1603 quam
1579 1535 1728 1599 patri
1760 1538 1908 1585 stru-

298 1615 469 1661 xerat.

413 1682 496 1735 Η.
539 1680 677 1735 Haec
705 1680 869 1755 vulgo
897 1683 1083 1739 iactata
1099 1722 1114 1747 ,
1141 1698 1306 1753 super
1332 1680 1388 1735 id
1405 1721 1418 1746 ,
1459 1679 1605 1753 quod
1630 1677 1782 1735 nullo
1807 1696 1906 1734 au-

298 1762 437 1811 ctore
456 1762 597 1810 certo
614 1755 915 1823 firmantur,
939 1764 1184 1830 prompte
1202 1754 1536 1811 refutaveriS.
1601 1754 1738 1821 Quis
1757 1755 1906 1810 enim

301 1829 552 1885 mediocri
571 1831 880 1902 prudentia,
912 1832 1111 1887 nedum
1133 1830 1380 1886 Tiberius
1397 1873 1409 1896 ‚
1439 1831 1600 1885 tantis
1628 1830 1792 1885 rebus
1813 1828 1908 1886 οὶ-

300 1906 515 1971 eminus,
538 1906 779 1963 inaudito
799 1906 909 1964 filio
928 1907 1156 1963 exitium
1175 1906 1400 1979 offerret,
1413 1906 1578 1979 idque
1595 1922 1693 1961 sua
1715 1922 1903 1971 manu,

300 1990 351 2036 et
379 1978 527 2036 nullo
557 1980 624 2036 ad
648 1983 1028 2053 poenitendum
1061 1981 1346 2056 regressu?
1380 1981 1525 2048 Quin
1543 1981 1720 2053 potius
1742 1982 1909 2036 mini-

298 2063 471 2112 strum
493 2056 687 2113 veneni
706 2059 1058 2123 excruciaret,
1089 2064 1355 2113 auctorem
1381 2057 1712 2130 exquireret,
1745 2056 1908 2111 insita

299 2132 561 2204 denique,
592 2132 753 2187 etiam
773 2134 831 2188 in
851 2139 1128 2188 extraneos
1143 2174 1157 2197 ‚
1191 2133 1521 2188 cunctatione
1542 2139 1594 2187 et
1611 2148 1759 2187 mora
1774 2174 1788 2197 ‚
1814 2130 1910 2187 ad-

301 2224 517 2261 versum
548 2206 802 2272 unicum,
846 2210 898 2262 et
935 2206 1141 2263 nullius
1179 2215 1300 2263 ante
1337 2205 1523 2283 flagitii
1549 2214 1904 2279 compertum,

299 2289 553 2337 uteretur.
632 2280 763 2339 Sed.
806 2282 935 2355 quia
965 2282 1191 2339 Seianus
1219 2282 1513 2339 facinorum
1541 2282 1787 2338 omnium
1821 2300 1910 2337 re-

300 2362 475 2428 pertor
494 2356 808 2423 habebatur,
831 2375 900 2414 ex
918 2358 1088 2413 nimia
1107 2358 1318 2416 caritate
1336 2360 1394 2414 in
1417 2362 1540 2413 eum'
1563 2357 1826 2423 Caesarie,
1856 2365 1912 2413 et

298 2438 595 2487 ceterorum
613 2432 671 2487 in
692 2439 985 2505 utrumque
1010 2434 1158 2499 odio,
1191 2433 1442 2505 quamvis
1473 2432 1712 2489 fabulosa
1739 2440 1792 2488 et
1821 2434 1912 2489 in-

300 2506 481 2562 mania
498 2506 871 2572 credebantur‚
904 2509 1156 2563 atrociore
1181 2526 1394 2581 semper
1423 2507 1561 2563 fama
1585 2524 1712 2583 erga
1731 2508 1911 2564 domi-

301 2582 548 2637 nantium
573 2583 768 2637 exitus,
848 2580 991 2638 Ordo
1018 2582 1222 2655 alioqui
1241 2584 1455 2639 sceleris
1473 2626 1485 2649 ‚
1515 2600 1614 2656 per
1629 2584 1909 2657 Apicatam

302 2652 479 2709 Seiani
500 2656 769 2725 prodituS,
796 2658 1072 2713 tormentis
1089 2657 1321 2713 Eudemi
1341 2676 1408 2713 ac
1419 2659 1459 2712 L
1501 2660 1594 2733 gdi
1612 2658 1910 2733 patefactus

302 2734 400 2783 est.
478 2729 667 2805 Neque
692 2733 987 2808 quisquam
1016 2733 1240 2807 scriptor
1268 2740 1375 2789 tam
1403 2733 1460 2791 in
1484 2750 1649 2793 ensus
1682 2736 1907 2804 exstitit,
