2081 3038
219 214 472 288 1.c.59.)
589 224 744 269 me,
785 224 942 269 x111.
984 225 1164 271 cap.
1207 226 1452 272 ιιι-46.
1718 222 1817 274 3¹3

219 341 332 381 una
361 324 792 386 convincebatur.
837 388 848 393 „
871 322 976 381 Sed
1002 323 1225 385 libertus
1256 344 1407 381 suum
1442 330 1575 383 illud
1610 329 1819 397 facinus

215 399 478 472 profiteri,-
499 416 554 453 se
568 405 782 469 patroni
799 404 1028 455 iniurias
1045 403 1211 456 ultum
1230 418 1350 457 ease.
1427 402 1820 458 Commoverat—

217 486 330 548 q'ue
350 474 613 547 quosdam
633 474 1000 549 magnitudine
1020 475 1280 547 exempli,
1310 475 1477 533 donec
1500 476 1688 532 ancilia
1705 520 1719 544 ,
1752 495 1821 533 ex

221 550 448 607 vulnere
475 548 692 617 refecta,
722 567 914 611 verum
941 551 1165 623 aperuit.
1246 551 1651 624 Postulatusque
1676 552 1820 625 apud

219 624 471 686 consules
489 642 520 679 a
537 632 688 697 patre
707 625 1006 682 interfectae
1021 667 1036 692 ,
1065 632 1349 697 postquam
1376 626 1649 683 tribunatu
1674 626 1821 683 abie-

219 710 320 769 rat,
345 700 605 758 sententia
621 708 834 772 patrum
854 709 906 757 et
921 694 1038 775 lege
1058 700 1124 755 de
1139 701 1350 757 sicariis
1368 700 1767 757 condemnatur.

335 778 420 831 45.
449 776 568 831 Non
587 776 767 833 minus
788 777 1018 864 insignis
1033 793 1097 831 eo
1112 793 1251 833 anno
1267 776 1582 849 inpudicitia
1602 793 1821 850 magno-

219 870 348 907 rum
367 852 504 923 reip.
529 850 792 907 malorum
819 852 1034 908 initium
1056 850 1193 907 fecit.
1272 852 1399 907 Erat
1422 850 1481 907 in
1498 852 1709 907 civitate
1726 850 1823 906 Sa-

220 927 350 983 bina
370 927 630 997 Poppaea,
654 926 714 981 T.
739 924 876 984 Ollio
891 934 1042 999 patre
1058 928 1253 1001 genita,
1276 926 1371 983 sed
1387 943 1580 982 nomen
1598 927 1687 981 avi
1708 943 1823 981 ma-

220 1002 361 1057 terni
405 1009 734 1073 sumpserat;
793 1001 1008 1056 inlustri
1056 1002 1311 1057 memoria
1348 1002 1577 1075 Poppaei
1614 1000 1819 1066 Sabini,

221 1074 492 1134 consulari
537 1083 588 1130 et
632 1075 944 1148 triumphali
987 1076 1172 1133 decore
1207 1075 1605 1152 praefulgentis.
1683 1077 1823 1136 Nam

223 1151 430 1209 Ollium
448 1193 461 1216 ‚
491 1150 786 1209 honoribus
812 1151 1053 1209 nondum
1082 1150 1329 1208 functum
1344 1195 1357 1218 ‚
1390 1153 1620 1209 amicitia
1644 1151 1823 1207 Seiani

221 1228 496 1309 pervertit.
577 1225 714 1281 Huic
733 1226 945 1283 mulieri
967 1234 1157 1283 cuncta
1172 1227 1276 1283 alia
1295 1226 1443 1283 fuere
1456 1270 1469 1293 ‚
1500 1235 1705 1300 praeter
1724 1228 1823 1284 ho-

223 1310 442 1359 nestum
461 1301 724 1357 animum.
803 1301 1015 1374 Quippe
1031 1310 1201 1357 mater
1220 1304 1338 1357 eius
1354 1344 1367 1367 ‚
1398 1304 1579 1359 aetatis
1598 1320 1727 1359 suae
1746 1303 1823 1359 fe-

223 1379 404 1435 minas
431 1375 831 1449 pulchritudine
857 1394 1233 1451 supergressa,
1278 1376 1502 1450 gloriam
1540 1376 1738 1448 pariter
1772 1388 1825 1433 et

222 1452 454 1517 formam
473 1451 702 1509 dederat.
753 1450 896 1524 Opes
915 1451 1220 1507 claritudini
1237 1452 1449 1526 generis
1466 1452 1819 1507 sufficiebant.

221 1529 411 1584 Sermo
441 1528 606 1582 comis
621 1570 634 1593 ‚
677 1544 776 1582 nec
812 1527 1109 1584 absurdum
1137 1528 1456 1602 ingenium.r
1516 1526 1824 1584 Modestiam

220 1603 510 1677 praeferre,
533 1611 586 1658 et
603 1601 821 1661 lasciv-ia
841 1601 938 1657 uti.
987 1602 1162 1658 Rarus
1179 1603 1237 1657 in
1254 1601 1535 1674 publicum
1551 1619 1822 1676 egressus,

219 1679 390 1752 idque
407 1677 579 1734 velata
589 1685 746 1751 parte
760 1678 892 1744 oria,
913 1695 982 1733 ne
999 1677 1213 1740 satiaret
1228 1677 1536 1749 adspectum
1554 1720 1567 1743 ,
1591 1676 1673 1733 vel
1696 1678 1825 1750 quia
1850 1693 1855 1698 ’

221 1756 305 1811 sic
321 1752 558 1810 decebat.
637 1754 832 1809 Famae
849 1771 1131 1826 nunquam
1150 1753 1405 1826 pepercit,
1426 1753 1643 1810 maritos
1662 1761 1713 1808 et
1730 1753 1826 1809 ad-

223 1829 425 1888 ulteros
445 1846 552 1886 non
569 1829 934 1903 distinguens:
977 1845 1154 1901 neque
1180 1827 1407 1884 adfectui
1426 1845 1526 1884 suo
1544 1837 1637 1884 aut
1652 1827 1825 1885 alieno

221 1905 482 1960 obnoxia:
533 1904 674 1960 unde
710 1903 910 1960 utilitas
947 1902 1337 1970 ostenderetur,
1376 1902 1509 1960 illuc
1546 1903 1823 1960 libidinem

223 1978 590 2037 transferebat.
656 1979 826 2052 Igitur
843 1987 1087 2052 agentem
1106 1995 1225 2034 eam
1243 1981 1303 2035 in
1324 1979 1666 2044 matrimonio
1682 1979 1833 2034 Rufii-

223 2055 484 2128 Crispini‚
509 2054 706 2126 equitis
725 2054 970 2119 Romani,
993 2071 1063 2109 ex
1082 2071 1190 2125 quo
1211 2054 1383 2110 fllium
1396 2061 1669 2128 genuerat,
1689 2049 1825 2109 Otho

221 2131 446 2203 pellexit
479 2129 696 2189 iuventa
732 2146 795 2184 ac
833 2129 995 2193 luxu,
1035 2136 1088 2184 et
1122 2130 1251 2200 quia
1288 2128 1739 2202 flagrantissimus⁴¹
1768 2131 1826 2184 in

223 2205 460 2262 amicitia
479 2205 705 2260 Neronis
724 2203 1036 2260 habebatur.
1097 2204 1207 2260 Nec
1223 2221 1391 2271 mora,
1414 2204 1549 2276 quin
1569 2202 1827 2259 adulterio

225 2280 632 2336 matrimonium
651 2280 980 2353 iungeretur.

299 2375 308 2382 ·
339 2358 422 2411 46.
466 2353 605 2411 Otho
619 2395 632 2420 ‚
675 2355 792 2410 sive
818 2370 996 2411 amore
1032 2355 1280 2410 incautus
1294 2391 1307 2418 ‚
1350 2349 1565 2408 laudare
1600 2353 1823 2408 formam

225 2431 654 2505 elegantiamque
679 2431 864 2488 uxoris
892 2428 1036 2502 apud
1062 2428 1387 2501 principem3
1421 2430 1537 2484 sive
1562 2435 1621 2484 ut
1640 2441 1826 2484 accen-

225 2505 372 2561 deret
385 2547 398 2572 ‚
432 2523 522 2571 ac,
553 2505 602 2560 si
621 2505 804 2562 eadem
826 2504 1021 2560 femina
1043 2505 1335 2576 potirentur
1350 2545 1364 2571 ,
1395 2503 1454 2559 id
1470 2505 1827 2576 quoqu-tewin-

225 2580 412 2638 culum
439 2580 726 2652 pooentiam
755 2578 804 2636 ei
834 2579 1097 2636 adiiceret.
1177 2579 1346 2650 Saepe
1370 2578 1585 2634 auditus
1602 2586 1682 2634 eat
1700 2596 1826 2636 con-

223 2673 456 2731 surgens
475 2673 506 2712 e
523 2656 770 2713 convivio
788 2651 1028 2712 Caesaris
1044 2697 1057 2721 ,
1086 2673 1141 2710 ae
1168 2660 1248 2709 ire
1275 2656 1346 2708 ad
1372 2657 1547 2720 illam,
1576 2658 1677 2710 sibi
1702 2673 1826 2710 con-

225 2738 436 2806 emam,
479 2727 728 2794 dictitans
779 2734 1098 2806 nobilitatem
1111 2772 1125 2798 ,
1176 2733 1637 2802 pulchritudinem.
1707 2739 1823 2788 vota
