2081 3038
304 248 403 303 174
776 229 1430 303 His-rosunum
1633 246 1911 321 (nasas.

300 356 527 428 Eprium
550 374 669 410 acre
688 357 949 430 iurgium.
1002 357 1237 422 PriscuS,
1261 354 1386 430 eligi
1407 356 1722 411 nominatim
1743 374 1771 411 a
1794 376 1914 413 ma-

299 431 613 505 gistratibus
641 434 849 497 iuratiS,
883 432 1166 487 Marcellus
1187 450 1380 488 urnam
1400 431 1728 504 postulabat:
1770 450 1912 505 quae

300 507 539 575 consulis
559 508 820 581 designati
843 510 1101 562 sententia
1123 507 1308 563 fuerat.

410 584 462 636 7.
506 581 610 637 Sed
638 581 869 637 Marcelli
902 582 1142 636 studium
1174 584 1422 653 proprius
1441 584 1605 638 rubor
1624 584 1906 650 excitabat,

301 673 388 722 ne,
414 656 535 711 aliis
557 658 756 722 electiS‚
781 657 1116 727 posthabitus
1136 657 1452 711 crederetur.
1515 657 1911 731 Paullatimque

300 750 395 803 per
415 731 804 788 altercationem
826 731 892 787 ad
911 733 1190 785 continuas
1212 740 1262 785 et
1282 731 1496 785 infestas
1512 734 1774 788 orationes
1786 753 1912 805 pro-

301 810 436 862 vecti
458 817 602 873 sunt,
627 814 913 880 quaerente
930 805 1192 871 Helvidio,
1219 810 1345 875 quid
1365 811 1441 861 ita
1459 808 1746 863 Marcellus
1767 815 1912 864 iudi-

302 888 439 938 cium
474 889 876 953 magistratuum
908 880 1246 951 pavesceret?
1302 882 1426 935 Esse
1454 885 1538 935 illi
1553 889 1833 950 pecuniam
1863 894 1912 939 et

301 962 660 1027 eloquentiam,
693 962 811 1027 quis
838 962 1026 1011 multos
1063 962 1300 1020 anteiret,
1333 962 1389 1011 ni
1413 962 1662 1011 memoria
1681 962 1912 1027 flayitio-

300 1052 419 1088 rum
438 1042 730 1103 uryeretur.
798 1032 951 1086 Sorte
969 1042 1016 1086 et
1033 1050 1170 1086 urna
1191 1048 1358 1086 mores
1377 1049 1480 1086 non
1500 1036 1729 1087 discerni
1739 1054 1755 1086 .·
1797 1040 1913 1104 sus-

299 1103 551 1177 sraqia'et
570 1110 1001 1161 eoeistimationem
1031 1116 1242 1161 senatus
1262 1116 1484 1175 reperta,
1507 1117 1564 1161 ut
1586 1114 1641 1162 in
1661 1112 1914 1178 cuiusque

298 1188 462 1235 vitam
488 1188 781 1251 famamque
808 1192 1160 1250 penetrarent.
1239 1182 1502 1236 Pertinere
1529 1187 1602 1237 ad
1629 1186 1913 1238 utilitatem

299 1258 631 1325 reipublicae,
648 1262 911 1325 pertinere
927 1261 999 1312 ad
1026 1259 1329 1326 Vespasiani
1346 1260 1604 1323 honorem,
1633 1277 1914 1313 occurrere

299 1335 398 1397 illi,
440 1350 569 1403 quos
608 1337 1052 1388 innocentissimos
1085 1342 1296 1389 senatus
1325 1335 1525 1397 habeat,
1566 1340 1659 1403 qui
1684 1337 1914 1388 honestis

298 1412 619 1464 sermonibus
645 1425 802 1463 aures
832 1412 1166 1477 imperatoris
1194 1411 1427 1463 inbuant.
1461 1479 1464 1481 v
1503 1410 1686 1463 Fuisse
1720 1410 1910 1477 Vespa-

298 1489 449 1540 siano
468 1488 757 1540 amicitiam
784 1500 898 1538 cum
923 1484 1168 1548 Thrasea,
1191 1482 1414 1547 Sorano,
1438 1482 1642 1540 Sentio:
1684 1502 1908 1554 quorum

298 1563 651 1624 adcusatores,
682 1563 887 1614 etiamsi
905 1563 1093 1628 puniri
1118 1576 1222 1613 non
1249 1569 1499 1627 oporteat,
1533 1564 1787 1614 ostentari
1804 1578 1911 1614 non

299 1639 492 1689 debere.
571 1635 682 1688 Hoc
700 1643 912 1688 senatus
936 1637 1133 1688 iudicio
1152 1637 1292 1688 velut
1311 1639 1580 1688 admoneri
1594 1640 1907 1703 principem,

300 1727 427 1778 quos
449 1712 647 1777 probet,
678 1725 805 1778 quos
834 1711 1147 1778 reformidet.
1230 1709 1446 1764 Nullum
1471 1715 1642 1764 maius
1667 1713 1790 1765 boni
1807 1716 1910 1764 im-

295 1790 433 1853 perii
468 1789 890 1847 instrumentum,
935 1801 1092 1852 quam
1133 1787 1286 1838 bonos
1324 1793 1534 1840 amicos.
1611 1784 1738 1840 Esse
1776 1793 1911 1841 satis

298 1861 567 1926 Marcello,
597 1863 735 1931 quod
762 1859 1017 1915 Neronem
1046 1863 1102 1913 in
1121 1864 1340 1914 emiliam
1362 1868 1434 1914 tot
1452 1865 1803 1915 innocentium
1824 1867 1912 1916 in—

296 1939 505 2004 pulerit.
581 1935 869 1990 Frueretur
894 1940 1147 2002 praemiis
1182 1944 1230 1989 et
1258 1940 1553 2003 inpunitate
1561 1955 1582 2004 ;
1629 1935 1910 2004 Vespasia-

298 2030 421 2066 num
440 2013 736 2066 melioribus
754 2011 1084 2078 relinqueret.

408 2091 457 2141 8.
500 2084 800 2149 Marcellus,
835 2102 939 2139 non
964 2102 1128 2142 suam.
1143 2089 1448 2140 sententiam
1474 2090 1762 2154 inpugnari
1771 2128 1785 2150 ,
1818 2091 1911 2141 sed
1936 2099 1946 2106 ·

298 2166 554 2216 consulem
573 2166 895 2230 desiynatum
918 2165 1188 2224 censuisse,
1219 2159 1444 2225 dicebat,
1466 2166 1748 2216 secundum
1771 2172 1910 2218 vete-

295 2256 362 2292 ra
382 2241 635 2305 eoeempla,
660 2253 790 2304 quae
806 2244 995 2290 sortem
1022 2237 1362 2305 leyationibus
1378 2242 1685 2304 posuissent,
1707 2254 1772 2290 ne
1791 2255 1910 2292 am-

296 2315 480 2366 bitioni
516 2321 610 2366 aut
634 2315 926 2364 inimicitiis
956 2313 1099 2364 locus
1125 2316 1274 2380 soret.
1351 2311 1501 2366 Nihil
1526 2317 1768 2376 evenisse,
1811 2331 1909 2369 cur

296 2391 587 2454 antiquitus
605 2391 843 2440 institutz
864 2387 1241 2440 exolescerent:
1277 2395 1371 2440 aut
1383 2391 1646 2456 principis
1664 2391 1832 2442 honor
1854 2394 1908 2444 in

298 2465 603 2528 cuiusquam
655 2463 1015 2514 contumeliam
1059 2469 1362 2515 verteretur.
1441 2461 1693 2531 Sufficere
1731 2480 1908 2519 omnes

294 2534 553 2601 obsequia.
603 2535 667 2588 Id
684 2539 850 2602 magis
868 2539 1155 2598 vitandum,
1176 2553 1240 2589 ne
1253 2541 1558 2604 pervicacia
1575 2543 1906 2605 quorundam

294 2611 607 2661 inritaretur
624 2613 846 2672 animus,
875 2627 1005 2664 novo
1018 2614 1326 2678 principatu
1343 2629 1636 2678 suspensus,
1659 2621 1707 2665 et
1729 2618 1910 2670 vultus

295 2695 494 2746 quoque
512 2697 577 2734 ac
596 2698 853 2736 sermones
872 2689 1098 2737 omnium
1117 2688 1568 2753 circumspectans.
1637 2685 1706 2740 Se
1725 2694 1908 2742 memi-

316 2754 432 2804 ··=’sse
454 2761 750 2820 temporum,
774 2761 961 2823 auibus
978 2767 1134 2813 natus
1151 2765 1238 2824 sit,
1252 2777 1409 2828 quam
1430 2764 1659 2815 civitatis
1675 2767 1906 2831 foratam
