2081 3038
238 224 289 263 A.
320 206 489 281 cao.)
644 212 804 261 mn.
840 212 945 261 111.
986 211 1167 280 ομ».
1207 213 1293 261 ss.
1335 213 1427 260 aa:
1744 206 1842 261 167

240 319 407 386 tueri3
447 322 715 389 postremo
743 314 811 370 ad
830 312 1140 379 Gemonias,
1170 313 1265 369 ubi
1285 330 1478 386 corpus
1498 312 1672 371 Flavii
1691 313 1846 371 Sabi-

241 393 300 448 ni
319 394 571 457 iacuerat,
594 388 895 463 propulere.
974 390 1093 446 Vox
1119 406 1227 444 una
1248 406 1353 445 non
1372 390 1650 464 degeneris
1674 390 1846 447 animi

242 476 477 539 excepta,
499 484 623 522 cum
644 466 861 521 tribuno
879 464 1180 535 insultanti,
1211 482 1267 519 80
1295 474 1465 520 tamen
1483 471 1847 534 imperatorem

242 548 354 598 eius
381 548 558 613 fuisse,
593 540 882 613 respondit.
961 539 1040 596 Ac
1067 538 1260 595 deinde
1285 540 1509 615 ingestis
1529 539 1846 597 vulneribus

242 617 489 673 concidit.
568 616 635 671 Et
663 614 861 690 vulgus
889 614 1076 672 eadem
1103 615 1363 687 pravitate
1387 615 1744 671 insectabatur
1760 619 1849 673 in-

242 692 538 757 terfectum,
562 708 671 764 qua
693 689 892 747 foverat
906 692 1198 747 viventem.
1607 696 1617 705 '

355 770 440 822 86.
484 768 654 821 Patria
681 765 761 822 illi
790 766 1030 821 Luceria.
1111 764 1412 837 Septimum
1437 772 1491 820 et
1508 765 1850 841 quinquage-

247 845 450 898 simum
480 844 663 897 aetatis
692 859 893 897 annum
925 840 1189 912 explebat.
1271 840 1652 907 Consulatum,
1674 859 1849 897 sacer-

244 918 405 984 dotia,
436 934 631 973 nomen
663 916 948 990 locumque
982 918 1122 972 inter
1149 917 1431 988 primores,
1462 915 1609 972 nulla
1638 934 1738 973 sua
1763 919 1849 973 in-

244 992 469 1059 dustria,
501 992 597 1049 sed
625 1001 815 1048 cuncta
840 993 1006 1065 patris
1033 991 1350 1048 claritudine
1370 991 1613 1064 adeptus.
1693 992 1850 1049 Prin-

246 1068 481 1141 cipatum
501 1070 551 1125 ei
571 1068 825 1133 detulere,
858 1068 954 1141 qui
981 1068 1164 1140 ipsum
1186 1086 1292 1124 non
1311 1076 1584 1123 noverant.
1661 1066 1849 1125 Studia

246 1146 509 1200 exercitus
528 1161 647 1200 raro
665 1145 941 1217 cuiquam,
972 1142 1130 1199 bouis
1149 1144 1353 1199 artibus
1377 1144 1638 1216 quaesita,
1666 1145 1850 1216 perin-

245 1219 311 1274 de
338 1218 572 1286 adfuere,
616 1237 781 1292 quam
812 1218 942 1274 huic
966 1235 1064 1291 per
1091 1218 1382 1293 ignaviam.
1462 1219 1636 1275 Inerat
1670 1228 1845 1275 tamen

246 1294 563 1367 simplicitas
582 1312 643 1349 ac
664 1293 977 1349 liberalitas:
1018 1310 1178 1365 quae,
1202 1297 1258 1348 ni
1276 1294 1416 1349 adsit
1437 1295 1648 1359 modus,
1678 1298 1734 1350 in
1755 1312 1847 1351 ex-

245 1370 403 1424 itium
423 1376 724 1424 vertuntur.
798 1366 1097 1432 Amicitias,
1117 1367 1248 1420 dum
1271 1368 1639 1440 magnitudine
1658 1386 1850 1425 mune-

250 1460 394 1508 rum,
426 1460 533 1498 non
560 1442 851 1498 constantia
881 1457 1116 1504 morum,
1160 1442 1415 1496 contineri
1445 1451 1613 1512 putat,
1656 1447 1851 1499 meruit

249 1517 443 1591 magis,
474 1534 638 1590 quam
668 1515 875 1572 habuit.
954 1513 1298 1586 Reipublicae
1324 1515 1470 1570 haud
1498 1515 1661 1571 dubie
1689 1519 1854 1573 inter·-

247 1601 378 1656 erat,
401 1591 675 1648 Vitellium
703 1591 876 1646 vinci:
920 1589 1014 1644 sed
1043 1589 1285 1661 inputare
1304 1589 1578 1661 perfidiam
1603 1609 1704 1647 non
1726 1610 1851 1664 pos-

248 1676 394 1732 sunt,
417 1668 514 1739 qui
534 1664 811 1722 Vitellium
830 1665 1157 1738 Vespasiano
1175 1665 1471 1741 prodidere,
1494 1683 1616 1720 cum
1640 1667 1848 1724 aGalba

249 1743 619 1798 descivissent.
699 1742 975 1813 Praecipiti
1006 1742 1063 1795 in
1093 1758 1340 1797 occasum
1369 1740 1476 1806 die,
1507 1742 1576 1796 ob
1597 1760 1847 1813 pavorem

248 1818 659 1891 magistratuum
688 1825 1120 1888 senatorumque,
1151 1816 1249 1888 qui
1276 1813 1471 1886 dilapsi
1497 1833 1566 1871 ex
1584 1818 1737 1883 urbe,
1759 1826 1852 1874 aut

248 1911 344 1966 per
363 1892 551 1948 do'mos
575 1891 849 1948 clientium
870 1901 1039 1947 semet
1057 1889 1408 1955 occultabant,
1432 1894 1608 1946 vocari
1632 1901 1849 1948 senatus

250 1986 355 2024 non
381 1968 571 2041 potuit.
650 1967 1033 2031 Domitianum,
1063 1975 1346 2039 postquam
1367 1965 1502 2021 nihil
1525 1965 1717 2024 hostile
1737 1985 1852 2023 me-

248 2044 515 2110 tuebatur,
556 2041 625 2099 ad
662 2043 827 2098 duces
863 2043 1098 2114 partium
1122 2058 1468 2117 progressum
1497 2049 1550 2097 et
1578 2041 1852 2098 Gaesarem

248 2118 660 2184 consalutatum,
692 2117 847 2174 miles
877 2116 1152 2191 frequens,
1181 2125 1352 2191 utque
1377 2117 1566 2174 eratin
1582 2120 1770 2185 armis,
1792 2118 1850 2173 in

247 2193 494 2267 paternos
513 2194 731 2250 Penates
748 2192 988 2250 deduxit.
