2081 3038
317 279 415 346 288
876 293 1343 342 ANNALmu
1650 283 1917 357 (musea.

319 395 611 452 modatum.
690 393 1024 452 Adnotabant
1062 395 1317 460 seniore8‚
1356 393 1559 467 quibus
1585 394 1817 450 otiosum
1844 401 1928 448 est

318 479 492 529 vetera
513 477 566 526 et
583 471 880 544 praesentia
903 470 1235 536 contendere,
1256 470 1497 543 primum
1518 486 1586 525 ex
1604 469 1695 537 iis,
1718 468 1818 542 qui
1838 484 1928 524 re-

317 563 441 602 rum
469 547 621 620 potiti
650 555 846 614 essent,
875 548 1139 603 Neronem
1160 543 1363 601 alienae
1388 543 1667 600 facundiae
1684 544 1921 618 eguisse.

317 623 455 678 Nam
481 622 702 679 dictator
731 622 924 680 Caesar
951 622 1185 678 summis
1211 619 1507 678 oratoribus
1543 617 1821 676 aemulus:
1872 627 1927 674 et

318 698 358 752 Α
369 705 562 772 ugusto
580 705 823 771 prompta
840 715 904 753 ac
917 696 1208 770 profluens,
1220 713 1362 770 quae
1378 695 1584 753 deceret
1596 695 1920 769 principem,

317 772 620 846 eloquentia
648 771 767 829 fuit.
847 773 1095 830 Tiberius
1122 781 1289 829 artem
1313 789 1531 845 quoque
1548 769 1789 838 callebat,
1813 787 1924 844 qua

321 849 482 904 verba
511 848 848 921 expenderet,
875 856 994 904 tum
1023 846 1238 904 validus
1265 847 1538 914 sensibuS,
1568 853 1662 903 aut
1678 844 1924 904 consulto

318 924 624 998 ambiguus.
664 922 840 978 Etiam
858 922 918 981 C.
944 921 1187 980 Caesaris
1207 923 1414 979 turbata
1432 939 1585 978 mens
1606 922 1719 979 vim
1738 921 1926 978 dicen-

317 999 373 1052 (li
418 1015 523 1054 non
563 999 815 1070 corrupit.
893 999 1006 1056 Nec
1030 999 1089 1054 in
1116 996 1357 1066 Claudio,
1399 997 1647 1072 quotiens
1672 995 1925 1052 meditata

318 1074 628 1138 dissereret,
677 1073 994 1147 elegantiam
1042 1073 1362 1148 requireres.
1442 1073 1580 1129 Nero
1618 1070 1925 1146 puerilibus

317 1147 496 1202 statim
514 1149 670 1203 annis
691 1147 938 1206 vividum
958 1150 1203 1205 animum
1224 1151 1283 1205 in
1302 1148 1405 1204 alia
1424 1148 1667 1206 detorsit:
1696 1147 1921 1213 caelare,

319 1223 558 1298 pingere,
578 1231 766 1280 cantus
785 1232 878 1279 aut
897 1225 1139 1300 regimen
1159 1242 1423 1298 equorum
1441 1240 1712 1280 exercere:
1754 1229 1808 1280 et
1824 1222 1926 1278 ali-

318 1297 552 1370 quando,
600 1299 931 1356 carminibus
963 1300 1282 1376 pangendis,
1322 1301 1500 1356 inesse
1536 1298 1643 1356 sibi
1662 1297 1923 1356 elementa

317 1371 586 1429 doctrinae
602 1373 926 1432 ostendebat.
1652 1377 1657 1382 ’

415 1453 480 1505 ·4·.
523 1447 791 1521 Ceterum,
813 1451 1040 1524 peractis
1061 1451 1304 1507 tristitiae
1322 1449 1689 1516 imitamentis,
1714 1449 1925 1504 curiam

319 1526 618 1600 ingressus,
647 1534 699 1582 et
723 1526 792 1583 de
819 1528 1125 1585 auctoritate
1151 1535 1384 1601 patrum,
1416 1534 1468 1582 et
1492 1543 1758 1582 consensu
1776 1521 1926 1581 mili-

319 1610 435 1657 tum
451 1601 977 1673 praefatus,'consilia
997 1604 1105 1660 sibi
1123 1611 1175 1658 et
1194 1601 1437 1676 exempla
1450 1599 1764 1675 capessendi
1773 1618 1927 1674 egre-

317 1677 406 1751 gie
434 1677 646 1749 imperii
675 1680 1016 1735 memoravitz
1060 1695 1160 1734 nec
1182 1676 1454 1735 iuventam
1484 1676 1649 1733 armis
1668 1675 1925 1733 civilibus

319 1759 412 1805 aut
436 1750 741 1807 domesticis
768 1752 1050 1809 discordiis
1080 1753 1373 1812 imbutam:
1414 1752 1563 1808 nulla
1580 1752 1721 1818 odia,
1745 1750 1925 1807 nullas

273 1834 286 1845 “
320 1826 568 1892 iniurias,
590 1839 688 1881 nec
705 1826 1014 1899 cupidinem
1033 1826 1254 1885 ultionis
1274 1828 1490 1885 adferre.
1534 1828 1673 1883 Tum
1696 1826 1925 1883 formam

321 1899 488 1957 futuri
515 1902 846 1975 principatus
873 1904 1243 1977 praescripsit,
1276 1920 1336 1959 ea
1364 1903 1599 1959 maxime
1623 1900 1922 1967 declinanS,

320 1994 554 2050 quorum
574 1994 757 2033 recens
776 1976 1031 2053 flagrabat
1049 1978 1273 2035 invidia.
1329 1979 1449 2035 Non
1467 1984 1602 2033 enim
1618 1996 1675 2033 se
1692 1984 1928 2048 neqotio-

323 2068 439 2108 rum
478 2058 704 2109 munium
730 2058 953 2109 iudicem
979 2060 1110 2125 soro,
1150 2064 1227 2120 ut,
1268 2057 1463 2109 clausis
1490 2071 1649 2109 unam
1668 2057 1815 2109 intra
1830 2056 1928 2107 do-

319 2146 460 2183 mum
477 2132 875 2186 attentator-ibus
895 2139 943 2185 et
961 2134 1085 2197 reis,
1094 2146 1386 2201 paucorum
1397 2134 1633 2199 potentia
1648 2146 1928 2199 ara-reare-

323 2213 426 2259 tur.
504 2202 652 2262 Nihil
678 2208 736 2260 in
763 2204 1038 2261 Penatibus
1068 2208 1179 2262 suis
1204 2207 1385 2261 venale
1402 2213 1497 2260 aut
1514 2206 1789 2261 ambitioni
1802 2220 1930 2271 per-

319 2283 488 2334 vium.-
525 2284 805 2335 discretam
823 2284 1028 2336 domum
1045 2290 1095 2336 et
1114 2298 1274 2349 remp.
1344 2281 1554 2335 Teneret
1569 2282 1794 2349 antiqua
1811 2296 1929 2333 mu-

321 2358 415 2409 nia
439 2360 676 2411 senatus:
719 2359 985 2411 consulum
1019 2358 1369 2411 tribunalibus
1405 2356 1569 2411 Italia
1605 2362 1655 2409 et
1682 2356 1931 2423 publicae

321 2433 625 2497 provinciae
641 2434 964 2487 adsisterent.
1031 2432 1125 2487 Illi
1135 2440 1352 2500 patrum
1369 2434 1570 2488 aditum
1588 2432 1929 2498 praeberent:

320 2521 374 2558 se
391 2509 656 2561 mandatis
679 2508 993 2563 exercitibus
1018 2508 1388 2562 consulturum.

430 2582 482 2634 ὅ.
507 2578 619 2635 Nec
634 2578 808 2637 defuit
824 2579 986 2638 fides:
1029 2580 1306 2655 multaque
1325 2580 1542 2635 arbitrio
1560 2586 1780 2634 senatus
1802 2594 1932 2634 con-

323 2650 504 2708 stituta
524 2663 676 2712 sunt:
721 2657 800 2714 Ne
828 2662 945 2727 quis
961 2661 1034 2715 ad
1054 2674 1294 2711 caussam
1312 2660 1567 2711 orandam
1584 2658 1818 2709 mercede
1836 2660 1932 2709 aut

323 2730 472 2781 deviis
497 2740 781 2785 emeretur:
818 2748 882 2786 ne
907 2736 1191 2801 desiqnatis
1221 2733 1579 2799 quaestoribus
1601 2733 1787 2783 edendi
1810 2732 1931 2798 yla-

331 2805 553 2857 &atores
599 2809 878 2861 necessitas
919 2814 1062 2861 essee.
1098 2834 1107 2839 -
1142 2804 1293 2871 Quod
1342 2804 1563 2877 quidem
1614 2802 1931 2860 adversante

395 2974 460 3003 ‚agg-t.
