2081 3038
163 379 181 391 „
214 293 459 370 2.c.24.)
607 301 768 349 mn.
807 300 907 350 ιν.
948 304 1130 350 car.
1171 303 1412 352 21—23.
1719 297 1813 353 ⁴5¹7

212 405 413 464 Severo
439 401 653 468 exsule,
684 403 783 476 qui
810 401 1055 459 sordidae
1079 403 1304 478 originis
1318 447 1332 471 ,
1358 405 1626 462 maleficae
1655 406 1814 473 vitae,

212 482 313 538 sed
330 479 517 539 orandi
538 476 771 544 validus,
798 493 895 550 per
912 477 1229 534 immodicas
1248 479 1575 547 inimicitias,
1594 492 1656 538 ut
1673 482 1818 538 iudi-

212 559 299 613 cio
317 556 477 612 iurati
496 561 713 611 senatus
734 551 942 609 Cretam
963 561 1298 612 amoveretur
1311 596 1325 621 ,
1355 551 1617 612 effecerat:
1658 565 1818 630 atque

214 632 332 688 illic
350 630 533 686 eadem
552 628 813 685 actitando
826 669 842 695 ,
870 629 1100 685 recentia
1123 636 1408 702 veteraque
1424 630 1544 685 odia
1563 630 1814 700 advertit,

213 708 483 778 bonisque
500 711 695 760 exutus
709 746 723 772 ,
752 704 1029 762 interdicto
1055 705 1172 779 igni
1194 711 1357 778 atque
1381 722 1521 777 aqua
1535 746 1549 772 ‚
1581 722 1710 761 saxo
1725 705 1820 761 Se-

214 782 395 854 riphio
414 780 708 836 consenuit.
1055 813 1060 818 ·

330 859 417 914 22.
458 856 557 910 Per
584 854 726 911 idem
762 861 974 927 tempus
1001 853 1244 914 Plautius
1266 853 1521 912 Silvanus
1536 897 1550 921 ‚
1591 861 1816 926 praetor,

215 929 436 987 incertis
453 931 679 996 caussis,
701 930 991 1003 Aproniam
1012 932 1295 1006 coniugem
1315 933 1373 987 in
1392 946 1646 1004 praeceps
1663 930 1815 988 iecit:

218 1013 523 1079 tractusque
550 1005 618 1061 ad
635 1005 915 1062 Caesarem
940 1006 1009 1062 ab
1028 1007 1092 1062 L.
1112 1006 1348 1080 Apronio
1371 1023 1552 1063 socero
1567 1048 1580 1073 ,
1613 1006 1818 1061 turbata

219 1088 395 1138 mente
413 1081 709 1154 respondit,
738 1089 1015 1155 tamquam
1033 1083 1154 1154 ipse
1171 1099 1360 1139 somno
1375 1084 1558 1156 gravis
1578 1090 1739 1154 atque
1757 1099 1820 1138 eo

214 1159 457 1231 ignarus,
479 1169 532 1214 et
548 1163 893 1230 uxor'sponte
912 1165 1137 1214 mortem
1155 1159 1497 1230 sumpsisset.
1547 1158 1664 1214 Non
1683 1173 1820 1212 cun-

213 1232 414 1288 etanter
432 1233 687 1288 Tiberius
701 1233 877 1306 pergit
893 1234 951 1287 in
971 1232 1215 1300 domum,
1235 1234 1365 1290 visit
1381 1232 1724 1288 cubiculum:
1760 1234 1815 1288 in
1857 1223 1880 1242 ’

212 1324 323 1380 quo
344 1309 647 1364 reluctantis
665 1316 716 1362 et
734 1307 999 1379 impulsae
1019 1307 1242 1381 vestigia
1267 1306 1634 1364 cernebantur.
1715 1309 1821 1364 Re·-

216 1383 315 1438 l'ert
334 1382 401 1438 ad
418 1391 685 1448 senatum,
708 1382 955 1454 datisque
974 1383 1268 1447 iudicibus,
1292 1381 1818 1455 Urgulania,Silvani

214 1459 353 1525 avia,
376 1458 667 1532 pugionem
688 1457 866 1528 nepoti
886 1457 1052 1512 misit.
1123 1454 1278 1523 Quod
1297 1455 1516 1529 perinde
1534 1457 1816 1527 creditum,

214 1534 373 1607 quasi
403 1531 665 1605 principis
695 1533 900 1587 monitu
917 1573 932 1596 ,
972 1531 1044 1586 ob
1072 1531 1359 1586 amicitiam
1390 1531 1662 1605 Augustae
1693 1549 1818 1588 cum

216 1608 525 1683 Urgulania.
592 1608 756 1672 Rene,
780 1605 976 1661 frustra
997 1612 1190 1673 tentato
1209 1604 1364 1671 ferre,
1393 1622 1560 1661 venas
1577 1607 1821 1677 praebuit

215 1682 583 1740 exsolvendas.
662 1682 787 1738 Mox
805 1681 1154 1748 Numantina,
1175 1680 1322 1754 prior
1341 1698 1477 1738 uxor
1495 1682 1639 1747 eius,
1664 1698 1820 1737 accu-

215 1767 326 1813 sata
346 1757 595 1813 iniecisse
612 1757 945 1813 carminibus
962 1765 1015 1813 et
1032 1756 1308 1815 veneficiis
1329 1756 1628 1815 vecordiam
1657 1758 1822 1813 mari-

220 1842 289 1899 to,
312 1834 497 1888 insons
516 1831 800 1889 iudicatur.
870 1860 875 1866 ·

326 1911 415 1966 23.
458 1908 508 1963 Is
546 1906 766 1964 demum
803 1925 979 1965 annus
1018 1907 1302 1981 populum'
1321 1908 1622 1964 Romanum
1663 1908 1821 1983 longo

217 1982 503 2040 adversum
522 1982 813 2039 Numidam
832 1982 1214 2041 Tacfarinatem
1235 1982 1379 2039 bello⁴
1393 1983 1638 2039 absolvit.
1681 1984 1818 2039 Nam

218 2060 419 2132 priores
446 2059 641 2124 duceS,
670 2058 767 2113 ubi
794 2058 1130 2129 impetrando
1163 2057 1575 2129 triumphalium
1618 2058 1819 2131 insigni

219 2134 462 2191 sufficere
481 2150 565 2189 res
582 2150 712 2189 suas
729 2133 1076 2199 crediderant,
1099 2134 1304 2189 hostem
1323 2132 1659 2189 omittebant:
1685 2133 1822 2187 iam-

218 2226 325 2283 que
350 2218 460 2265 tres
488 2208 749 2265 laureatae
772 2209 831 2263 in
860 2208 995 2263 urbe
1020 2216 1251 2275 statuae,
1294 2216 1344 2263 et
1371 2206 1549 2263 adhuc
1585 2207 1822 2278 raptabat

218 2284 451 2341 Africam
478 2282 810 2350 Tacfarinas,
852 2291 1044 2340 auctus
1069 2284 1378 2339 Maurorum
1407 2281 1655 2347 auxiliis,
1697 2283 1818 2355 qui,

220 2359 530 2426 Ptolemaeo,
556 2360 716 2415 lubae
735 2358 862 2425 tilio,
878 2358 1096 2416 iuventa
1115 2358 1402 2424 incurioso,
1415 2357 1632 2413 libertos
1647 2358 1820 2431 regios

220 2446 269 2491 et
286 2434 502 2493 servilia
522 2434 746 2508 imperia
766 2432 905 2492 bello
924 2440 1276 2491 mutaverant.
1354 2434 1482 2488 Erat
1497 2432 1580 2487 illi
1601 2432 1822 2504 praeda-

222 2528 340 2567 rum
370 2518 604 2581 receptor
636 2526 700 2565 ac
737 2511 915 2567 socius
950 2508 1246 2582 populandi
1284 2525 1378 2565 rex
1405 2508 1817 2575 Garamantum3

223 2604 323 2643 non
344 2594 405 2643 ut
422 2604 547 2642 cum
568 2586 802 2641 exercitu
827 2586 1122 2652 incederet,
1157 2583 1250 2639 sed
1279 2582 1464 2639 missis
1494 2581 1705 2639 levibus
1733 2599 1822 2639 co-

224 2664 341 2736 piis,
362 2678 503 2735 quae
520 2679 589 2718 ex
608 2661 901 2735 longinquo
917 2661 975 2717 in
992 2660 1171 2715 maius
1191 2658 1570 2714 audiebantur:
1593 2660 1822 2731 ipsaque

222 2754 253 2792 e
270 2736 541 2809 provincia
556 2780 569 2804 ,
593 2745 653 2793 ut
670 2738 797 2810 quis
818 2737 1060 2794 fortunae
1077 2736 1235 2807 inops
1250 2776 1263 2801 ,
1287 2733 1528 2790 moribus
1549 2733 1817 2795 turbidus,

226 2815 519 2887 promptius
539 2811 791 2881 ruebant,
822 2814 952 2888 quia
972 2811 1166 2869 Caesar
1181 2852 1196 2880 ,
1223 2817 1347 2883 post
1371 2826 1457 2866 res
1477 2824 1508 2867 a
1524 2808 1708 2866 Blaeso
1731 2824 1750 2833 ‘
