2081 3038
322 244 425 300 361
886 247 1355 294 ANNALIUM
1662 236 1789 312 (1.0.
1815 249 1920 296 810.

324 350 497 479 11110513
526 349 729 424 insigni
745 342 1005 424 prodigio,
1034 352 1165 424 quia
1184 349 1409 408 Panthus
1428 349 1598 404 hostis
1616 347 1923 408 missilibus

322 427 442 480 teis
496 431 705 482 euertat.
1577 465 1580 469 -

430 504 481 554 8.
524 499 771 556 Ceterum
791 501 999 566 Paetus,
1012 501 1206 573 spretis
1224 500 1518 565 ominibuS,
1541 499 1770 554 necdum
1787 498 1921 553 satis

322 575 547 630 firmatis
583 575 962 641 hibernaculis,
1005 575 1155 631 nullo
1180 577 1257 632 rei
1283 575 1656 630 frumentariae
1674 575 1918 646 provisu,

322 651 463 722 rapit
480 652 771 706 exercitum
792 659 937 706 trans
956 658 1191 706 montem
1211 651 1447 706 Taurum
1465 649 1844 721 reciperandis,
1862 658 1924 702 ut

324 725 539 789 ferebat,
572 727 957 799 Tigranocertis
970 767 983 790 ,
1018 725 1397 798 vastandisque
1421 725 1750 798 regionibus,
1781 741 1923 796 quas

322 800 554 855 Corbulo
570 802 803 874 integras
828 801 1116 856 omisisset.
1195 801 1263 854 Et
1281 809 1429 872 capta
1451 800 1712 872 quaedam
1731 799 1924 854 castel-

326 876 400 930 la:
442 875 750 948 gloriaeque
778 883 832 930 et
856 875 1082 946 praedae
1107 875 1352 932 nonnihil
1371 884 1606 947 partum,
1627 875 1676 929 si
1697 883 1791 931 aut
1805 874 1924 947 glo-

324 952 457 1005 riam
497 968 621 1005 cum
662 950 838 1015 mode,
881 959 973 1007 aut
1008 951 1262 1023 praedam
1289 968 1416 1006 cum
1444 968 1592 1016 cura,
1622 949 1919 1004 habuisset.

324 1026 658 1098 Longinquis
684 1025 969 1080 itineribus
996 1025 1375 1097 percursando,
1410 1043 1552 1098 quae
1573 1023 1802 1084 obtineri
1830 1041 1926 1080 ne-

322 1101 575 1172 quibant;
618 1108 891 1171 conrupta,
924 1101 1021 1173 qui
1051 1109 1238 1173 captus
1266 1109 1394 1166 erat,
1427 1108 1744 1164 commeatu,
1763 1108 1820 1153 et
1837 1101 1926 1154 in—

322 1182 492 1230 stante
510 1177 618 1229 iam
640 1175 835 1240 bieme,
866 1175 1080 1231 reduxit
1095 1176 1409 1241 exercitum,
1431 1176 1840 1247 composuitque
1855 1173 1924 1228 ad

324 1249 602 1304 Caesarem
622 1248 839 1316 litteras,
863 1251 1021 1323 quasi
1040 1249 1276 1308 confecto
1293 1250 1454 1318 bello,
1473 1251 1652 1306 verbis
1671 1249 1925 1322 magnifi-

321 1343 419 1390 010,
443 1341 623 1380 rerum
641 1343 856 1382 vacuas.

432 1403 485 1455 9.
528 1402 743 1468 Interim
764 1400 995 1461 Corbulo
1018 1417 1300 1474 nunquam
1321 1399 1612 1474 neglectam
1629 1399 1924 1470 Euphratis

322 1479 495 1549 ripam
526 1476 881 1534 crebrioribus
909 1476 1192 1551 praesidiis
1219 1475 1442 1533 insedit:
1483 1483 1553 1541 01,
1583 1492 1650 1531 110
1668 1475 1817 1547 ponti
1837 1476 1924 1529 in-

323 1552 551 1608 iiciendo
565 1553 992 1624 inpedimentum
1010 1552 1232 1609 hostiles
1252 1560 1458 1607 turmae
1479 1551 1764 1617 adferrent,
1794 1551 1921 1623 (iam

324 1630 469 1683 enim
498 1628 753 1683 subiectis
780 1629 984 1700 campis
1009 1646 1204 1701 magna
1233 1627 1410 1699 specie
1433 1626 1736 1699 volitabant)
1757 1643 1924 1689 naves

322 1702 692 1776 magnitudine
705 1712 1029 1775 praestantes
1050 1710 1102 1758 et
1119 1720 1384 1759 connexas
1403 1702 1741 1767 1101111100,οο
1759 1702 1925 1755 turri-

324 1778 428 1833 bus
459 1784 658 1843 auctas,
700 1779 809 1852 agit
832 1795 929 1851 per
956 1794 1192 1845 amnem,
1233 1777 1618 1850 catapultisque
1643 1776 1925 1831 01110110110

322 1852 597 1923 proturbat
613 1852 891 1910 barbaros:
916 1854 973 1908 in
994 1870 1132 1926 quos
1149 1871 1278 1909 saxa
1295 1862 1351 1907 et
1368 1853 1548 1907 hastae
1567 1851 1781 1925 longius
1801 1868 1927 1923 per—

298 1966 302 1971 ·
326 1927 588 1993 meabant,
609 1944 774 2000 quam
795 1936 857 1983 ut
880 1930 1142 1985 contrario
1161 1929 1474 2003 sagittarum
1495 1928 1636 1982 iactu
1655 1926 1927 1998 adaequa-

324 2011 527 2058 rentur.
604 2004 737 2059 Dein
763 2021 898 2075 pons
924 2004 1282 2069 continuatus,
1309 2002 1579 2075 collesque
1597 2002 1807 2057 adversi
1827 2017 1928 2073 per

322 2079 495 2134 socias
514 2080 771 2145 cohortes,
792 2087 913 2151 post
931 2077 1202 2153 legionum
1219 2078 1406 2135 castris
1423 2084 1926 2149 occupantur,tanta

326 2153 587 2209 celeritate
612 2163 665 2208 et
690 2156 1033 2215 ostentatione
1061 2155 1279 2220 virium,
1312 2162 1374 2208 ut
1389 2152 1588 2218 Parthi,
1608 2152 1811 2211 omisso
1827 2170 1928 2223 pa-

324 2236 441 2283 ratu
480 2229 809 2285 invadendae
848 2229 1052 2303 Syriae,
1093 2246 1247 2301 spem
1283 2246 1497 2285 omnem
1525 2229 1585 2283 in
1611 2227 1924 2283 Armeniam

326 2310 602 2359 verterent.
1695 2348 1702 2355 .

436 2382 519 2433 lo.
562 2379 639 2433 lbi
668 2380 877 2445 Paetus„
906 2380 1288 2435 inminentium
1314 2379 1548 2444 nescius,
1579 2378 1826 2449 quintam
1851 2376 1928 2434 le-

324 2455 547 2526 gionem·
567 2454 749 2526 procul
776 2456 834 2509 in
864 2454 1026 2510 Ponto
1053 2454 1303 2523 habebat3
1345 2453 1580 2525 reliquas
1599 2453 1927 2525 promiscuis

326 2527 560 2584 militum
590 2529 973 2586 commeatibus
997 2530 1384 2598 infirmaverat3
1425 2528 1610 2593 donec,
1640 2526 1930 2594 adventare

324 2602 617 2676 Vologesen
634 2622 830 2679 magno
846 2612 899 2659 et
915 2603 1122 2660 infenso
1139 2606 1371 2678 agmine,
1394 2604 1657 2659 auditum.
1705 2601 1928 2658 Accitur

326 2674 465 2746 legio
481 2676 813 2745 duodecima,
835 2688 905 2745 et,
920 2679 1062 2733 unde
1081 2680 1278 2735 famam
1297 2680 1437 2733 aucti
1455 2678 1721 2737 exercitus
1737 2694 1928 2749 spera-

330 2758 493 2815 verat,
519 2752 725 2821 prodita
755 2753 1137 2825 infrequentia:
1187 2771 1297 2827 qua
1321 2758 1498 2809 tamen
1517 2752 1734 2809 retineri
1753 2761 1927 2808 castra

2071 0 2074 184 Ι

2071 207 2073 262 λ
