2081 3038
220 235 342 274 Α.α.
369 217 466 292 τι.)
617 223 780 285 143.
821 225 920 274 1v.
963 225 1147 273 cAP.
1190 226 1276 274 ss.
1318 229 1401 273 oe.
1716 221 1817 277 2⁴5
1911 222 1918 229 '

217 331 472 384 senatorii
497 330 723 392 ordinis,
766 329 840 382 ad
861 335 1087 397 utraque
1111 332 1291 382 munia
1312 332 1561 399 sumcere.
1640 326 1820 385 Adsu-

220 410 444 457 muntur
467 417 498 456 e
525 402 736 456 civitate
763 400 1098 457 clarissimus
1125 403 1381 475 quisque,
1407 410 1458 457 et
1475 402 1566 458 alii
1586 421 1683 476 per
1702 422 1819 459 am-

220 477 495 542 bitionem.
575 475 748 531 Simul
778 477 1111 532 Domitianus
1150 477 1539 550 Mucianusque
1574 481 1819 554 accinge-

220 552 434 617 bantur,
476 550 678 623 dispari
706 553 913 607 animo:
956 551 1047 606 ille
1084 569 1180 624 spe
1205 569 1266 607 ac
1293 552 1509 608 iuventa
1535 570 1815 626 properae,

223 628 310 682 hic
330 643 504 682 moras
524 633 758 692 nectem,
782 627 908 699 quis
928 624 1236 700 flagrantem
1256 626 1520 694 retineret,
1540 645 1609 684 ne
1627 627 1817 684 ferocia

220 703 404 758 aetatis
435 709 486 756 et
509 703 688 773 pravis
715 701 1105 775 inpulsoribus,
1128 703 1179 758 si
1198 703 1491 760 exercitum
1510 703 1814 769 invasisset,

221 779 337 850 paci
360 776 604 850 belloque
623 776 762 832 male
779 776 1095 834 consuleret.
1170 771 1429 852 Legiones
1448 779 1711 842 victrices,
1734 795 1821 834 se-

223 862 310 909 xta
337 862 388 909 et
413 861 614 918 octava,
655 852 1059 909 Vitellianarum
1088 854 1525 920 unaetvicesima,
1567 870 1598 908 e
1634 870 1819 910 recens

221 929 532 1000 conscriptis
569 927 828 994 secunda,
871 928 1127 984 Penninis
1163 929 1531 1004 Cottianisque
1566 927 1817 1000 Alpibus,

222 1023 343 1077 pars
365 1012 540 1059 monte
560 1004 738 1070 Graio,
764 1003 1141 1060 traducuntur:
1183 1005 1458 1078 XIVlegio
1476 1023 1506 1060 e
1524 1004 1817 1068 Britannia,

219 1088 363 1136 sexta
393 1098 454 1134 ac
482 1080 686 1136 decima
712 1097 780 1136 ex
799 1080 1055 1152 Hispani-a
1074 1080 1285 1136 accitae.
1366 1081 1534 1155 Igitur
1553 1081 1818 1137 venientis

219 1157 482 1212 exercitus
504 1154 662 1223 fama,
695 1163 746 1212 et
764 1164 952 1229 suopte
971 1156 1202 1230 ingenie,
1232 1156 1300 1212 ad
1323 1157 1535 1213 mitiora
1552 1155 1819 1213 inclinan-

220 1239 295 1286 tes
325 1230 620 1287 Galliarum
649 1232 906 1297 civitates,
939 1233 996 1286 in
1017 1233 1211 1290 Remos
1230 1249 1540 1288 convenere.
1621 1233 1819 1288 Treve-

220 1325 399 1362 rorum
435 1306 623 1378 legatio
653 1305 764 1361 illic
791 1307 1181 1380 opperiebatur,
1224 1309 1481 1363 acerrimo
1508 1308 1819 1364 instinctore

219 1380 344 1436 belli
383 1381 558 1437 Tullio
595 1381 889 1436 Valentino.
973 1381 1022 1434 Is
1061 1380 1307 1436 meditata
1343 1385 1576 1437 oratione
1604 1391 1813 1448 cuncta,

219 1457 430 1545 magnis
451 1456 692 1529 imperiis
710 1454 959 1510 obiectari
985 1454 1156 1518 solita,
1187 1455 1643 1529 contumeliasque
1662 1465 1713 1512 et
1732 1458 1819 1512 in-

217 1530 419 1588 vidiam
458 1533 514 1585 in
553 1530 814 1603 populum
850 1530 1151 1585 Romanum
1178 1528 1388 1586 effudit:
1431 1532 1681 1587 turbidus
1712 1534 1817 1587 mi-

217 1606 430 1735 sceqldis
465 1606 838 1671 seditionibus,
877 1611 930 1661 et
968 1604 1243 1678 plerisque
1277 1614 1461 1682 gratus
1490 1606 1701 1662 vecordi
1740 1606 1817 1661 fa·-

217 1698 322 1736 cun
359 1698 430 1735 ia.

326 1759 410 1812 69.
453 1755 521 1811 At
541 1756 709 1811 Iulius
720 1753 958 1829 Auspex,
982 1773 1011 1811 e
1030 1754 1358 1828 primoribus
1378 1756 1688 1822 Remorum,
1710 1763 1813 1814 vim

218 1833 502 1889 Romanam
523 1835 772 1901 pacisque
801 1834 933 1886 bona
959 1832 1271 1896 dissertanS,
1301 1838 1353 1885 et
1379 1836 1515 1886 sumi
1534 1835 1720 1886 bellum
1738 1842 1815 1887 et-

216 1913 322 1965 iam
341 1911 408 1962 ab
428 1911 646 1978 iynavis,
659 1911 1003 1962 strenuissimi
1023 1912 1271 1977 cuiusque
1287 1910 1521 1975 periculo
1539 1912 1667 1975 aeri,
1682 1913 1818 1962 iam·-

216 2001 314 2053 que
335 2000 491 2051 super
521 1990 676 2052 caput
697 1984 932 2051 leqiones,
955 1982 1415 2054 sapientissimum
1440 1998 1715 2054 quemque
1732 1999 1819 2037 re-

217 2059 450 2115 verentia
483 2057 712 2131 fideque,
745 2058 981 2112 iuniores
1007 2056 1243 2129 periculo
1262 2074 1324 2113 ac
1345 2063 1511 2118 metu,
1532 2056 1813 2113 continuit.

213 2136 281 2189 Et
308 2132 573 2189 Valentini
611 2132 855 2187 animum
895 2131 1197 2197 laudabant,
1238 2132 1524 2189 consilium
1562 2129 1815 2203 Auspicis

213 2209 592 2283 sequebantur.
649 2207 882 2272 Constat,
905 2206 1173 2263 obstitisse
1192 2207 1435 2265 Treveris
1453 2207 1819 2281 Lingonibus-

212 2302 322 2359 que
348 2284 494 2357 apud
511 2282 732 2349 Gallias,
754 2282 919 2357 quod,
944 2281 1189 2338 Vindicis
1216 2290 1386 2349 motu,
1416 2298 1542 2339 cum
1562 2282 1817 2357 Verginio

213 2367 482 2417 steterant.
563 2360 823 2415 Deterruit
848 2358 1135 2433 'plerosque
1158 2360 1555 2431 provinciarum
1578 2357 1817 2414 aemula-

212 2439 311 2493 tio:
355 2439 492 2508 quod
529 2438 658 2491 bello
695 2432 890 2503 caput?
927 2438 1067 2489 unde
1090 2438 1175 2490 ius
1200 2439 1592 2504 auspiciumque
1612 2443 1817 2503 petere-

213 2510 339 2567 tur?
376 2529 550 2582 quam,
571 2515 621 2566 si
641 2518 829 2565 cuncta
843 2516 1216 2581 provenissent,
1244 2514 1413 2566 sedem
1437 2514 1654 2579 imperio
1680 2512 1817 2579 leye-

213 2586 366 2643 rent?
404 2585 654 2642 Nondum
684 2584 920 2651 victoria,
954 2586 1064 2639 iam
1092 2583 1357 2641 discordia
1383 2592 1521 2640 erat:
1564 2584 1685 2640 aliis
1706 2584 1816 2639 foe-

212 2662 355 2727 dera,
386 2661 713 2735 quibusdam
739 2678 869 2735 opes
888 2661 1160 2735 viresque,
1191 2667 1284 2716 aut
1312 2666 1625 2721 vetustatem
1648 2660 1814 2735 origi-

213 2737 318 2803 nis,
359 2754 454 2812 per
491 2738 676 2814 iurgia*
703 2736 1045 2811 iactantibus.
1124 2734 1319 2792 Taedio
1337 2732 1637 2794 futurorum
1660 2751 1814 2809 prae-
