2081 3038
272 204 369 258 2⁴8
615 212 623 220 ’
752 207 1424 255 HISTORIARUM·
1600 196 1876 272 (mmm.

269 311 571 365 Romanum
610 308 831 376 ducem,
866 325 1017 399 Nquo
1034 308 1220 363 minus
1256 306 1491 379 peditem
1527 325 1882 381 perrumpere

270 385 493 451 iuberet,
526 385 771 456 equitum
803 385 970 439 aciem
1000 384 1060 439 in
1079 383 1269 439 collem
1297 384 1540 457 erigeret,
1581 392 1760 456 spreto
1779 385 1878 440 ho-

268 468 373 528 ste3
416 477 602 532 quem,
635 468 831 514 temere
854 458 1172 525 conlectum,
1200 459 1345 513 haud
1374 460 1446 514 ita
1465 458 1612 515 loco
1595 462 1793 525 iuvari,
1819 468 1880 515 ut

270 553 375 590 non
404 534 531 607 plus
558 536 676 589 suis
704 536 763 589 in
782 536 978 590 virtute
1007 534 1156 591 foret.
1236 534 1485 591 Paullum
1505 551 1686 591 morae
1701 552 1761 589 m
1781 534 1882 590 ad-

270 628 485 677 scensu,
507 610 639 665 dum
668 610 896 666 missilia
926 610 1162 665 hostium
1193 610 1618 682 praevehuntur:
1663 619 1722 666 ut
1742 627 1878 667 ven-

270 695 385 741 tum
412 688 471 742 in
496 704 710 751 manus,
752 684 1017 741 deturbati
1043 686 1232 741 ruinae
1258 686 1416 742 modo
1442 686 1874 758 praecipitantur.

268 763 337 817 Et
354 780 478 835 pars
498 762 765 833 equitum,
789 761 1134 833 aequioribus
1155 763 1298 835 iugis
1319 762 1693 828 circumvecta,
1717 762 1878 818 nobi-

270 837 506 892 lissimos
525 837 829 910 Belgarum,
851 836 909 890 in
930 837 1056 908 quis
1073 835 1264 892 ducem
1286 837 1650 901 Valentinum,
1673 838 1831 909 oepit.

377 913 463 969 72.
506 911 727 968 Cerialis
764 919 975 983 postero
1012 911 1100 965 die
1120 910 1380 967 coloniam
1409 914 1762 968 Treverorum
1788 914 1878 967 in-

266 1004 487 1061 gressus
515 995 613 1052 est,
644 986 801 1042 avido
832 986 1003 1042 milite
1028 987 1290 1042 eruendae
1309 989 1570 1043 civitatis:
1611 991 1748 1043 hanc
1767 1006 1878 1043 ease

272 1065 509 1126 Classici,
538 1066 673 1116 hanc
698 1063 922 1126 Tutoris,
941 1068 1203 1129 patriam:
1244 1066 1428 1119 horum
1451 1067 1642 1118 scelere
1661 1066 1877 1118 clausas

268 1154 545 1206 caesaeque
565 1140 801 1205 leyionea.
879 1136 1019 1201 Quid
1039 1147 1240 1192 tantum
1265 1138 1568 1193 Cremonam
1585 1137 1876 1193 meruisse?

266 1229 423 1282 quam
439 1229 467 1265 e
484 1214 680 1280 gremio
696 1212 730 1264 Ι
728 1214 888 1265 taliae
905 1222 1132 1280 raptam,
1165 1218 1292 1283 quia
1311 1220 1468 1270 unius
1487 1218 1653 1269 noctis
1669 1232 1878 1269 moram

262 1288 547 1341 victoribus
572 1289 849 1341 adtulerit.-
887 1295 1033 1343 stare
1059 1294 1119 1343 in
1148 1293 1369 1359 confinio
1398 1290 1710 1345 Germaniae
1738 1295 1864 1344 inte-

262 1380 415 1432 9ram
432 1366 616 1426 sedem,
628 1365 811 1431 spoliis
828 1370 1155 1420 exercituum
1173 1373 1222 1419 et
1240 1370 1431 1432 dueum
1451 1369 1693 1421 caedibus
1707 1382 1870 1419 ovan-

266 1448 378 1493 tem.
429 1440 764 1507 Rediqeretur
775 1444 981 1508 praeda
1000 1444 1059 1495 in
1077 1444 1286 1511 fiscum.-
1325 1445 1456 1511 ipsis
1471 1445 1708 1511 sufficere
1725 1444 1876 1510 iqnes

264 1524 312 1570 et
332 1517 537 1571 rebeliis
557 1517 788 1571 coloniae
805 1519 1012 1585 ruinae,
1047 1519 1233 1586 quibus
1252 1525 1326 1571 tot
1346 1525 1638 1572 castrorum
1656 1522 1874 1572 exscidia

261 1599 621 1661 pensarentur.
700 1589 922 1647 Cerialis
938 1634 951 1659 ,
992 1610 1024 1646 a
1063 1599 1209 1646 metu
1246 1591 1501 1648 infamiae
1514 1634 1527 1658 ‚
1569 1593 1618 1647 si
1656 1592 1872 1648 licentia

266 1665 594 1736 saevitiaque
631 1665 854 1720 inbuere
887 1666 1116 1722 militem
1155 1666 1474 1732 crederetur,
1515 1669 1709 1740 pressit
1737 1668 1869 1724 iraS.

262 1741 333 1795 Et
354 1757 598 1812 paruere,
628 1742 803 1814 posito
830 1741 1033 1798 civium
1061 1740 1221 1807 bello,
1254 1742 1322 1797 ad
1347 1751 1560 1799 externa
1585 1743 1876 1799 modestio-

265 1833 370 1872 res,
440 1815 710 1872 Convertit
728 1816 853 1871 inde
871 1819 1079 1873 animos
1100 1817 1388 1874 accitarum
1409 1836 1439 1874 e
1455 1819 1873 1874 Mediomatricis

264 1892 537 1966 legionum
566 1890 889 1947 miserabilis
917 1893 1220 1964 adspectus.
1301 1894 1520 1950 Stabant
1547 1896 1871 1950 conscientia

264 1967 450 2042 flagitii
471 1975 719 2033 maestae,
744 1967 866 2022 fixis
887 1969 943 2022 in
966 1976 1159 2023 terram
1179 1968 1371 2025 oculis.
1442 1967 1602 2025 Nulla
1623 1970 1762 2024 inter
1783 1987 1872 2025 co-

264 2052 449 2100 euntes
486 2042 750 2098 exercitus
789 2042 1160 2101 consalutatio:
1213 2062 1390 2118 neque
1417 2043 1714 2101 solantibus
1741 2045 1872 2102 hor-

264 2120 565 2176 tantibusve
584 2134 838 2190 responsa
858 2119 1072 2185 dabant,
1089 2120 1254 2175 abditi
1272 2137 1367 2191 per
1383 2122 1602 2176 tentoria
1619 2129 1670 2176 et
1690 2119 1868 2176 lucem

262 2196 436 2266 ipsam
478 2194 723 2250 vitantes.
802 2194 912 2249 Nec
949 2195 1171 2267 perinde
1209 2195 1510 2268 periculum
1551 2203 1643 2250 aut
1667 2204 1865 2260 metm,

263 2287 426 2342 quam
457 2269 632 2340 pudor
657 2287 720 2325 ac
746 2270 996 2336 dedecus,
1027 2269 1474 2343 obstupefecerat:
1519 2271 1770 2326 adtonitis
1791 2281 1870 2326 et-

262 2346 371 2398 iam
410 2345 728 2410 victoribus,
770 2348 868 2418 qui
916 2363 1098 2401 vocem
1139 2363 1431 2418 precesque
1467 2345 1721 2402 adhibere
1761 2364 1870 2403 non

261 2419 397 2480 ausi,
422 2417 657 2474 lacrimis
678 2438 740 2476 ac
757 2421 970 2476 silentio
988 2421 1201 2476 veniam
1223 2422 1536 2494 poscebant.
1578 2422 1748 2476 donec
1767 2421 1872 2477 Ce-

262 2491 407 2548 rialis
430 2493 684 2552 mulceret
704 2497 931 2561 animoa,
942 2502 1054 2566 sato
1071 2506 1193 2552 aeta
1213 2497 1480 2561 dictitans,
1493 2513 1628 2564 quae
1641 2498 1872 2552 militum

258 2571 547 2634 ducumque
564 2573 831 2627 discordia
849 2575 931 2626 vel
943 2575 1132 2642 fraude
1152 2574 1372 2626 hostium
1391 2575 1693 2625 evenissent.
1749 2571 1841 2624 Pr·
1821 2591 1871 2624 ι-

260 2655 398 2690 mum
426 2644 574 2696 illum
601 2651 976 2714 stipendionam
1004 2655 1053 2702 et
1081 2651 1400 2702 sacramenti
1429 2648 1568 2699 diem
1589 2647 1866 2700 haberent.-

197 2771 202 2775 .
258 2715 409 2776 prim
410 2729 494 2765 um
519 2719 814 2782 facinorum
840 2737 1001 2790 neque
1026 2725 1388 2791 imperatorem
1416 2735 1580 2790 neque
1597 2735 1656 2774 ee
1683 2724 1870 2778 menti·
