2081 3038
251 226 317 279 98
735 220 1385 279 ιιιετοιιιᾼιιυιι
1584 222 1655 296 (ι.
1678 240 1731 279 ιι.
1756 234 1855 280 ⁸28.

251 332 384 388 telae
411 340 463 387 et
489 332 603 405 agri
633 340 872 387 veterum
895 332 1211 388 Crassorum
1240 349 1302 387 ac
1320 332 1557 387 nominis
1574 330 1725 387 favor
1742 348 1859 387 ma·-

251 409 427 463 nebat.
497 374 664 480 [gutur
681 408 965 463 deterrimo
989 425 1209 479 quoque
1226 408 1284 462 in
1304 415 1683 481 argumentum
1704 404 1859 461 fabu-

254 484 331 537 lae
368 484 670 570 adsumpto,
715 482 914 556 vulgus
953 482 1233 537 credulum
1262 486 1316 537 et
1342 482 1564 555 quidam
1596 481 1851 545 militum,
1888 488 1901 495 “

250 574 426 613 errore
449 558 558 612 veri
580 574 678 611 seu
698 557 978 612 turbarum
1001 557 1199 622 studio,
1228 559 1466 612 certatim
1492 556 1857 630 adgregaban-

250 639 364 688 tur:
425 649 551 687 cum
597 642 891 704 pertractus
940 632 1007 687 ad
1049 598 1325 688 Vitellium
1373 633 1851 705 interrogatusque,

249 709 501 780 quisnam
527 706 830 762 mortalium
853 714 1010 771 esset,
1033 714 1316 778 postquam
1346 706 1493 761 nulla
1522 692 1678 761 dictis
1699 704 1850 770 fides,

251 790 304 837 et
327 800 356 837 a
379 783 595 838 domino
617 782 953 846 noscebatur,
987 782 1287 837 conditione
1314 780 1596 855 fugitivus,
1638 781 1855 836 nomine

251 857 403 923 Geta,
434 866 714 931 sumptum
741 857 808 911 de
828 874 890 912 eo
909 855 1238 927 supplicium
1260 856 1546 911 servilem'
1530 874 1587 911 ιιι
1610 856 1849 911 modum.
1862 857 1872 861 “

359 978 446 1031 73.
489 976 594 1031 Vix
622 974 874 1029 credibile
899 982 1196 1031 memoratu
1224 983 1323 1040 est,
1366 982 1629 1047 quantum
1663 994 1854 1049 super-

249 1052 368 1108 biae
393 1050 771 1121 socordiaeque
795 1035 1006 1105 Vitellio
1031 1050 1336 1116 adoleverit,
1357 1059 1640 1139 postquam
1662 1068 1855 1123 specu-

249 1129 438 1181 latores
465 1142 496 1179 e
522 1123 674 1197 Syria
706 1123 1028 1195 Iudaeaque,
1065 1124 1347 1185 adactum
1334 1144 1390 1181 ιιι
1411 1124 1573 1180 verba
1594 1127 1712 1181 eius
1730 1124 1855 1183 Ori-

249 1209 423 1257 entem
453 1200 785 1255 nuntiavere.
865 1199 1022 1265 Nam,
1054 1200 1155 1255 etsi
1182 1201 1335 1274 vagis
1364 1200 1541 1257 adhuc
1567 1209 1619 1258 et
1637 1202 1854 1258 incertis

248 1274 575 1339 auctoribus,
605 1282 717 1329 erat
735 1282 910 1329 tamen
932 1275 990 1331 in
1009 1292 1101 1330 ore
1120 1274 1368 1348 famaque
1385 1276 1769 1347 Vespasianus,
1792 1295 1855 1333 ac

247 1350 570 1423 plerumque
587 1349 656 1405 ad
675 1366 868 1406 nomen
891 1351 1008 1405 eius
1028 1349 1277 1406 Vitellius
1296 1351 1641 1407 excitabatur.
1712 1352 1853 1408 Tum

249 1427 384 1498 ipse,
408 1425 801 1497 exercitusque,
831 1433 892 1480 ut
917 1424 1069 1481 nullo
1086 1425 1317 1491 aemulo,
1340 1427 1580 1492 saevitia,
1608 1425 1850 1493 libidine,

248 1510 422 1574 raptu,
442 1502 500 1557 in
523 1509 768 1557 externos
789 1518 963 1558 mores
981 1509 1350 1574 proruperant.

355 1613 444 1665 74.
484 1609 554 1664 At
571 1610 934 1682 Vespasianus
961 1609 1166 1665 bellum
1189 1627 1463 1683 armaque,
1487 1618 1539 1665 et
1560 1610 1746 1682 procul
1770 1612 1853 1668 vel

247 1687 393 1740 iuxta
421 1687 550 1739 sitas
567 1687 731 1750 vires,
753 1685 1247 1756 circumspectabat.
1308 1685 1463 1740 Miles
1480 1687 1587 1757 ipsi
1608 1685 1739 1742 adeo
1756 1703 1855 1759 pa·-

248 1769 412 1825 ratuS,
456 1768 516 1813 ut
543 1769 883 1830 praeeuntem
913 1769 1327 1826 sacramentum,
1370 1769 1421 1816 et
1444 1759 1617 1816 fausta
1640 1761 1856 1818 Vitellio

246 1835 424 1891 omnia
461 1843 783 1906 precantem,
825 1851 920 1905 per
945 1834 1221 1889 silentium
1252 1835 1535 1892 audierint.
1614 1837 1854 1892 Muciani

246 1913 462 1966 animus
494 1927 590 1964 nec
618 1911 944 1981 Vespasiano
971 1909 1199 1975 alienus,
1240 1918 1291 1964 et
1316 1911 1373 1965 in
1402 1911 1583 1966 Titum
1612 1913 1851 1982 pronior.

245 1984 546 2040 Praefectus
565 1984 813 2058 Aegypti,
839 1985 921 2038 Ti.
946 1983 1263 2049 Alexander,
1296 1985 1519 2041 masilia
1537 1987 1850 2042 sociaverat.

245 2061 474 2115 Tertiam
501 2059 782 2132 legionem,
807 2060 954 2132 quod
972 2077 1003 2114 e
1021 2060 1177 2134 Syria
1196 2062 1254 2114 in
1276 2061 1529 2116 Moesiam
1550 2063 1850 2126 transisset,

245 2153 398 2190 suam
430 2135 762 2190 numerabat.
843 2134 1057 2190 Ceterae
1086 2134 1285 2208 lllyrici
1314 2133 1547 2222 legiones
1572 2146 1857 2193 secuturae

168 2282 172 2283 7
245 2210 614 2284 sperabantur.
695 2210 942 2281 Namque
967 2227 1158 2265 omnes
1188 2212 1453 2265 exercitus
1488 2209 1856 2268 flammaverat

244 2287 548 2360 adrogantia
569 2286 899 2340 venientium
921 2303 952 2339 a
971 2283 1185 2341 Vitellio
1206 2285 1465 2350 militum,
1488 2285 1653 2358 quod,
1673 2294 1857 2342 truces

245 2379 486 2450 corpore
499 2360 699 2416 horridi
721 2377 983 2424 sermone,
997 2369 1197 2416 ceteros
1218 2369 1278 2416 ut
1295 2362 1509 2448 inpares
1526 2361 1851 2419 inridebant.

243 2437 380 2491 Sed
368 2455 422 2491 ιιι
446 2445 583 2490 tanta
607 2433 745 2490 mole
765 2435 888 2490 belli
911 2435 1231 2508 plerumque
1248 2437 1539 2490 cunctatio·
1525 2479 1537 2490 .
1582 2444 1635 2490 et
1650 2435 1857 2509 Vespa-

243 2513 451 2575 sianus,
477 2510 634 2565 modo
653 2512 708 2564 in
730 2528 882 2581 spem
902 2519 1127 2576 erectus,
1142 2510 1431 2581 aliquando
1448 2510 1669 2565 adversa
1690 2529 1859 2583 repu-

244 2587 412 2641 tabat:
461 2587 589 2651 Quis
611 2589 700 2638 ille
719 2591 829 2640 dies
846 2591 994 2655 soret,
1023 2603 1125 2653 quo
1142 2586 1251 2639 LX
1262 2590 1453 2639 aetatis
1468 2601 1635 2639 annos
1652 2595 1703 2640 et
1720 2591 1859 2641 duos

243 2660 379 2728 filios
397 2665 604 2714 iuvenes
633 2663 762 2714 bello
775 2657 1136 2728 permitteret?
1182 2661 1307 2713 Esse
1322 2664 1553 2728 privatis
1576 2665 1859 2728 ooqitatio-

204 2746 216 2749 ’
251 2747 256 2749 ·
282 2735 396 2786 “ms
411 2750 757 2802 proyresaum,
783 2743 848 2798 et,
865 2743 1026 2802 prout
1043 2736 1219 2798 velint,
1237 2737 1361 2801 plus
1376 2738 1611 2788 minusve
1626 2739 1767 2788 sumt·
1786 2751 1857 2790 σω
