2081 3038
281 237 382 290 208
844 240 1313 287 ANNAMUM
1612 231 1887 306 (evasa.

282 345 424 397 mala
446 343 527 398 vel
546 344 694 404 bona,
718 359 851 410 quae
868 343 1055 410 vulqus
1068 348 1241 409 putet.-
1280 342 1483 406 multos,
1508 346 1601 412 qm·
1621 347 1892 411 conflicta-

282 421 336 472 ri
366 422 604 472 adversis
628 421 922 480 videantur,
954 419 1142 482 boacca,
1174 433 1239 470 ac
1251 417 1543 484 plerosque,
1574 435 1893 488 quamquam

281 509 500 562 maynas
520 507 619 561 per
651 509 787 560 opos,
818 495 1165 558 vniam-imoa;
1202 494 1253 545 ai
1275 492 1361 545 inu·
1382 507 1596 560 qravem
1622 498 1891 563 fortunam.

284 575 581 624 constanter
598 569 830 631 tolerent,
851 569 905 622 hs·
916 581 1173 635 prospera
1190 569 1478 621 inconsulte
1496 575 1729 622 utantur.
1790 567 1893 622 Ce—

282 650 458 698 terum
487 640 741 715 plurimis
769 639 1078 697 mortalium
1108 658 1215 695 non
1238 640 1513 707 eximitur,
1554 642 1689 714 quin
1714 647 1893 712 primo

284 721 532 787 cuiusque
559 725 678 773 orm
705 725 929 772 ventura
953 720 1303 771 destinentur.-
1340 720 1433 771 sed
1451 721 1705 787 quaedam
1722 734 1890 782 secus,

283 809 440 862 quam
457 797 602 848 dicta
615 796 739 857 sint,
763 795 963 857 cadere,
987 793 1223 862 fallaciis
1241 795 1435 861 ignara
1451 795 1746 848 dicuntum.
1804 793 1893 847 Ita

284 873 552 937 corrumpi
573 871 724 938 fidem
751 871 903 931 artis,
933 872 1084 922 ouius
1109 868 1259 922 clara
1278 870 1583 922 documenta
1602 871 1893 938 etantiqua

281 951 430 998 aetas
451 952 501 998 ot
527 949 708 998 nostra
736 945 930 997 tulerit.
1008 940 1223 1014 Quippe
1254 959 1285 996 a
1311 941 1422 999 filio
1449 939 1691 998 eiusdem
1722 942 1894 998 Thra-

281 1017 410 1090 sylli
427 1016 756 1090 praedictum
778 1017 1004 1072 Neronis
1029 1017 1323 1088 imperium
1354 1017 1413 1072 in
1430 1023 1667 1090 tempore
1684 1035 1893 1074 memo—

284 1093 508 1158 rabitur,
533 1107 601 1146 ne
624 1109 773 1147 nunc
788 1093 1002 1164 incepto
1019 1091 1234 1168 longius
1253 1093 1499 1148 abierim.

389 1170 477 1224 23.
519 1166 715 1223 Iisdem
745 1166 1061 1224 consulibus
1080 1167 1257 1223 Asinii
1278 1166 1421 1224 Galli
1447 1185 1594 1224 mors
1610 1166 1887 1244 vulgatur,

283 1259 446 1315 quem
467 1249 696 1316 egestate
721 1242 830 1297 cibi
850 1250 1189 1315 peremptum
1207 1242 1354 1301 haud
1377 1242 1635 1299 dubium:
1678 1251 1886 1316 sponte,

283 1315 368 1372 vel
417 1317 729 1374 necessitate
743 1359 757 1384 ‚
802 1318 1068 1374 incertum
1121 1317 1441 1374 habebatur:
1503 1311 1891 1391 consultusque

284 1391 496 1459 Caesar,
527 1408 596 1448 an
617 1391 832 1465 sepeliri
851 1393 1069 1460 sineret,
1094 1411 1200 1449 non
1222 1394 1436 1449 erubuit
1453 1393 1775 1466 permittere,
1801 1393 1890 1448 ul-

281 1477 472 1543 troque
512 1469 760 1525 incusare
795 1485 975 1536 casus,
1006 1468 1105 1543 qui
1146 1485 1297 1528 reum
1335 1467 1697 1535 abstulissent,
1740 1476 1891 1525 ante-

283 1562 448 1619 quam
477 1560 656 1602 coram
681 1546 1102 1602 convinceretur.
1183 1542 1410 1610 Scilicet,
1452 1544 1629 1599 medio
1658 1543 1890 1601 triennio

281 1620 520 1676 defuerat
547 1625 760 1694 tempus
787 1620 1060 1677 subeundi
1078 1620 1343 1677 iudicium
1366 1619 1635 1676 consulari
1655 1620 1792 1686 seni,
1817 1628 1890 1676 tot

281 1694 648 1752 consularium
689 1698 917 1769 parenti.
995 1697 1204 1751 Drusus
1253 1695 1447 1751 deinde
1500 1696 1885 1771 exstinguitur,

281 1788 408 1826 cum
446 1787 506 1825 se
541 1771 862 1827 miserandis
891 1770 1181 1838 alimentis,
1210 1770 1526 1827 'mandendo
1554 1787 1584 1827 e
1612 1771 1780 1829 cubili
1809 1778 1890 1827 to-

283 1852 482 1912 mento,
505 1862 708 1903 nonum
728 1846 798 1902 ad
813 1847 958 1903 diem
975 1847 1313 1903 detinuisset.
1337 1845 1623 1902 Tradidere
1642 1847 1887 1921 quidam,

281 1920 672 1995 praescriptum
703 1922 870 1977 fuisse
897 1922 1152 1987 Macroni,
1184 1921 1231 1977 si
1252 1937 1401 1976 arma
1423 1920 1493 1976 ab
1510 1920 1703 1978 Seiano
1724 1929 1891 1979 tenta-

281 2004 466 2052 rentur
481 2039 494 2063 ,
537 2004 829 2054 extractum
867 1997 1105 2053 custodia
1134 1997 1385 2053 iuvenem
1424 1994 1576 2071 (nam
1604 1998 1663 2052 in
1695 1995 1891 2069 palatio

281 2071 634 2147 adtinebatur)
661 2072 854 2127 ducem
884 2071 1083 2145 populo
1105 2073 1402 2145 imponere.
1481 2072 1625 2138 Mox,
1646 2074 1775 2145 quia
1795 2090 1891 2126 ru-

282 2164 400 2203 mor
435 2147 728 2213 incedebat,
771 2146 900 2213 fore,
940 2155 1001 2203 ut
1037 2148 1204 2203 nurui
1231 2164 1294 2201 ae
1320 2146 1501 2219 nepoti
1520 2146 1891 2203 conciliaretur

283 2222 494 2288 Caesar,
522 2224 798 2278 saevitiam
822 2239 985 2295 quam
1013 2221 1394 2294 poenitentiam
1414 2221 1623 2277 maluit.

389 2300 476 2354 24.
501 2296 643 2363 Quin
665 2306 716 2351 et
732 2298 978 2352 invectus
997 2298 1055 2353 in
1072 2296 1407 2371 defunctum,
1420 2297 1613 2369 probra
1630 2296 1887 2369 corporis,

281 2372 608 2428 exitiabilem
636 2372 692 2428 in
727 2390 877 2438 suos,
907 2370 1180 2429 insensum
1213 2371 1444 2445 reipubl.
1477 2373 1721 2429 animum
1741 2372 1891 2428 obie-

279 2449 378 2503 cit:
421 2446 739 2521 recitarique
773 2446 1029 2503 factorum
1070 2448 1443 2521 dictorumque
1468 2448 1588 2504 eius
1624 2447 1891 2520 descripta

278 2539 376 2593 per
393 2522 509 2578 dies
527 2522 706 2579 iussit.
782 2521 901 2589 Quo
921 2538 1024 2578 non
1048 2522 1197 2578 aliud
1216 2523 1448 2579 atrocius
1466 2524 1680 2580 visum:
1722 2521 1886 2577 adsti-

279 2597 410 2651 tisse
434 2605 509 2653 tot
534 2614 632 2670 per
657 2614 846 2664 annos,
869 2598 965 2671 qui
986 2596 1220 2665 vultum,
1242 2599 1497 2673 gemitus,
1520 2597 1789 2655 occultum
1810 2605 1892 2653 et-

278 2670 389 2725 iam
407 2686 660 2727 murmur
679 2673 1006 2747 exciperent:
1050 2682 1101 2728 et
1124 2674 1365 2745 potuisse
1393 2690 1555 2729 avum
1584 2673 1788 2738 audire,
1812 2671 1893 2728 le·-

279 2758 426 2819 gere,
454 2747 513 2801 in
534 2745 816 2818 publicum
843 2764 1110 2821 promere,
1130 2749 1226 2805 vix
1246 2747 1381 2804 fides
1397 2764 1410 2778 ·
1454 2749 1562 2804 nisi
1583 2748 1729 2821 quod
1749 2747 1889 2804 Actii
