2081 3038
233 286 357 327 mc.
383 268 478 342 το.)
644 279 825 324 mn.
864 278 904 326 1.
947 279 1124 325 CAP.
1165 277 1404 324 28—30.
1768 273 1828 322 49

234 395 389 434 suere
415 379 573 433 ceteri
602 395 818 450 quoque
848 379 1050 434 tribuni
1077 379 1520 450 centurionesque
1536 381 1831 451 praesentia

232 453 416 508 dubiis
454 461 505 508 et
534 453 787 509 honestis,
869 455 1027 525 Isque
1057 453 1270 508 habitus
1289 455 1590 508 animorum
1612 453 1730 518 fuit,
1774 464 1834 509 ut

126 575 133 583 .
234 528 534 600 pessimum
580 527 787 583 facinus
835 529 1088 584 auderent
1133 529 1324 600 pauci,
1383 528 1564 601 plures
1612 529 1828 595 vellent,

234 620 419 659 omnes
438 611 760 676 paterentur.

344 681 429 735 29.
472 678 697 752 Ignarus
725 677 938 733 interim
968 677 1138 735 Galba
1167 687 1218 732 et
1245 678 1412 733 sacris
1436 679 1690 748 intentus,
1716 677 1834 734 fati-

233 753 392 828 gabat
429 752 586 808 alieni
624 754 731 808 iam
772 754 985 825 imperii
1019 754 1176 809 deos:
1219 770 1343 808 cum
1373 751 1607 807 adfertur
1626 771 1828 817 rumor,

236 829 350 900 rapi
370 830 427 884 in
448 837 637 894 castra,
666 828 925 884 incertum
946 847 1111 902 quem
1132 839 1456 884 senatorem:
1500 845 1645 892 mox,
1670 827 1832 883 Otho-

236 921 359 958 nem
388 921 523 968 esse,
556 905 651 975 qui
682 915 977 976 raperetur:
1020 903 1184 959 simul
1215 921 1282 959 ex
1306 911 1409 959 tota
1431 903 1582 970 urbe,
1605 913 1666 958 ut
1681 904 1833 976 quis-

234 995 341 1052 que
359 979 552 1034 obvius
571 978 758 1045 fuerat,
782 979 871 1034 alii
895 979 1178 1035 formidine
1193 987 1466 1053 augentes,
1485 978 1706 1052 quidam
1727 980 1832 1033 mi—

235 1072 361 1110 nora
382 1071 526 1119 vem,
568 1072 635 1109 ne
672 1063 786 1110 tum
815 1055 1036 1127 quidem
1076 1054 1226 1110 obliti
1246 1054 1583 1111 adulationis,
1667 1055 1831 1128 [gitur

232 1129 655 1186 consultantibus
704 1129 929 1202 placuit,
977 1135 1268 1200 pertentari
1311 1135 1544 1185 animum
1589 1133 1827 1192 cohortis,

231 1225 363 1276 quac
400 1213 455 1261 in
488 1209 693 1275 palatio
728 1211 1000 1261 stationem
1036 1209 1248 1276 agebat.-
1287 1223 1380 1260 nec
1392 1223 1491 1274 per
1512 1210 1678 1274 ipsum
1703 1205 1830 1260 Gal-

231 1285 375 1349 bam;
416 1285 565 1336 cuius
592 1286 796 1351 integra
822 1287 1116 1336 auctoritas
1143 1284 1428 1335 maioribus
1455 1285 1696 1336 remediis
1719 1299 1828 1334 scr-

228 1360 468 1412 vabatur.
549 1357 670 1410 Piso
705 1373 802 1428 pro
837 1356 1096 1430 gradibus
1133 1355 1328 1410 domus
1367 1363 1575 1410 vocatos
1601 1356 1656 1409 in
1687 1355 1828 1410 hunc

232 1431 450 1486 modum
482 1430 757 1486 adlocutus
786 1440 889 1486 est:
933 1431 1128 1486 Sextus
1156 1435 1266 1484 dics
1292 1435 1486 1499 ayitur.
1528 1433 1829 1484 commilito-

232 1524 335 1571 nes,
350 1524 417 1561 em
436 1524 554 1575 quo,
577 1511 795 1575 iqnarus
812 1509 997 1577 futuri,
1026 1514 1076 1559 et
1093 1508 1202 1559 sive
1219 1508 1500 1573 optandum
1518 1507 1610 1559 hoc
1629 1522 1828 1570 nomen,

230 1586 339 1637 sive
376 1586 652 1635 timendum
690 1590 819 1643 erat,
866 1580 1062 1636 Caesar
1087 1583 1319 1635 adscitus
1341 1597 1484 1634 sum.-
1526 1598 1626 1649 quo
1652 1584 1831 1634 domus
1881 1628 1886 1635 .

230 1666 441 1711 nostrae
478 1665 570 1711 aut
610 1659 924 1724 reipublicae
958 1661 1087 1726 sato,
1127 1660 1186 1709 in
1222 1664 1397 1709 vestra
1424 1673 1582 1709 manu
1605 1660 1830 1724 positum

232 1742 334 1800 est;
372 1748 491 1794 non,
534 1734 659 1799 quia
684 1748 793 1785 meo
830 1735 1033 1786 nomine
1073 1734 1354 1786 tristiorem
1391 1742 1566 1785 casum
1588 1748 1827 1799 paveam,

232 1816 288 1861 ut
310 1811 415 1875 qui,
455 1810 703 1861 adversas
721 1824 806 1862 res
824 1816 1084 1875 expertus,
1129 1824 1243 1861 cum
1263 1811 1490 1861 maxime
1507 1810 1720 1870 discam,
1767 1824 1830 1860 ne

230 1885 485 1936 secundas
503 1885 705 1951 quidem
726 1886 900 1936 minus·
912 1886 1231 1937 discriminis
1248 1885 1459 1945 nubem
1488 1887 1662 1949 patris
1681 1890 1728 1935 et
1747 1899 1828 1935 se·-

233 1966 388 2011 natus
422 1966 471 2011 et
500 1960 665 2025 ipsius
693 1961 897 2026 imperii
922 1962 1084 2012 vicem
1110 1960 1272 2021 doleo,
1312 1961 1362 2011 si
1383 1958 1529 2011 nobis
1547 1966 1639 2010 aut
1655 1962 1830 2025 peri-re

232 2037 379 2087 hodie
405 2050 604 2087 necesse
630 2041 721 2096 est,
752 2041 862 2096 aut,
894 2036 1029 2101 quod
1056 2050 1218 2101 aeque
1245 2036 1386 2101 apud
1408 2033 1828 2086 bonos⁸miserum

231 2117 322 2172 est,
347 2112 591 2162 occidere.
670 2106 926 2163 Solatium
948 2112 1187 2177 proximi
1216 2116 1384 2162 motus
1408 2109 1717 2161 habebamus
1744 2110 1830 2160 in-

232 2192 497 2239 cruentam
516 2186 707 2247 urbcm,
738 2192 785 2237 et
805 2200 888 2237 res
905 2187 953 2237 si
956 2200 1016 2237 ne
1034 2186 1300 2237 discordia
1321 2184 1622 2238 translatas.
1702 2182 1830 2235 Pro-

232 2264 397 2313 visum
434 2262 707 2327 adoptione
742 2261 1030 2322 videbatur,
1071 2267 1127 2313 ut
1157 2274 1220 2312 ne
1241 2266 1360 2329 post
1382 2256 1602 2313 Galbam
1626 2260 1830 2326 quidem

230 2337 359 2388 bello
380 2336 523 2389 locu-s
540 2342 683 2388 essct.

341 2412 425 2463 30.
468 2409 617 2464 Nihil
653 2411 911 2478 arroyabo
949 2411 1077 2463 mihi
1113 2410 1400 2464 nobilitatis
1425 2416 1519 2462 aut
1537 2411 1826 2464 modestiae.

231 2484 408 2553 Neque
446 2489 579 2539 enim
617 2488 788 2540 relatu
825 2489 1078 2539 virtutum
1113 2489 1169 2539 in
1203 2487 1586 2553 comparatione
1617 2482 1830 2538 Othonis

228 2576 357 2629 opus
380 2569 469 2614 est.
544 2560 697 2624 Vitia,
722 2562 909 2629 quibus
923 2561 1050 2613 solis
1067 2561 1345 2629 qloriatur,
1372 2567 1598 2613 evertere
1617 2563 1829 2628 imperi-

227 2652 331 2698 um,
362 2640 519 2689 etiam
548 2652 663 2690 cum
690 2639 917 2689 amicum
941 2638 1274 2703 imperatoris
1299 2642 1492 2703 ayeret.
1568 2634 1828 2689 Habitune

227 2718 276 2763 ct
296 2713 514 2774 incessu,
544 2728 615 2765 an
638 2713 731 2765 illo
750 2712 992 2765 muliebri
1010 2718 1201 2765 ornatu
1217 2717 1501 2764 mercretur
1519 2708 1828 2778 imperium?

228 2784 533 2849 Falluntur,
566 2790 751 2855 quibus
788 2789 1011 2842 luxuria
1045 2790 1213 2856 specie
1248 2787 1582 2917 libeBralitatis
1608 2790 1823 2857 inponit..
