2081 3038
327 168 425 217 3ยน4
792 168 890 211 DE
931 167 1444 217 ORATORIBUS

323 271 490 326 mitus
529 267 878 325 salutantium
906 285 1005 323 nec
1029 268 1288 325 anhelans
1306 268 1535 325 libertus
1555 270 1775 327 excitet:
1820 290 1943 337 nec,

323 346 558 400 incertus
581 342 770 411 futuri,
792 350 1171 400 testamentum
1190 362 1287 417 pro
1305 344 1530 419 pignore
1548 346 1819 413 scribam:
1845 365 1947 402 nec

321 420 449 492 plus
469 419 716 487 habeam,
741 437 905 493 quam
925 420 1071 493 quod
1089 421 1315 492 possim,
1343 421 1431 477 cui
1454 419 1635 489 velim,
1662 420 1946 495 relinque-

325 513 400 560 re,
425 495 877 567 quandocumque
903 494 1075 551 fatalis
1099 503 1149 550 et
1170 512 1324 551 meus
1343 496 1459 551 dies
1478 497 1677 551 veniet.
1761 497 1945 553 Statu-

325 587 492 643 arque
512 569 740 637 tumulo,
753 587 859 626 non
881 579 1116 627 moestus
1136 578 1188 627 et
1204 579 1375 639 atrox,
1388 570 1484 627 sed
1502 569 1693 639 hilaris
1715 580 1771 627 et
1790 590 1946 629 coro-

325 654 510 703 natus:
555 654 604 701 et
639 663 738 719 pro
774 647 1030 703 memoria
1070 646 1178 702 mei
1217 664 1315 703 nec
1341 644 1583 703 consulat
1611 648 1939 723 quisquam,

325 740 424 788 nec
447 730 612 797 roget.

438 800 526 873 24,
562 804 800 873 Vixdum
831 804 1037 871 finierat
1064 804 1356 873 Maternus,
1388 806 1680 873 concitatus
1708 814 1763 863 et
1790 805 1942 865 velut

326 884 630 947 instinctu&
665 898 790 937 cum
811 880 1105 952 Vipstanus
1124 879 1351 943 Messala
1370 880 1685 951 cubiculum
1706 883 1831 944 eius
1854 884 1940 941 in-

325 975 544 1035 gressus
573 964 672 1024 est,
701 957 1117 1029 suspicatusque
1145 973 1212 1010 ex
1239 956 1358 1027 ipsa
1376 956 1669 1027 intentione
1688 958 1939 1033 singulo-

325 1051 468 1100 rum,
511 1032 750 1087 altiorem
778 1032 917 1087 inter
945 1048 1034 1087 eos
1060 1048 1177 1092 esse
1196 1048 1527 1100 sermonem:
1568 1032 1717 1097 Num
1736 1051 1934 1109 parum

325 1108 694 1180 tempestivus,
723 1105 922 1186 inquit,
961 1106 1245 1173 interveni,
1288 1114 1551 1176 secretum
1571 1108 1867 1177 consilium
1886 1118 1937 1165 et

325 1199 543 1238 caussae
563 1180 793 1247 alicuius
813 1180 1209 1240 meditationem
1228 1182 1607 1250 tractantibus?

431 1291 674 1357 Minime,
697 1290 941 1358 minime,
963 1290 1147 1364 inquit
1164 1290 1462 1358 Secundus,
1486 1299 1647 1365 atque
1664 1292 1801 1349 adeo
1820 1295 1937 1349 vel-

324 1367 430 1422 lem
450 1366 716 1433 maturius
735 1367 1135 1423 inter-venisses.
1159 1366 1477 1423 Delectasset
1493 1368 1638 1423 enim
1661 1376 1713 1423 te
1730 1376 1787 1425 et
1802 1368 1936 1442 Apri

325 1442 490 1499 nostri
518 1442 959 1499 adcuratissimus
984 1460 1180 1509 sermo,
1203 1460 1329 1498 cum
1350 1444 1669 1509 Maternum,
1693 1452 1757 1499 ut
1772 1462 1937 1501 omne

322 1521 604 1594 ingenium
642 1537 704 1576 ao
741 1518 984 1575 studium
1008 1536 1173 1575 suum
1202 1518 1271 1574 ad
1296 1537 1515 1575 caussas
1542 1517 1781 1594 agendas
1808 1540 1935 1578 con-

324 1602 565 1659 verteret,
589 1595 896 1650 exhortatus
914 1601 1013 1660 est,
1031 1602 1084 1649 et
1102 1595 1325 1650 Materni
1344 1611 1441 1667 pro
1458 1596 1796 1652 carminibus
1816 1600 1933 1653 suis

323 1669 474 1736 laeta,
492 1677 659 1742 utque
679 1677 859 1743 poetas
878 1669 1091 1726 defendi
1112 1668 1347 1737 decebat,
1370 1669 1665 1737 audentior,
1680 1679 1731 1726 et
1752 1682 1935 1744 poeta-

321 1762 444 1800 rum
464 1761 631 1817 quam
651 1753 918 1802 oratorum
935 1744 1185 1811 similior,
1206 1747 1392 1801 oratio.

431 1855 517 1910 Me
536 1873 682 1923 vero,
705 1855 902 1928 inquit,
923 1861 975 1910 et
993 1872 1171 1912 sermo
1190 1855 1307 1928 ipse
1326 1855 1532 1912 infinita
1542 1855 1818 1930 voluptate
1838 1860 1931 1922 ad-

323 1929 550 2000 fecisset,
573 1939 734 2004 atque
757 1931 813 1996 id
838 1932 1022 2004 ipsum
1044 1929 1283 1998 delectat,
1304 1932 1451 2005 quod
1471 1950 1587 2000 vos,
1610 1933 1717 1999 viri
1736 1935 1925 2011 optimi

322 2015 372 2061 et
401 2014 698 2079 temporum
731 2013 1034 2064 nostrorum
1058 2014 1309 2074 oratores,
1352 2025 1458 2064 non
1484 2005 1791 2078 forensibus
1814 2018 1926 2076 tan-

322 2090 436 2142 tum
466 2083 690 2156 negotiis
719 2088 769 2136 et
796 2080 1167 2140 declamatorio
1196 2082 1373 2148 studio
1399 2084 1612 2158 ingenia
1636 2092 1815 2156 vestra
1835 2103 1925 2145 ex-

321 2158 528 2226 ercetis,
554 2156 668 2216 sed
705 2157 970 2213 eiusmodi
1005 2160 1166 2224 etiam
1197 2158 1579 2230 disputationes
1614 2158 1921 2228 adsumitiS,

321 2249 458 2306 quae
479 2242 530 2287 et
553 2232 833 2308 ingenium
853 2233 1022 2300 alunt,
1052 2240 1103 2289 et
1120 2233 1432 2296 eruditionis
1452 2242 1503 2289 et
1522 2233 1819 2295 litterarum
1843 2236 1924 2292 iu-

320 2307 716 2376 cundissimum
742 2306 1185 2366 oblectamentum
1218 2326 1344 2365 cum
1374 2309 1545 2374 vobiS,
1577 2311 1676 2382 qui
1702 2309 1798 2375 illa
1816 2312 1925 2378 dis-

318 2384 537 2454 putatis,
561 2382 822 2450 adferunt,
845 2391 964 2440 tum
984 2385 1145 2444 etiam
1163 2383 1270 2450 his,
1285 2383 1353 2441 ad
1370 2401 1606 2458 quorum
1625 2403 1787 2444 aures
1806 2405 1922 2459 per-

319 2457 579 2512 venerint.
659 2458 842 2530 Itaque
868 2459 1093 2516 Hercule
1117 2476 1224 2516 non
1254 2459 1437 2515 minus
1455 2459 1670 2532 probari
1688 2461 1850 2526 video
1866 2465 1921 2520 in

321 2538 387 2595 te,
429 2529 688 2599 Secunde,
731 2532 896 2605 quod,
937 2532 1062 2597 Iulii
1090 2533 1311 2591 Asiatici
1339 2535 1504 2592 vitam
1532 2538 1918 2612 componendo,

317 2619 468 2671 spem
507 2603 820 2667 hominibus
859 2608 1030 2666 fecisti
1108 2606 1312 2674 lurium
1338 2610 1602 2678 eiusmodi
1635 2610 1917 2684 librorum.

317 2691 478 2744 quam
501 2677 558 2732 in
587 2679 750 2751 Apro,
780 2683 927 2756 quod
945 2702 1053 2754 not}
1093 2701 1187 2750 um
1212 2702 1241 2742 a
1265 2683 1595 2756 scholasticis
1619 2695 1921 2759 controver-
