2081 3038
123 220 132 229 ·
237 193 481 269 men.)
645 202 804 247 ms.
845 200 938 249 lv.
980 202 1157 248 cAP.
1197 203 1441 249 44-46.
1743 194 1839 249 499

239 320 346 359 nus
382 304 640 375 pravitate
677 318 890 357 morum
919 300 1109 357 multis
1138 303 1415 358 exitiosus.
1493 302 1667 358 Ambo
1687 306 1842 379 gravi

239 385 458 433 senatus
483 377 723 433 consulto
747 376 983 431 damnati
1011 377 1285 451 pulsique,
1318 377 1570 449 quamvis
1594 392 1842 435 concesso

238 452 362 508 aliis
381 452 574 519 reditu,
599 453 656 507 in
676 451 859 507 eadem
879 470 1049 524 poena
1070 452 1257 507 retenti
1276 461 1421 507 sunt.
1501 454 1609 507 Nec
1626 454 1747 510 ideo
1766 454 1843 512 le-

239 528 351 583 nita
371 544 493 601 erga
515 529 823 584 Mucianum
845 527 1068 583 invidia.
1146 524 1361 600 Quippe
1386 526 1641 583 Sosianus
1666 546 1727 585 ae
1746 528 1842 585 Sa·-

237 604 368 676 gitta
399 602 554 669 viles,
583 604 743 658 etiam
773 604 820 657 si
841 611 1253 658 revenerentur:
1298 602 1670 658 adcusatorum
1691 606 1843 677 inge-

238 680 328 734 nia
366 685 419 733 et
454 695 582 751 opes
617 686 670 734 et
703 679 930 734 exercite
973 678 1133 734 malis
1174 678 1379 735 artibus
1418 678 1648 751 potentia
1687 680 1841 735 time-

235 752 450 809 bantur.

349 832 434 885 45.
476 828 853 885 Reconciliavit
878 828 1175 903 pauilisper
1206 829 1383 885 studia
1411 836 1624 901 patrum
1660 827 1841 885 habita

237 905 297 959 in
317 912 504 960 senatu
522 904 751 980 cognitio
769 904 1068 962 secundum
1089 914 1321 962 veterem
1344 922 1566 962 morem.
1608 904 1842 960 Manlius

235 980 526 1047 Patruitus,
549 989 777 1047 senator,
796 984 1065 1050 pulsatum
1086 998 1143 1037 ae
1158 986 1217 1035 ἐπ
1238 984 1443 1037 coionia
1462 980 1679 1037 Senensi
1694 991 1843 1036 coetu

235 1060 585 1113 multitudinis
610 1066 659 1112 et
686 1061 833 1113 iussu
852 1062 1254 1128 maqistratuum
1273 1056 1625 1130 querebatur:
1666 1074 1759 1112 neo
1776 1059 1842 1127 fi-

234 1148 349 1187 nem
367 1136 598 1188 iniuriae
615 1135 700 1187 hae
715 1138 943 1205 stetisse.-
975 1136 1251 1203 planetum
1273 1142 1323 1188 et
1344 1136 1570 1189 lamenta
1588 1140 1639 1187 et
1655 1150 1843 1201 supre-

233 1224 437 1263 morum
460 1212 738 1279 imayinem
757 1212 1025 1277 praesenti
1039 1212 1146 1265 stbi
1170 1213 1496 1265 circumdata
1522 1226 1639 1264 cum
1658 1218 1841 1264 eontu-

233 1286 402 1339 meliis
421 1292 470 1337 et
483 1286 710 1351 probris,
729 1300 864 1352 quae
881 1288 939 1337 ἐπ
954 1294 1191 1339 senatum
1208 1289 1507 1339 universum
1527 1289 1839 1339 iacerentur.

235 1358 435 1421 Vocati,
509 1357 565 1411 ui
595 1357 953 1431 arguebantur
967 1378 982 1391 ·
1022 1366 1094 1423 et,
1126 1358 1335 1430 cognita
1364 1374 1545 1422 causa,
1578 1358 1633 1411 in
1654 1359 1839 1415 convi-

235 1440 346 1487 ctos
382 1432 476 1486 vin
519 1432 732 1486 'catum.
813 1430 1183 1503 Additamque
1206 1428 1306 1486 SC.
1325 1473 1339 1497 ,
1380 1448 1491 1504 quo
1518 1430 1839 1488 Senensium

235 1505 420 1578 plebes
446 1504 734 1562 modestiae
760 1504 1149 1562 admoneretur.
1228 1505 1423 1562 Iisdem
1457 1506 1649 1562 diebus
1676 1506 1841 1564 Anto-

236 1582 363 1635 nius
383 1580 625 1636 Flamma
645 1581 1047 1656 Cyrenensibus
1075 1580 1359 1637 damnatur
1386 1580 1505 1656 lege
1521 1583 1860 1657 repetunda-2

237 1673 380 1722 rum,
404 1663 457 1711 et
475 1656 664 1712 exsilio
680 1656 750 1712 ob
769 1657 1067 1713 saevitiam.

349 1733 432 1786 46.
456 1732 597 1786 Inter
613 1749 752 1803 quae
771 1731 1018 1788 militaris
1037 1731 1227 1788 seditio
1244 1748 1409 1804 prope
1428 1734 1642 1789 exarsit.
1683 1735 1839 1790 Prae-

237 1805 495 1862 torianam
537 1806 783 1862 militiam
822 1808 1127 1879 repetebant
1158 1825 1190 1862 a
1216 1807 1429 1864 Vitellio
1466 1809 1699 1875 dimissi,
1741 1827 1840 1882 pro

167 1904 172 1908 ·
237 1881 566 1953 Vespasiano
593 1883 922 1956 congregati:
972 1892 1024 1939 et
1050 1883 1277 1938 inlectus
1305 1884 1363 1938 in
1393 1883 1615 1938 eandem
1636 1901 1786 1958 spem
1809 1901 1840 1939 e

237 1957 540 2030 legionibus
565 1956 723 2012 miles
751 1957 1014 2028 promissa
1039 1959 1301 2031 stipendia
1322 1957 1615 2032 flagitabat:
1659 1977 1726 2014 ne
1744 1960 1841 2016 Vi-

237 2032 439 2088 telliani
468 2032 689 2105 quidem
717 2033 836 2088 sine
855 2033 1026 2088 multa
1052 2034 1209 2089 mede
1226 2034 1356 2106 pelli
1375 2041 1631 2106 poterant.
1716 2032 1839 2110 [Sed

235 2111 478 2164 inmense
499 2109 727 2182 pecunia
745 2107 1038 2174 dicebatur,
1056 2126 1167 2182 qua
1182 2115 1326 2165 tanta
1346 2109 1432 2166 vis
1451 2109 1733 2166 hominum
1756 2128 1841 2165 re-

234 2184 450 2240 tinenda
469 2181 621 2258 erat]
700 2184 982 2258 Ingressus
999 2191 1170 2239 eastra
1186 2185 1489 2250 Mucianus,
1513 2199 1623 2256 quo
1644 2184 1838 2239 rectius

235 2259 498 2332 stipendia
527 2258 865 2334 singulorum
891 2267 1150 2332 spectaret
1164 2302 1178 2326 ‚
1216 2262 1337 2316 suis
1364 2277 1491 2316 cum
1529 2260 1838 2334 insignibus

236 2336 512 2408 armisque
548 2335 774 2390 victores
812 2335 1104 2401 constituit,
1145 2335 1369 2392 modieis
1396 2336 1537 2391 inter
1562 2351 1621 2390 se
1650 2335 1838 2406 spatiis

235 2411 508 2466 discretos.
573 2409 712 2465 Tum
734 2409 1023 2476 Vitelliani,
1046 2427 1185 2484 quos
1204 2411 1348 2484 apud
1364 2409 1596 2466 bovinas
1613 2411 1671 2466 in
1689 2410 1839 2466 dedi-

239 2486 436 2542 tionem
452 2493 694 2558 acceptos
716 2487 1155 2552 memoravimus,
1178 2487 1446 2559 ceterique
1464 2502 1560 2557 per
1580 2485 1771 2542 urbem
1789 2492 1839 2539 et

239 2561 362 2616 urbi
391 2561 568 2617 vicina
593 2561 886 2634 conquisiti
913 2560 1283 2634 producuntur
1309 2577 1475 2634 prope
1502 2561 1696 2617 intecto
1722 2577 1839 2616 eor-

235 2651 382 2709 pore.
440 2636 546 2692 Eos
565 2638 848 2694 Mucium
875 2635 1079 2704 diduci,
1102 2643 1155 2693 et
1174 2637 1554 2694 Germanicum
1572 2637 1841 2694 Britanni-

237 2727 474 2770 cumaue
497 2712 745 2782 militem,
781 2731 846 2770 ao
873 2713 923 2770 si
937 2714 1038 2788 qui
1059 2713 1289 2772 aliorum
1304 2713 1660 2783 exercituum,
1683 2729 1840 2780 sepa-
