2081 3038
305 200 402 254 304
865 193 1344 251 Α’ΝΝΑωυΜ
1626 198 1777 271 (nn.
1808 208 1911 251 812.

301 326 394 365 vos
433 310 694 376 supplicia
731 310 1025 375 penderent.
1104 305 1361 361 Redditur
1398 304 1575 361 ordini
1610 306 1674 361 L.
1716 306 1917 361 Varius

298 381 598 440 consularis
612 424 626 447 ‚
667 382 919 439 avaritiae
945 380 1267 437 criminibus
1294 380 1424 437 olim
1463 379 1764 452 perculsus.
1846 381 1919 435 Et

201 470 206 473 “
307 458 593 530 Pomponia
605 457 884 524 Graecina,
896 457 1133 531 insignis
1154 455 1372 522 femina,
1385 455 1611 522 Plautio,
1626 457 1724 528 qui
1742 474 1916 511 ovans

301 538 361 589 se'
379 534 447 588 de
465 533 756 589 Britanniis
773 532 982 599 retulit,
1013 539 1182 605 nupta
1196 573 1211 598 ‚
1240 547 1309 587 ac
1322 532 1721 603 superstitionis
1737 540 1917 587 exter-

301 626 402 665 nae
429 626 518 663 rea
534 650 547 674 ‚
578 609 758 664 mariti
787 608 988 664 iudicio
1011 608 1295 681 permissa,
1374 608 1537 680 isque
1560 608 1739 679 prisco
1756 608 1919 663 insti-

301 692 414 741 tuto
429 726 442 750 ‚
483 685 805 757 propinquis
843 701 1019 739 coram
1034 726 1048 748 ‚
1089 683 1159 739 *de
1190 684 1362 755 eapite
1388 681 1639 756 famaque
1664 683 1917 758 coniugis

301 761 551 835 cognovit
565 800 578 825 ‚
611 768 663 815 et
685 760 950 814 insontem
972 760 1260 815 nuntiavit.
1337 758 1519 833 [nuga
1536 756 1667 814 huic
1682 758 1919 832 Pompo-

303 838 424 892 niae
441 844 604 900 aetas,
627 842 679 889 et
697 835 947 890 continua
965 833 1179 889 tristitia
1199 832 1321 889 fuit.
1400 834 1539 889 Nam
1555 844 1677 907 post
1695 834 1913 901 Iuliam,

301 911 460 967 Drusi
481 910 668 975 filiam,
691 908 812 966 dolo
831 909 1170 965 Messallinae
1186 907 1537 976 interfectam,
1564 926 1661 982 per
1678 909 1916 983 quadra—

299 988 447 1062 ginta
468 1002 636 1041 annos
653 1026 666 1049 ‚
697 1001 802 1040 non
821 983 971 1040 cultu
986 1026 999 1050 ‚
1034 984 1142 1041 nisi
1162 984 1411 1059 lugubri,
1444 1002 1551 1041 non
1570 986 1778 1053 animo,
1802 986 1917 1042 nisi

303 1066 522 1127 maesto,
547 1061 672 1135 egit.
724 1059 896 1133 quue
911 1059 1014 1126 illi,
1038 1060 1381 1133 imperitante
1396 1058 1639 1127 Claudio,
1662 1062 1911 1133 impune,

301 1152 430 1193 mox
446 1134 514 1191 ad
566 1134 758 1191 loriam
779 1136 958 1191 verti-t.
1235 1177 1241 1184 .
1326 1156 1333 1163 ·

409 1214 494 1267 33.
711 1226 893 1267 annus
916 1210 1100 1283 piures
1126 1228 1246 1267 reos
1287 1210 1497 1269 habuit.
1572 1211 1816 1280 Quorum
1844 1214 1908 1269 P.

299 1286 558 1353 Celerem,
577 1294 860 1343 accusante
877 1284 1026 1353 Asia,
1048 1287 1181 1361 quia
1202 1285 1479 1343 absolvere
1504 1287 1761 1361 nequibat
1776 1288 1915 1345 Cae-

299 1381 390 1419 sar
401 1404 414 1429 ‚
439 1362 626 1429 traxit,
653 1369 867 1418 senecta
881 1362 1051 1419 donec
1066 1370 1293 1419 mortem
1311 1361 1499 1420 obiret.
1578 1364 1716 1419 Nam
1733 1363 1910 1432 Celer,

297 1437 571 1499 interfecto
585 1480 600 1505 ,
629 1446 692 1494 ut
707 1437 1030 1504 memoravi,
1062 1436 1245 1494 Silano
1262 1438 1606 1511 proconsule,
1636 1442 1915 1515 magnitu-

297 1515 424 1575 dine
463 1512 680 1572 sceleris
715 1523 883 1572 cetera
922 1512 1121 1590 flagitia
1154 1514 1486 1590 ohtegehatf
1530 1514 1911 1574 Cossutianum

300 1591 610 1664 Capitonem
629 1590 822 1646 Cilices
841 1589 1141 1647 detulerant
1158 1595 1479 1648 mawlanm
1501 1595 1829 1664 sonumque,
1862 1604 1915 1649 et

299 1672 434 1722 idem
453 1672 538 1722 ius
554 1669 814 1722 audaciae
833 1671 889 1721 in
899 1671 1183 1735 provincia
1198 1675 1401 1732 ratum,
1430 1671 1568 1738 qimd
1584 1673 1643 1724 in
1659 1672 1787 1725 urbo
1810 1687 1913 1726 sa>-

298 1751 558 1798 ercuemt.
633 1739 740 1796 Sed
761 1741 1028 1813 pervicaci
1056 1743 1391 1810 accusatione
1417 1741 1775 1811 milianum,
1810 1761 1913 1818 po-

297 1825 498 1873 stremo
521 1813 890 1872 defensionem
915 1817 1131 1885 omisit,
1163 1835 1226 1874 ac
1242 1816 1361 1894 lege
1374 1817 1795 1892 repetundarum
1812 1820 1913 1876 da-

191 1947 196 1953 .
301 1899 519 1949 innatus
535 1899 634 1948 est.
703 1892 804 1948 Pro
820 1891 986 1964 Eprio
1000 1893 1272 1959 Marcello,
1294 1911 1324 1949 a
1344 1911 1455 1967 quo
1472 1894 1625 1968 Lycii
1643 1912 1731 1952 res
1755 1913 1913 1969 repe-

301 1969 504 2035 tebant,
539 1985 604 2025 eo
617 1985 800 2041 usque
815 1965 1055 2024 ambitus
1071 1967 1395 2040 praevaluit,
1424 1977 1485 2026 ut
1506 1969 1729 2044 quidam
1748 1988 1914 2028 accu-

299 2054 536 2102 satorum
573 2044 696 2100 eius
730 2042 924 2100 exsilio
959 2043 1314 2100 multarentur
1327 2087 1342 2112 ‚
1402 2053 1669 2116 tamquam
1712 2051 1913 2104 insama·

295 2123 588 2190 periculum
603 2123 858 2190 fecissent.
949 2157 954 2168 .

407 2197 494 2251 34.
523 2195 732 2249 Nerone
749 2194 968 2250 tertium
987 2193 1227 2261 consula,
1238 2193 1408 2251 simul
1426 2196 1553 2264 iniit
1566 2195 1910 2257 consulatum

301 2270 544 2328 Valerius
562 2267 832 2335 Messalla,
843 2270 1007 2325 cuius
1024 2278 1575 2342 proavum,oratorem
1587 2271 1909 2344 Corvinum,

297 2348 352 2403 d.
377 2345 621 2422 Augusto
631 2385 646 2411 ,
667 2344 838 2401 abavo
855 2345 1081 2402 Neronis
1097 2385 1116 2411 ,.
1136 2345 1414 2422 conlegam
1432 2349 1493 2404 in
1510 2366 1573 2405 eo
1590 2349 1912 2424 magistratu

299 2423 470 2480 fuisse
481 2463 496 2488 ‚
528 2422 688 2494 pauci
713 2421 822 2476 iam
852 2434 1049 2476 senum
1067 2423 1439 2480 meminerant.
1514 2423 1621 2482 Sed
1638 2424 1807 2482 nobili
1829 2425 1914 2484 fa·-

299 2499 482 2555 miliae
500 2497 668 2555 honor
687 2505 878 2554 auctus
895 2505 995 2564 est,
1005 2496 1199 2553 oblatis
1214 2498 1277 2556 in
1294 2501 1726 2576 singulosannes
1740 2503 1914 2576 quiu-

297 2575 454 2648 genis
471 2575 750 2640 sestertiis,
763 2573 967 2646 quibus
985 2571 1235 2630 Messalla
1251 2585 1613 2649 paupertatem
1628 2580 1909 2636 innoxiam

297 2657 636 2710 sustentaret.
714 2648 932 2706 Aurelio
959 2665 1178 2722 quoque
1204 2650 1384 2710 Cottae
1420 2661 1473 2708 et
1499 2654 1707 2712 Haterio
1738 2655 1913 2714 Anto·
1934 2669 1961 2694 ⁵
2078 2655 2080 2696 ἲ

299 2723 428 2779 nino
455 2739 693 2782 annuam
713 2727 1005 2799 pecuniam
1016 2727 1201 2782 statuit
1217 2729 1469 2802 princeps
1482 2771 1496 2797 ,
1529 2733 1781 2804 quamvis
1809 2750 1913 2806 per
