2081 3038
462 180 561 226 DE
602 179 1027 226 GERMANIA.
1069 180 1226 225 cAP.
1269 180 1347 228 13.
1399 184 1482 228 14.
1675 176 1774 231 253

172 281 312 337 llaec
331 280 477 350 apud
494 280 614 334 illos
638 288 773 353 toga,
806 279 895 333 hic
915 281 1126 351 primus
1148 281 1396 335 iuventae
1419 282 1614 339 honos:
1657 294 1777 337 ante

173 356 274 422 hoc
302 355 496 410 domus
524 374 647 427 pars
669 352 938 420 videntur,
972 368 1098 409 mox
1119 355 1462 426 reipublicae.
1543 354 1778 433 Insignis

174 428 441 494 nobilitas,
471 434 561 485 aut
582 448 773 503 magna
791 436 1003 501 patrum
1029 428 1234 495 merita,
1267 431 1526 503 principis
1547 432 1778 507 dignati—

170 523 328 569 onem
357 507 513 559 etiam
544 506 950 560 adolescentulis
980 504 1293 579 adsignant:
1337 508 1491 561 ceteri
1517 509 1776 564 robustio-

171 582 325 635 ribus
345 598 405 635 ac
425 578 528 635 iam
552 582 759 653 pridem
780 581 1015 653 probatis
1038 580 1413 655 adgregantur.
1464 582 1572 636 Nec
1593 582 1774 649 rubor,

171 659 309 711 inter
330 659 547 711 comites
568 657 788 728 adspici.
840 656 1052 712 Gradus
1073 656 1207 729 quin
1231 658 1386 711 etiam
1411 666 1459 711 et
1479 658 1594 728 ipse
1615 661 1779 711 comi—

171 740 311 786 tatus
344 727 518 798 habet,
551 728 749 787 iudicio
775 733 911 797 eiUS,
944 750 1108 804 quem
1137 738 1432 787 sectantur:
1478 750 1780 806 magnaque

170 816 221 862 et
240 804 495 862 comitum
519 806 821 872 aemulatio,
854 808 1056 879 quibus
1085 809 1294 879 primus
1316 806 1457 879 apud
1477 809 1776 880 principem

170 900 334 938 suum
376 882 551 938 locus:
596 893 646 938 et
684 884 1013 955 principum,
1057 884 1143 937 cui
1193 882 1417 954 plurimi
1448 890 1498 938 et
1533 885 1778 938 acerrimi

170 958 409 1014 comites,
462 958 599 1013 Haec
618 958 871 1033 ‹lignitaS‚
897 958 997 1014 hae
1018 960 1184 1027 vires3
1220 977 1414 1033 magno
1440 978 1652 1031 semper
1673 958 1780 1013 ele-

168 1042 375 1089 ctorum
406 1034 663 1090 iuvenum
688 1034 846 1109 globo
876 1034 1215 1100 circumdari,
1260 1036 1316 1089 in
1345 1052 1472 1106 pace
1492 1032 1675 1102 decuS,
1721 1037 1776 1090 in

166 1110 310 1165 hello,
325 1110 673 1181 praesidium.
743 1108 851 1165 Nec
870 1110 1046 1166 solum
1067 1112 1121 1165 in
1149 1123 1245 1165 sua
1265 1116 1423 1185 gente
1443 1114 1658 1185 cuique,
1683 1110 1778 1165 sed

167 1182 311 1257 apud
333 1186 586 1241 finitimas
607 1204 825 1259 quoque
846 1184 1084 1242 civitates
1107 1182 1160 1241 id
1182 1200 1396 1253 nomen,
1411 1205 1470 1242 ea
1487 1188 1654 1262 gloria
1676 1197 1772 1253 est,

167 1264 214 1315 si
249 1280 470 1318 numero
500 1280 560 1317 ae
580 1263 777 1317 virtute
804 1263 1085 1317 comitatus
1111 1263 1360 1317 emineat.
1439 1264 1778 1335 Expetuntur

168 1335 315 1390 enim
340 1336 711 1410 legationibus,
747 1344 797 1391 et
818 1336 1138 1391 muneribus
1159 1345 1435 1403 ornantur,
1459 1342 1642 1411 etipsa
1665 1338 1779 1410 plc—

169 1429 403 1481 rumque
426 1410 561 1465 fama
581 1411 717 1465 bella
740 1410 1039 1484 profligant.

284 1489 368 1540 44..
410 1485 547 1542 Cum
568 1493 789 1542 ventum
811 1487 868 1542 in
891 1486 1081 1551 aciem,
1124 1490 1280 1558 turpe
1299 1484 1554 1559 principi,
1585 1488 1780 1544 virtute

174 1562 336 1626 vinci,
363 1569 515 1633 turpe
536 1555 827 1627 comitatui,
842 1562 1095 1616 virtu-tem
1119 1561 1376 1634 principis
1395 1580 1500 1618 non
1516 1563 1782 1636 adaequa-

171 1655 245 1692 re.
329 1637 439 1690 Iam
468 1655 593 1693 vero
622 1637 821 1692 infame
852 1635 907 1692 in
936 1653 1151 1693 omnem
1174 1637 1337 1693 vitam
1359 1655 1420 1692 ac
1436 1637 1774 1712 probrosum,

170 1713 513 1784 superstitem
533 1713 767 1785 principi
788 1731 886 1769 suo
906 1731 973 1768 ex
992 1713 1105 1768 acie
1127 1713 1430 1767 recessisse.
1506 1715 1665 1770 Illum
1686 1715 1779 1771 de-

170 1787 405 1853 fendere,
440 1789 595 1853 tueri,
629 1806 727 1843 sua
757 1806 974 1862 quoque
992 1783 1145 1844 fortia
1172 1781 1303 1843 facta
1329 1789 1528 1864 gloriae
1550 1791 1665 1845 cius
1686 1791 1780 1845 ad·-

170 1866 405 1937 signare,
429 1864 779 1935 praecipuum
802 1862 1198 1920 sacramentum
1217 1872 1314 1919 est.
1392 1863 1664 1938 Principes
1683 1885 1778 1938 pro

170 1939 390 1996 victoria
410 1945 685 2012 pugnant,
726 1942 943 1996 comites
961 1958 1060 2012 pro
1080 1940 1344 2013 principe,
1413 1937 1470 1995 Si
1491 1941 1698 2006 civitaS,
1724 1942 1777 1996 in

169 2033 279 2088 qua
300 2016 399 2069 orti
420 2022 567 2080 sunt,
597 2013 753 2088 longa
773 2033 903 2088 pace
924 2023 973 2070 et
993 2017 1099 2072 otio
1115 2024 1334 2088 torpeat,
1359 2015 1603 2089 plerique
1627 2017 1778 2072 nobi-

168 2092 307 2147 lium
347 2089 763 2146 adolescentium
800 2097 989 2163 petunt
1028 2091 1168 2147 ultro
1207 2111 1294 2147 eas
1335 2093 1594 2158 nationeS,
1640 2111 1780 2165 quae

166 2175 284 2222 tum
306 2165 508 2221 bellum
530 2165 749 2240 aliquod
766 2177 979 2241 gerunt,
994 2167 1123 2240 quia
1145 2176 1194 2222 et
1214 2168 1417 2242 ingrata
1435 2165 1580 2244 genti
1600 2169 1774 2241 quieS,

167 2251 219 2299 et
239 2241 450 2298 facilius
470 2243 608 2298 inter
628 2242 877 2316 ancipitia
898 2243 1212 2309 clarescunt,
1227 2261 1596 2319 magnumque
1614 2246 1780 2301 comi-

168 2327 337 2374 tatum
360 2319 576 2373 nonnisi
600 2319 654 2374 vi
671 2318 919 2392 belloque
944 2328 1138 2374 tueare.
1201 2317 1442 2393 Exigunt
1463 2321 1606 2375 enim
1627 2321 1781 2392 prin-

168 2397 307 2466 cipis
346 2394 433 2450 sui
468 2392 781 2449 liberalitate
818 2393 975 2450 illum
1016 2394 1320 2450 bellatorem
1361 2413 1585 2468 equum,
1630 2396 1776 2452 illam

170 2477 445 2525 cruentam
497 2470 876 2543 victricemque
922 2469 1200 2526 frameam.
1280 2471 1418 2526 Nam
1469 2469 1658 2542 epulae
1705 2481 1774 2538 et,

168 2563 504 2618 quamquam
526 2545 804 2618 incompti,
819 2545 953 2620 largi
974 2553 1150 2602 tamen
1172 2546 1456 2618 adparatus
1471 2548 1772 2620 prostipen·

168 2622 258 2676 dio
280 2621 491 2676 cedunt.
574 2623 788 2680 Materia
814 2621 1212 2679 munificentiae
1228 2639 1324 2694 per
1343 2617 1485 2677 bella
1501 2631 1552 2678 et
1570 2632 1776 2697 raptus·

168 2699 281 2752 Nec
300 2715 446 2766 arare
468 2705 661 2755 terram
681 2708 773 2757 aut
792 2707 1098 2776 exspectare
1115 2715 1342 2768 annum,
1356 2707 1463 2756 tam
1487 2693 1638 2758 facile
1655 2717 1778 2776 per-
