2081 3038
638 211 1049 259 DIALOGUS.
1100 211 1257 259 CAP.
1299 211 1353 258 4.
1395 212 1442 258 5.
1751 207 1850 261 305

242 309 583 369 suetudinem
615 314 876 370 vertisset.
955 313 1093 369 Nam
1134 330 1231 367 nec
1260 320 1316 369 tu
1346 314 1545 388 agitare
1563 321 1616 369 et
1634 315 1851 387 insequi

239 394 421 461 poetas
451 387 779 454 intermittis,
821 396 873 443 et
899 405 1018 462 ego,
1057 389 1146 443 cui
1164 386 1424 445 desidiam
1446 388 1851 446 advocationum

241 462 451 529 obiicis,
481 462 857 535 quotidianum
883 463 986 519 hoc
1001 462 1739 536 patrocinium-defendendae
1758 465 1853 520 ad-

241 554 433 593 versus
454 544 504 593 te
523 539 758 610 poeticae
777 556 1013 595 exerceo.
1076 537 1194 605 Quo
1216 538 1376 593 laetor
1396 541 1591 613 magiS,
1612 540 1851 595 oblatum

243 613 398 669 nobis
425 612 682 680 iudicem,
714 615 812 687 qui
842 631 930 670 me
947 613 1033 670 vel
1061 614 1119 668 in
1141 612 1385 669 futurum
1408 623 1545 669 vetet
1564 632 1754 670 versus
1776 615 1854 671 fa-

242 704 378 753 cere,
406 686 508 753 vel,
530 688 805 761 quodiam
825 680 1033 761 pridem
1053 697 1194 761 opto,
1216 706 1314 744 sua
1336 706 1555 762 quoque
1572 692 1855 765 auctorita·

241 772 294 818 te
312 762 612 835 compellat,
627 772 707 830 ut,
720 765 938 820 omissis
959 763 1254 820 sorensium
1273 782 1589 824 caussarum
1611 767 1856 841 angusti-

243 840 310 904 iS‚
335 840 391 893 in
413 838 617 911 quibus
636 840 764 895 satis
786 840 922 895 mihi
944 856 1219 913 superque
1238 840 1493 896 sudatum
1512 850 1611 907 est,
1625 843 1853 897 sanctio-
1892 898 1897 905 ,

243 931 356 969 rem
377 914 536 969 istam
557 922 608 969 et
625 915 988 990 augustiorem
1014 914 1373 989 eloquentiam
1393 916 1586 973 colam.

352 992 404 1044 5.
445 988 561 1064 Ego
582 1008 726 1057 vero,
757 992 937 1064 iuquit
957 989 1257 1057 SecunduS,
1290 1001 1578 1066 antequam
1601 1008 1688 1047 me
1710 990 1854 1047 iudi-

241 1082 358 1120 cem
379 1064 523 1137 Aper
543 1074 770 1132 recuset,
803 1065 1016 1132 faciam,
1049 1067 1196 1139 quod
1215 1066 1369 1139 probi
1391 1076 1443 1124 et
1462 1068 1686 1124 modesti
1708 1067 1855 1123 iudi-

239 1158 328 1197 ces
349 1140 538 1203 solent.
565 1149 623 1197 ut
652 1142 710 1197 in
730 1141 818 1197 his
979 1141 1239 1199 itionibus
1266 1160 1327 1199 se
1345 1151 1621 1210 excusent,
1646 1144 1705 1199 in
1726 1143 1853 1215 qui-

239 1216 345 1273 bus
381 1216 728 1273 manifestum
759 1225 839 1273 est
875 1236 905 1272 a
929 1226 1093 1273 teram
1131 1217 1278 1291 apud
1314 1235 1404 1274 eos
1441 1227 1646 1291 partem
1682 1220 1853 1293 gratia

239 1291 563 1365 praevalere.
638 1291 774 1359 Quis
793 1294 937 1348 enim
964 1294 1152 1357 nescit,
1174 1293 1449 1349 neminem
1469 1294 1607 1349 mihi
1627 1296 1855 1349 coniun-

241 1368 458 1423 ctiorem
479 1384 596 1422 esse
616 1375 668 1422 et
686 1384 795 1423 usu
813 1368 1081 1423 amicitiae
1100 1375 1149 1422 et
1167 1367 1484 1423 adsiduitate
1493 1368 1851 1434 contubernii,

241 1460 409 1516 quam
429 1440 666 1499 Saleium
686 1442 935 1507 Bassum,
956 1459 1083 1497 cum
1103 1441 1367 1513 optimum
1389 1444 1593 1507 virum,
1622 1451 1739 1498 tum
1760 1444 1857 1498 ab·

243 1516 639 1576 solutissimum
658 1515 905 1590 poetam?
941 1517 1121 1583 Porro,
1138 1517 1185 1572 si
1206 1517 1408 1590 poetica
1426 1517 1855 1586 adcusatur,non
1909 1581 1914 1588 ,

177 1613 184 1620 ·
243 1593 412 1649 alium
432 1593 590 1649 video
608 1610 762 1649 reum
790 1591 1209 1666 locupletiorem.

351 1667 690 1736 Securussit,
721 1669 902 1743 inquit
919 1668 1083 1742 Aper.
1116 1676 1167 1724 et
1184 1657 1393 1724 Saleius
1410 1668 1611 1725 Bassus
1632 1677 1683 1724 et
1701 1669 1857 1742 quis-

242 1745 370 1818 quis
389 1743 530 1800 alius
549 1743 792 1800 studium
811 1745 1045 1818 poeticae
1066 1753 1117 1800 et
1136 1746 1438 1800 carminum
1454 1745 1678 1820 gloriam
1693 1744 1851 1811 fovet,

243 1838 369 1876 cum
407 1837 627 1875 caussas
657 1837 813 1893 agere
841 1839 947 1877 non
973 1821 1163 1894 possit,
1241 1819 1358 1895 Ego
1378 1821 1545 1886 enim,
1587 1829 1855 1896 quatenus

243 1896 506 1951 arbitrum
538 1895 647 1950 litis
675 1896 842 1952 huius
871 1897 1077 1963 inveni,
1106 1913 1213 1953 non
1234 1897 1425 1970 patiar,
1446 1897 1747 1951 Maternum
1768 1913 1855 1951 so-

241 1973 427 2027 cietate
463 1970 706 2044 plurium
745 1971 986 2030 defendi:
1037 1971 1135 2028 sed
1163 1973 1347 2045 ipsum
1376 1970 1552 2030 solum
1585 1970 1729 2043 apud
1760 1987 1855 2027 vos

241 2064 486 2120 arguam,
511 2047 658 2120 quod
677 2056 834 2104 natus
855 2048 924 2103 ad
943 2047 1303 2122 eloquentiam
1323 2047 1537 2104 virilem
1564 2055 1616 2102 et
1634 2047 1855 2102 oratori-

241 2141 350 2190 am,
375 2140 484 2196 qua
504 2140 690 2195 parere
710 2122 876 2180 simul
899 2131 951 2179 et
976 2124 1114 2179 tueri
1136 2124 1419 2189 amicitias,
1442 2121 1739 2178 adsciscere
1760 2139 1855 2179 na-

241 2199 432 2264 tiones,
475 2199 754 2271 complecti
774 2199 1098 2272 provincias,
1133 2207 1331 2270 posset,
1373 2200 1568 2254 omittit
1588 2197 1853 2263 studium,

242 2291 352 2346 quo
378 2291 486 2328 non
514 2273 664 2328 aliud
691 2275 748 2329 in
777 2274 988 2331 civitate
1016 2281 1194 2330 nostra
1213 2273 1300 2329 vel
1330 2273 1398 2328 ad
1426 2273 1708 2332 utilitatem
1743 2271 1858 2327 fru-

242 2349 504 2416 ctuosius,
548 2347 628 2404 vel
659 2347 727 2404 ad
761 2349 1075 2424 dignitatem
1104 2348 1359 2420 ampliuS,
1404 2347 1487 2405 vel
1516 2348 1584 2403 ad
1606 2347 1757 2403 urbis
1779 2345 1857 2401 fa-

242 2425 388 2479 mam
426 2423 732 2496 pulchrius,
779 2425 859 2482 vel
886 2425 957 2482 ad
985 2426 1147 2481 totius
1175 2423 1393 2496 imperii
1420 2433 1582 2496 atque
1608 2422 1854 2479 omnium

242 2501 486 2572 gentium
507 2499 750 2555 notitiam
769 2499 1057 2558 inlustrius
1077 2499 1365 2574 excogitari
1384 2507 1574 2570 potest.
1623 2499 1782 2562 Nam,
1806 2497 1855 2552 si

243 2575 313 2629 ad
340 2575 620 2630 utilitatem
654 2575 792 2632 vitae
818 2578 999 2632 omnia
1024 2574 1249 2632 consilia
1267 2574 1508 2648 factaque
1526 2583 1703 2630 nostra
1722 2573 1856 2628 diri-

243 2649 417 2724 genda
437 2658 582 2717 sunt,
605 2651 742 2725 quid
758 2661 840 2708 est
860 2653 1051 2718 tutius,
1076 2668 1243 2725 quam
1264 2668 1383 2706 eam
1404 2667 1646 2706 exercere
1664 2659 1851 2715 artem,

244 2743 368 2855 qu}
377 2736 845 2859 sempeiilarmatus
863 2726 1198 2806 praesidium
1217 2727 1439 2859 amicis131
1462 2744 1620 2802 opem
1640 2725 1851 2792 alienis.

370 2819 536 2860 Aenos
627 2845 640 2860 .
