2081 3038
606 236 1221 297 D1ALOGUS.,0AP.
1264 238 1346 282 41.
1387 237 1469 284 42.
1527 229 1532 237 “
1741 232 1830 284 34⁴

236 339 305 395 do
331 344 508 393 tamen
539 337 827 391 minimum
864 354 999 391 usus
1028 328 1428 408 minimumque
1455 337 1720 408 profectus
1754 357 1841 395 ars

238 412 499 468 medentis
528 412 687 467 habet
714 412 771 465 in
799 411 886 466 his
913 411 1184 485 gentibus,
1209 428 1347 482 quae
1366 411 1676 468 firmissima
1697 413 1843 469 vale-

240 488 424 544 tudine
442 505 504 542 ac
530 486 899 543 saluberrimis
927 485 1238 557 corporibus
1269 494 1516 543 utuntur:
1561 489 1640 543 sic
1667 490 1842 544 minor

238 571 504 621 oratorum
533 562 916 635 obscuriorque
944 562 1112 636 gloria
1134 570 1214 615 est
1231 562 1370 616 inter
1389 562 1554 617 bonos
1575 580 1768 630 mores,
1794 574 1843 619 et

240 641 294 694 in
333 638 657 711 obsequium
696 638 927 711 regentis
945 646 1174 709 paratos
1255 635 1400 713 Quid
1427 637 1568 690 enim
1601 654 1736 709 opus
1766 647 1844 693 est

241 714 416 787 longis
453 715 510 767 in
548 720 735 767 senatu
774 713 1082 776 sententiiS,
1116 728 1240 765 cum
1272 712 1459 782 optimi
1489 712 1591 765 cito
1621 729 1844 767 consen-

242 788 407 843 tiant‘?
444 788 578 860 quid
598 787 782 842 multis
806 788 949 859 apud
967 784 1230 858 populum
1252 787 1617 852 concionibuS,
1633 804 1756 842 cum
1779 789 1844 841 de

241 863 515 935 republica
544 880 649 918 non
680 863 895 940 inperiti
924 870 973 917 et
1001 860 1158 917 multi
1179 861 1490 927 deliberent,
1515 862 1610 916 sed
1631 864 1844 934 sapien-

242 939 486 993 tissimus
531 946 582 993 et
618 936 801 993 unus?
856 938 990 1011 quid
1036 936 1351 992 voluntariis
1387 934 1840 1003 adcusationibuS,

241 1033 365 1070 cum
404 1022 511 1068 tam
541 1030 658 1069 raro
688 1021 740 1068 et
767 1020 875 1067 tam
894 1030 1054 1085 parce
1083 1010 1364 1083 peccetur?
1409 1012 1544 1085 quid
1564 1013 1846 1067 invidiosis

240 1098 291 1145 et
314 1088 693 1145 excedentibus
720 1088 939 1144 modum
966 1086 1389 1153 defensionibus,
1411 1104 1535 1143 cum
1567 1087 1844 1143 clementia

240 1165 605 1240 cognoscentis
623 1164 837 1221 obviam
855 1163 1278 1236 periclitantibus
1299 1162 1418 1219 eat?
1455 1162 1683 1230 Credite,
1706 1165 1846 1236 opti-

242 1243 337 1306 mi,
362 1242 488 1295 etin
507 1247 771 1314 quantum
789 1257 927 1311 opus
946 1247 1044 1305 est,
1068 1239 1410 1295 disertissiml
1436 1258 1557 1305 v1r1,
1581 1240 1628 1295 si
1649 1248 1740 1295 aut
1750 1258 1844 1295 vos

242 1316 512 1389 prioribus
549 1314 798 1379 saeculis,
842 1321 934 1367 aut
962 1314 1080 1379 isti,
1111 1332 1249 1386 quos
1280 1316 1569 1379 miramur,
1617 1316 1705 1371 his
1735 1315 1844 1370 nati

245 1397 439 1453 essent,
469 1406 530 1443 ac
554 1388 687 1443 deus
706 1387 907 1459 aliquis
933 1389 1072 1443 vitas
1092 1396 1294 1443 vestras
1319 1406 1381 1442 ac
1402 1396 1636 1459 tempora
1655 1408 1846 1461 repen-

245 1474 293 1522 te
323 1470 600 1529 mutasset,
624 1479 722 1519 nec
742 1462 895 1518 vobis
922 1480 1136 1517 summa
1157 1461 1248 1515 illa
1268 1461 1386 1517 laus
1407 1470 1457 1517 et
1473 1464 1640 1537 gloria
1662 1466 1718 1519 in
1741 1465 1848 1521 elo-

243 1541 481 1614 quentia,
512 1555 689 1612 neque
720 1538 830 1593 illis
859 1537 1055 1594 modus
1081 1545 1132 1592 et
1151 1546 1624 1610 temperamentum
1645 1538 1849 1595 defuis-

244 1626 342 1672 set.
421 1617 597 1680 Nunc,
643 1615 899 1687 quoniam
940 1631 1097 1669 nemo
1133 1613 1317 1670 eodem
1360 1622 1594 1686 tempore
1623 1616 1847 1690 adsequi

244 1698 414 1764 potest
440 1707 691 1764 magnam
724 1689 917 1744 famam
934 1697 1000 1744 ·et
1017 1706 1268 1764 magnam
1295 1692 1550 1762 quietem,
1575 1691 1713 1748 bono
1733 1710 1850 1747 sae-

244 1766 352 1822 culi
374 1767 459 1821 sui
482 1769 717 1838 quisque
738 1766 867 1820 citra
886 1765 1312 1823 obtrectationem
1335 1766 1550 1822 alterius
1572 1775 1769 1823 utatur.

358 1843 439 1896 4⁶2.
485 1842 719 1896 Finierat
736 1842 1025 1896 Maternus.
1069 1841 1205 1895 Tum
1230 1839 1480 1894 Messala:
1521 1841 1706 1908 Erant,
1723 1843 1849 1914 qui-

249 1919 350 1972 bus
378 1916 814 1984 contradicerem;
877 1924 1046 1980 erant,
1077 1915 1143 1970 de
1169 1915 1372 1987 quibus
1407 1914 1561 1987 plura
1597 1916 1706 1971 dici
1735 1915 1849 1972 vel-

248 1992 370 2058 lem,
402 1992 507 2046 nisi
534 1992 640 2044 iam
673 1991 787 2046 dies
818 1998 955 2046 esset
983 1998 1219 2045 exactus,
1300 1991 1432 2055 Fiet,
1456 1991 1635 2063 inquit
1657 1992 1849 2046 Mater-

247 2086 370 2133 nus,
412 2074 593 2138 postea
614 2064 868 2120 arbitratu
890 2073 1000 2130 tu0‚
1037 2066 1156 2120 etsi
1176 2082 1283 2137 qua
1305 2065 1400 2119 tibi
1421 2065 1645 2121 obscura
1670 2067 1728 2121 in
1749 2066 1850 2122 hoc

247 2159 364 2198 meo
384 2158 629 2197 sermone
648 2141 763 2196 visa
785 2148 930 2205 sunt,
954 2141 1019 2195 de
1038 2141 1130 2194 his
1147 2159 1336 2195 rursus
1357 2141 1710 2197 conferemus,
1773 2141 1850 2196 Ac

244 2217 411 2274 simul
443 2217 740 2289 adsurgens
769 2223 819 2270 et
838 2215 1046 2286 Aprum
1069 2215 1401 2287 complexus,
1425 2217 1558 2290 Ego,
1581 2217 1776 2290 inquit,
1799 2225 1851 2272 te

248 2294 435 2366 poetis,
457 2289 682 2346 Messala
704 2292 1022 2363 antiquariis
1045 2290 1473 2346 criminabimur.
1553 2290 1622 2346 At
1637 2309 1736 2366 ego
1755 2309 1850 2348 vos

248 2368 549 2424 rhetoribus
570 2373 621 2420 et
640 2364 990 2431 scholasticis,
1014 2365 1211 2438 inquit.

358 2442 497 2498 Cum
518 2441 851 2506 adrisissenm
874 2440 1245 2496 discessimus.
1265 2446 1275 2455 ‘

831 2691 1272 2722 ψ·
