2081 3038
162 245 283 289 Asc.
306 228 404 305 τι.)
576 236 735 285 mn.
773 236 871 287 ιν.
910 239 1096 287 cAP.
1137 240 1218 288 ετ.
1257 240 1346 289 ss.
1665 235 1767 291 207

162 342 266 397 bus
288 340 679 397 Germanorum
706 346 856 411 pacta
879 340 1180 397 firmavere.
1259 342 1508 413 Tumque
1526 342 1767 413 primum

162 416 375 473 disereti
414 432 446 469 a
474 413 777 488 legionibus
844 417 1022 487 roprio
1050 415 1192 471 vallo
1222 426 1390 471 castra
1415 435 1514 471 sua
1537 418 1768 485 circum-

163 493 307 556 dant,
349 490 640 545 obtestante
658 490 807 545 Vocu
827 508 879 556 a,
927 490 1048 547 Non
1079 496 1210 545 adeo
1239 496 1500 547 turbatam
1530 498 1768 547 civilibus

163 570 328 623 armis
352 583 463 621 rem
486 566 789 630 Romanam,
831 574 889 620 ut
914 567 1153 621 Treveris
1179 571 1336 621 etiam
1356 567 1770 637 Lingonibusque

163 645 423 712 despectui
439 646 525 697 sit.
584 640 863 710 Superesse
884 645 1017 712 fidas
1026 646 1352 710 provincias,
1374 646 1596 695 victores
1616 659 1772 696 emer-

164 722 319 783 citus,
356 722 623 788 fortunam
642 721 867 785 imperii,
906 724 955 771 et
978 720 1175 772 ultores
1191 721 1328 771 deos.
1406 714 1498 771 Sic
1515 718 1637 770 olim
1669 716 1773 771 Sa-

164 798 429 849 crovirum
444 800 495 847 et
511 791 730 863 Aeduos,
752 809 919 860 nuper
939 792 1202 847 Vindicem
1216 791 1538 861 Galliasque,
1551 794 1774 860 sinqulis

156 871 377 939 proeliis
396 870 693 922 concidisse.
757 868 954 923 Eadem
973 884 1162 923 rursus
1187 872 1419 931 numina,
1443 871 1621 921 eadem
1637 872 1770 937 fata,

162 952 404 1013 ruptores
428 946 693 1014 foederum
720 952 1100 1012 exspectarent.
1176 944 1369 997 Melius
1394 948 1444 999 d.
1465 944 1606 997 Iulio
1625 948 1774 997 divo-

162 1036 262 1090 que
279 1018 509 1088 Auqusto
537 1027 685 1073 notos
708 1035 885 1073 eorum
900 1023 1126 1074 animos.
1209 1018 1446 1084 Galbam,
1471 1028 1520 1073 et
1538 1023 1774 1088 infracta

164 1098 376 1159 tributa,
417 1096 626 1149 hostiles
658 1097 881 1163 spiritus
918 1096 1164 1151 induisse.
1243 1094 1397 1150 Nunc
1415 1098 1598 1159 hostes,
1647 1099 1774 1164 quia

163 1174 313 1225 molle
338 1175 636 1239 servitium,·
677 1187 793 1225 cum
826 1173 1045 1239 spoliati
1069 1174 1317 1241 exutique
1339 1175 1554 1241 suerint,
1577 1174 1774 1225 amicos

101 1244 109 1252 '
159 1251 286 1316 sore.
341 1244 479 1301 Haec
499 1244 737 1301 ferociter
757 1245 987 1311 haume,
1010 1255 1298 1318 postquam
1317 1254 1552 1317 perstare
1569 1246 1628 1301 in
1649 1264 1772 1318 per-

165 1320 290 1375 fidia
310 1320 609 1376 Classicum
630 1321 991 1393 Tutoremque
1011 1321 1172 1385 videt,
1195 1337 1350 1376 verso
1368 1323 1574 1386 itinere,
1597 1322 1774 1378 Nove-

144 1396 309 1451 -sium
328 1394 584 1451 concedit.
646 1394 787 1449 Galli
807 1394 979 1450 duum
1002 1394 1239 1449 millium
1260 1396 1431 1465 spatio
1449 1396 1772 1451 distantibus

162 1471 369 1542 campis
396 1468 697 1526 consedere.
778 1469 913 1524 Illuo
941 1470 1359 1525 commeantium
1396 1472 1770 1527 centurionum

165 1545 513 1617 militumque
551 1544 863 1598 emebantur
900 1545 1097 1599 animi:
1140 1551 1201 1599 ut
1225 1543 1504 1618 (flagitium
1531 1546 1774 1620 incogni-

164 1619 303 1693 tum)
323 1621 593 1676 Romanus
622 1620 889 1676 exercitus
914 1620 973 1674 in
994 1626 1208 1674 externa
1226 1619 1388 1675 verba
1409 1622 1662 1687 iurarent,
1689 1623 1776 1693 pi-

162 1713 418 1771 gnusque
446 1695 577 1750 tanti
606 1694 820 1750 sceleris
850 1712 979 1750 nece
1001 1703 1094 1750 aut
1114 1696 1347 1751 vinculis
1369 1695 1659 1770 legatorum
1679 1697 1775 1752 da-

162 1781 330 1827 retur.
386 1769 607 1836 Vocula,
632 1787 967 1844 quamquam
987 1771 1234 1844 plerique
1255 1770 1437 1844 fugam
1457 1772 1769 1838 suadebant,

164 1846 473 1902 audendum
494 1853 661 1912 ratae,
680 1853 861 1903 vocata
880 1849 1151 1914 concione,
1174 1849 1232 1902 in
1253 1847 1400 1902 hunc
1420 1847 1642 1902 modum
1662 1848 1776 1902 dis-

161 1924 351 1978 seruit.

274 2001 359 2054 58.
389 1997 687 2068 Numquam
705 2003 849 2067 apud
867 2016 956 2054 vos
974 2003 1129 2054 verba
1148 2004 1264 2070 feci,
1279 2007 1374 2054 aut
1385 2016 1488 2068 pro
1507 2000 1650 2052 vobis
1668 2002 1774 2053 sol-

162 2078 381 2140 licitior,
406 2084 501 2129 aut
516 2092 616 2144 pro
635 2092 713 2128 me
730 2079 981 2129 securior.
1023 2073 1162 2130 Nam
1183 2079 1309 2130 mihi
1325 2080 1546 2130 exitium
1558 2079 1770 2142 parari,

161 2154 327 2206 libens
346 2154 535 2205 audio:
574 2159 889 2221 mortemque
916 2155 973 2204 in
994 2158 1066 2204 tot
1085 2153 1240 2206 malis
1265 2146 1522 2225 [hostium]
1545 2159 1604 2203 ut
1622 2153 1774 2219 finem

160 2231 498 2282 miseriarum
524 2234 780 2294 exspecto.
867 2226 1036 2280 Vestri
1060 2243 1138 2279 me
1154 2230 1312 2294 pudet
1329 2231 1650 2294 miseretque,
1675 2229 1774 2280 ad-

159 2319 343 2356 versus
369 2318 497 2370 quos
526 2318 629 2355 non
649 2304 909 2368 proelium
933 2310 980 2354 et
999 2306 1140 2354 acies
1151 2311 1437 2370 parantur,
1461 2305 1517 2356 id
1537 2305 1672 2355 enim
1691 2307 1776 2372 sas

159 2393 433 2431 armorum
450 2385 501 2430 et
520 2380 604 2430 ius
618 2379 839 2430 hostium
860 2385 936 2431 est
951 2396 968 2430 .-
1004 2379 1190 2430 bellum
1211 2395 1328 2431 cum
1341 2380 1536 2446 populo
1545 2377 1775 2432 Romano

159 2457 351 2508 vestris
368 2470 423 2508 se
442 2453 681 2506 manibus
698 2460 963 2520 qesturum
988 2451 1250 2506 Classicus
1267 2461 1459 2521 sperat,
1472 2457 1775 2520 imperium-

160 2545 263 2598 que
288 2537 338 2582 et
364 2535 749 2583 sacramentum
781 2526 1081 2583 Galliarum
1105 2536 1341 2583 ostentat.
1418 2529 1558 2584 Adeo
1578 2547 1686 2594 nos,
1727 2533 1776 2583 si

159 2609 378 2672 fortuna
406 2607 462 2658 in
479 2619 728 2672 praesens
744 2607 1012 2673 virtusque
1038 2607 1283 2668 deseruit,
1307 2609 1464 2658 etiam
1481 2613 1656 2660 vetera
1677 2622 1774 2658 ea:-

161 2681 335 2746 empla
354 2682 626 2748 deficiunt:
658 2684 893 2749 quotiens
903 2680 1167 2748 Romanae
1189 2683 1411 2750 leqiones
1424 2685 1599 2749 perire
1610 2697 1770 2750 prae-

161 2757 473 2823 optaverint,
504 2772 568 2809 ne
596 2757 708 2812 loco
729 2759 1065 2825 pellerentur.
1146 2755 1292 2814 Socii
1319 2773 1474 2826 saepe
1487 2760 1656 2812 nostri
1673 2773 1772 2811 ea·-
