2081 3038
484 243 583 287 DE
625 241 1048 292 GERMANIA.
1094 246 1250 293 CAP.
1291 248 1372 293 17.
1415 248 1496 294 18.
1689 240 1788 294 ‘255

306 344 383 397 ⁴7.
427 344 697 417 Tegumen
720 346 971 401 omnibus
992 364 1203 420 sagum,
1232 346 1412 412 fibula,
1429 353 1535 413 aut,
1561 348 1605 403 si
1629 347 1784 414 desit,

191 420 345 490 spina
376 428 705 476 consertum:
749 430 915 476 cetera
947 424 1126 476 intecti
1158 430 1288 477 totos
1309 422 1421 476 dies
1443 424 1586 477 iuxta
1612 423 1786 479 focum

189 501 347 565 atque
368 495 545 567 ignem
568 504 750 571 agunt.
832 496 1261 569 Locupletissimi
1283 504 1426 551 veste
1445 498 1790 571 distinguun-

192 578 294 633 tur,
322 588 421 624 non
448 569 699 636 fluitante,
732 572 871 627 sic-ut
890 571 1158 626 Sarmatae
1182 590 1242 625 ao
1261 572 1459 636 Parthi,
1492 573 1583 625 sed
1612 574 1788 627 stricta

190 653 239 699 et
258 645 499 718 singulos
530 654 675 700 artus
696 649 1044 718 exprimente.
1126 647 1331 703 Gerunt
1357 655 1405 700 et
1429 645 1652 700 ferarum
1677 647 1790 717 pel-

192 722 286 785 leS,
319 722 550 792 proximi
582 723 727 793 ripae
755 722 1102 797 negligenter,
1139 721 1411 777 ulteriores
1444 722 1786 792 exquisitiuS,

192 804 249 850 ut
267 798 469 867 quibus
492 796 673 851 nullus
695 814 788 868 per
808 799 1120 853 commercia
1143 798 1338 851 cultus.
1412 796 1632 869 Eligant
1655 795 1790 849 feras

188 883 238 925 et
258 872 483 927 detracta
506 872 766 929 velamina
790 881 1050 945 spat-aunt
1071 872 1294 927 maculis
1313 872 1656 943 pellibusque
1675 870 1760 924 bel
1777 898 1790 912 ·

192 948 423 1013 luarum,
464 964 601 1021 quas
640 950 864 1004 exterior
903 916 1146 1003 &oceanus
1187 956 1345 1020 atque
1379 948 1618 1020 ignotum
1644 963 1809 1001 mare-

186 1023 380 1096 gignit.
461 1020 570 1077 Nec
613 1023 749 1078 alius
790 1023 1002 1078 feminis
1044 1041 1206 1095 quam
1242 1024 1371 1077 viris
1404 1023 1638 1087 habituS,
1684 1022 1790 1075 nisi

186 1098 329 1171 quod
356 1097 581 1153 feminae
600 1100 812 1171 saepius
832 1098 987 1153 lineis
1009 1099 1293 1153 amictibus
1317 1097 1575 1163 velantur,
1591 1113 1789 1168 eosque

185 1191 421 1247 purpura
448 1176 668 1238 variant,
693 1183 1005 1246 partemque
1028 1177 1247 1229 vestitus
1269 1174 1558 1245 superioris
1590 1174 1642 1227 in
1675 1190 1788 1225 ma-

190 1250 335 1303 nicas
355 1268 459 1303 non
480 1250 788 1315 extendunt,
814 1250 987 1303 nudae
1010 1250 1219 1303 brachia
1243 1258 1290 1303 et
1313 1250 1548 1304 lacertos,

303 1404 380 1452 18.
407 1398 507 1452 Sed
529 1407 579 1451 et
596 1399 839 1470 proxima
860 1416 985 1470 pars
1003 1397 1229 1469 pectoris
1248 1408 1414 1470 patet:
1455 1416 1786 1471 quamquam

190 1490 369 1528 severa
412 1471 523 1528 illic
567 1474 931 1528 matrimonia:
984 1490 1082 1527 nec
1123 1471 1287 1528 ullam
1330 1490 1540 1529 morum
1583 1481 1786 1545 partem

171 1551 362 1622 ‘magis
382 1548 699 1603 laudaveris,
774 1549 909 1602 Nam
932 1565 1095 1620 prope
1113 1548 1211 1602 soli
1233 1549 1580 1604 barbarorum
1599 1551 1790 1622 singu-
1869 1555 1871 1559 ’

190 1624 259 1678 lis
292 1624 547 1677 uxoribus
580 1625 805 1678 contenti
836 1631 981 1688 sunt,
1014 1625 1246 1694 exceptis
1269 1623 1554 1679 admodum
1577 1626 1783 1696 paucis,

190 1700 285 1770 qui
320 1715 419 1753 non
450 1697 689 1764 libidine,
724 1699 815 1753 sed
845 1699 914 1754 ob
940 1697 1268 1754 nobilitatem
1311 1699 1561 1771 plurimis
1587 1701 1786 1772 nuptiis

190 1775 520 1828 ambiuntur.
602 1774 779 1828 Dotem
814 1793 917 1829 non
942 1792 1077 1830 uxor
1096 1775 1302 1840 marito,
1333 1775 1425 1830 sed
1451 1777 1596 1830 uxori
1626 1776 1788 1828 mari-

190 1858 297 1913 tus,
322 1849 487 1903 offert.
540 1849 805 1904 intersunt
824 1858 1068 1921 parentes
1090 1859 1139 1905 et
1159 1851 1470 1922 propinqui,
1485 1867 1544 1902 ac
1565 1866 1788 1903 munera

190 1924 431 1996 probant,
476 1933 696 1978 munera
729 1943 829 1980 non
864 1926 929 1980 ad
959 1925 1176 1980 delicias
1207 1925 1495 1980 muliebres
1525 1925 1786 1995 quaesita,

194 2017 293 2054 nec-
305 2000 507 2072 quibus
528 2017 662 2056 nova
685 2008 847 2072 nupta
869 2009 1126 2067 comatur,
1151 2001 1243 2055 sed
1264 2002 1424 2058 boves
1448 2007 1498 2053 et
1524 1999 1786 2060 frenatum

190 2093 391 2148 equum
429 2082 479 2130 et
518 2083 729 2130 scutum
772 2093 895 2129 cum
943 2074 1138 2129 framea
1175 2076 1477 2149 gladioque.
1561 2075 1618 2128 In
1661 2073 1790 2128 haee

189 2169 409 2207 munera
442 2167 577 2205 uxor
607 2151 881 2223 accipitur,
923 2158 1082 2221 atque
1113 2151 1340 2205 invicem
1373 2151 1486 2222 ipsa
1517 2167 1790 2205 armorum

190 2225 395 2298 aliquid
418 2227 531 2280 viro
550 2225 717 2281 offert.
778 2227 886 2281 Hoc
906 2227 1204 2280 maximum
1229 2226 1528 2291 vinculum,
1553 2226 1684 2280 haec
1707 2242 1790 2278 ar-

189 2319 316 2357 cana
356 2319 523 2367 sacra,
566 2301 661 2356 hos
704 2301 1009 2375 coniugales
1042 2302 1165 2357 deos
1205 2302 1544 2356 arbitrantur.
1625 2301 1703 2354 Ne
1732 2316 1791 2355 se

191 2377 387 2433 mulier
415 2384 559 2432 extra
586 2377 848 2432 virtutum
877 2377 1218 2450 cogitationes
1248 2385 1501 2450 extraque
1525 2375 1790 2431 bellorum

190 2471 347 2508 casus
374 2460 541 2526 putet,
578 2453 709 2524 ipsis
740 2453 1044 2523 incipientis
1075 2453 1397 2508 matrimonii
1421 2452 1676 2523 auspiciis
1698 2449 1793 2504 ad-

192 2537 463 2594 monetur,
501 2529 684 2583 venire
712 2543 771 2582 se
798 2527 1039 2583 laborum
1071 2527 1539 2600 periculorumque
1567 2526 1788 2591 sociam,

194 2601 331 2655 idem
360 2603 418 2656 in
446 2619 596 2673 pace,
638 2603 780 2658 idem
806 2604 863 2657 in
884 2603 1084 2675 proelio
1102 2621 1383 2676 passuram
1405 2617 1787 2675 ausuramque.

191 2676 301 2730 Hoc
317 2676 486 2730 iuncti
504 2676 687 2745 boveS,
711 2680 811 2734 hoc
829 2687 1045 2751 paratus
1065 2697 1258 2752 equus,
1274 2679 1372 2734 hoc
1393 2677 1507 2734 data
1530 2695 1678 2733 arma
1698 2676 1792 2732 de-

192 2751 457 2806 nuntiant.
504 2750 593 2808 Sic
616 2755 925 2818 vivendum,
948 2756 1025 2810 sic
1045 2755 1411 2830 pereundum:
1453 2755 1690 2828 accipere
1709 2770 1787 2820 se,
