2081 3038
321 218 383 272 u
797 221 1447 270 HISTORIARUM
1648 212 1921 286 (mmm.

316 323 698 396 praefecturam
718 323 950 397 vigilum
969 332 1020 378 et
1039 323 1286 394 praetorii
1308 329 1358 376 et
1376 319 1479 377 alia
1500 324 1736 392 praemia
1750 323 1925 376 virtu-

316 408 428 453 tum
448 402 574 470 quia
583 398 820 454 velocius
842 407 951 454 erat
964 399 1111 452 vitiis
1131 399 1372 469 adeptus,
1387 397 1750 452 crudelitatem
1772 415 1919 461 mox,

315 472 508 528 deinde
527 475 804 528 avaritiam
823 483 874 528 et
895 473 1069 528 virilia
1092 473 1287 527 scelera
1308 473 1563 535 exercuit,
1577 479 1837 542 conrupto
1856 472 1941 526 ad·

316 565 475 604 omne
515 547 722 603 facinus
751 550 982 616 Nerone3
1025 548 1289 620 quaedam
1325 548 1513 620 ignaro
1536 564 1723 610 ausus,
1746 563 1811 599 ac
1828 563 1924 616 po—

317 630 515 679 stremo
533 623 776 678 eiusdem
796 617 1032 678 desertor
1050 640 1112 676 ac
1130 622 1383 694 proditor.
1454 621 1604 676 Unde
1625 637 1728 676 non
1751 619 1919 674 alium

316 699 642 772 pertinacius
687 697 754 752 ad
801 713 1025 768 poenam
1070 695 1397 770 flagitavere,
1442 695 1655 751 diverso
1692 693 1918 758 adfectu,

317 773 522 845 quibus
556 772 742 827 odium
769 773 995 827 Neronis
1023 774 1209 836 inerat,
1252 779 1305 826 et
1334 770 1539 843 quibus
1568 769 1916 824 desiderium.

316 848 477 920 Apud
499 847 723 902 Galbam
743 847 806 902 T.
831 847 974 901 Vinii
996 848 1226 918 potentia
1247 845 1518 910 defensus,
1544 844 1917 916 praetexentis,

315 933 579 978 servatam
593 925 674 976 'ab
699 939 758 975 eo
783 925 962 990 filiam.
1039 921 1107 974 Et
1126 919 1273 975 haud
1290 921 1455 975 dubie
1470 925 1792 982 servaverat,
1815 935 1920 974 non

317 997 617 1060 clementia,
646 997 850 1068 quippe
876 1003 951 1050 tot
979 995 1287 1060 interfectis,
1332 995 1424 1049 sed
1454 994 1649 1067 effugio
1685 994 1743 1048 in
1774 991 1922 1048 futu-

319 1089 470 1136 rum3
513 1071 642 1142 quia
671 1071 942 1141 pessimus
966 1072 1219 1142 quisque,
1248 1068 1541 1125 diffidentia
1558 1069 1919 1140 praesentium

318 1147 664 1201 mutationem
693 1161 916 1216 pavens,
947 1145 1205 1199 adversus
1232 1145 1511 1216 publicum
1532 1143 1717 1199 odium
1738 1144 1923 1215 priva-

317 1229 425 1275 tam
456 1221 680 1294 gratiam
709 1228 1009 1292 praeparem
1054 1219 1198 1274 unde
1228 1219 1375 1274 nulla
1412 1219 1741 1273 innocentiae
1766 1235 1917 1283 cura,

317 1295 412 1351 sed
433 1295 575 1348 vices
597 1295 931 1365 inpunitatis.
1007 1294 1087 1349 Eo
1105 1293 1362 1348 infensior
1380 1292 1633 1364 populus,
1656 1292 1833 1347 addita
1854 1291 1921 1346 ad

316 1379 474 1426 'vetus
495 1369 744 1442 Tigellini
763 1369 949 1424 odium
969 1371 1166 1423 recenti
1186 1369 1248 1423 T.
1272 1369 1415 1422 Vinii
1438 1366 1672 1423 invidia:
1696 1384 1924 1422 concur-

319 1462 435 1500 rere
461 1461 490 1499 e
518 1451 620 1499 tota
651 1445 784 1500 urbe
813 1445 867 1498 in
899 1443 1157 1516 palatium
1192 1461 1254 1497 ac
1283 1442 1413 1504 fora,
1445 1449 1513 1508 et,
1558 1442 1649 1497 ubi
1684 1441 1921 1512 plurima

319 1521 470 1595 vulgi
494 1518 721 1583 licentia,
744 1522 802 1575 in
826 1522 1028 1574 circum
1048 1536 1109 1573 ac
1129 1519 1325 1573 theatra
1344 1517 1520 1582 effusi,
1545 1517 1814 1572 seditiosis
1827 1535 1923 1573 vo·

319 1597 474 1651 cibus
509 1596 838 1667 obstrepere:
881 1594 1047 1650 donec
1076 1593 1392 1667 Tigellinus,
1424 1601 1635 1664 accepto
1661 1592 1808 1663 apud
1836 1591 1925 1646 Sia

321 1687 614 1725 nuessanas
651 1688 818 1741 aquas
857 1686 1139 1741 supremae
1168 1668 1497 1723 necessitatis
1531 1668 1739 1732 nuntio,
1784 1668 1927 1722 inter

319 1754 502 1815 stupra
533 1745 951 1799 concubinarum
979 1753 1029 1798 et
1057 1742 1235 1798 oscula
1262 1751 1315 1797 e't
1332 1742 1593 1797 deformes
1613 1760 1811 1806 moram,
1836 1760 1926 1796 se-

318 1821 418 1875 ctis
450 1819 704 1874 novacula
738 1817 1000 1882 faucibus,
1031 1817 1287 1873 infamem
1316 1819 1479 1872 vitam
1509 1815 1735 1872 foedavit
1760 1819 1926 1871 etiam

319 1898 465 1951 exitu
487 1912 606 1949 sero
625 1904 676 1949 et
695 1894 990 1949 inhonesto.

429 1973 516 2025 73.
561 1971 658 2023 Per
693 1970 834 2023 idem
876 1976 1089 2039 tempus
1129 1966 1454 2039 expostulata
1494 1966 1561 2021 ad
1590 1966 1926 2038 supplicium

321 2045 509 2101 Galvia
550 2042 854 2114 Crispinilla
897 2044 1061 2097 variis
1102 2042 1563 2107 frustrationibuS,
1612 2049 1662 2095 et
1696 2041 1927 2095 adversa

319 2118 712 2175 dissimulantis
745 2118 1010 2189 principis
1050 2117 1216 2183 fama,
1264 2116 1502 2189 periculo
1538 2123 1779 2185 exempta
1820 2124 1951 2171 ωε...

318 2196 568 2267 Magistra
594 2193 876 2247 libidinum
900 2193 1143 2257 Neronis,
1173 2200 1501 2265 transgressa
1523 2192 1579 2245 in
1599 2188 1834 2243 Africam
1852 2192 1931 2245 ad

319 2268 688 2343 instigandum
707 2269 766 2322 in
780 2285 930 2321 arma
953 2267 1199 2323 Clodium
1223 2268 1482 2330 Macrum,
1506 2263 1701 2319 samem
1721 2265 1933 2335 populo

319 2344 472 2400 Rom.
499 2342 642 2397 haud
659 2342 885 2397 obscure
904 2342 1082 2398 molita
1100 2383 1113 2407 ,
1150 2343 1310 2397 totius
1330 2348 1507 2411 postea
1538 2340 1769 2394 civitatis
1800 2356 1936 2412 gra-

321 2420 448 2473 tiam
469 2418 728 2481 obtinuit,
771 2417 1035 2473 consulari
1060 2416 1395 2470 matrimonio
1424 2414 1672 2478 subnixa,
1698 2422 1749 2467 et
1779 2415 1935 2484 apud

321 2493 567 2557 Galbam,
593 2492 876 2556 Othonem,
900 2489 1172 2555 Vitellium
1203 2490 1431 2545 inlaesa:
1475 2488 1809 2559 mox'potens
1832 2505 1937 2559 pe-

321 2567 479 2693 cupia
500 2576 554 2621 et
569 2567 809 2632 orbitate,
823 2583 962 2638 quae
975 2566 1131 2620 bonis
1148 2564 1413 2637 malisque
1427 2562 1758 2634 temporibus
1769 2563 1933 2617 iuxta

323 2656 388 2693 va
409 2648 518 2693 ent.

429 2714 515 2767 74.
559 2712 786 2770 Crebrae
813 2714 1047 2780 interim,
1080 2722 1133 2769 et
1159 2710 1517 2769 muliebribus
1540 2709 1936 2767 blandimentis
