2081 3038
267 229 333 284 34
746 233 1434 288 ΗῙΒΤΟΒΙΔΒῙῙΜ.
1596 227 1870 300 (mmm.

268 351 517 408 quasque
560 333 693 390 alias
738 335 977 391 civitates
1015 333 1282 391 atrocibus
1319 335 1506 390 edictis
1544 341 1636 390 aut
1672 335 1875 392 damno

268 409 457 464 finium
504 409 671 468 Galba
711 409 1023 482 perculerat,
1067 410 1308 464 hibernis
1347 409 1614 484 legionum
1646 411 1872 482 propius

267 487 579 540 miscentur.
652 484 800 540 Unde
819 484 1066 540 seditiosa
1089 483 1386 556 conloquia,
1409 493 1460 538 et
1479 485 1614 539 inter
1633 500 1870 558 paganos

265 563 572 630 conruptior
600 558 776 625 miles,
820 567 870 614 et
902 561 957 614 in
988 559 1306 633 Verginium
1337 557 1502 624 favor,
1543 559 1871 631 cuicumque

265 632 356 689 alii
382 633 715 705 profuturus.

374 710 460 763 54.
504 709 719 764 Miserat
741 707 929 763 civitas
949 707 1273 781 Lingonum,
1296 716 1470 762 vetere
1487 707 1748 773 instituto,
1769 707 1871 764 do-

242 777 333 839 'na
358 781 679 855 legionibus,
701 783 935 845 dextras,
959 782 1175 853 hospitii
1197 784 1426 856 insigne.
1457 782 1637 856 Legati
1657 789 1864 849 eoruin,

230 901 237 908 .
263 857 321 913 in
350 857 654 929 squalorem
685 857 1115 928 maestitiamque
1140 857 1438 928 compositi,
1465 873 1562 928 per
1580 858 1864 929 principia,

264 949 360 1005 per
388 932 753 996 contubernia,
794 931 950 986 modo
974 949 1102 986 suas
1130 937 1372 993 iniuriae,
1417 932 1574 987 modo
1599 936 1870 986 civitatum

264 1013 561 1062 vicinarum
583 1011 840 1074 praemia,
868 1013 938 1070 et,
961 1005 1056 1061 ubi
1079 1006 1260 1077 pronis
1283 1005 1517 1062 militum
1538 1005 1760 1061 auribus
1779 1023 1869 1061 ac-

265 1081 626 1152 cipiebantur,
667 1085 834 1149 ipsius
871 1085 1135 1134 exercitus
1172 1084 1412 1149 pericula
1446 1091 1495 1136 et
1533 1083 1869 1136 contumelias

266 1164 669 1226 conquerentes,
699 1154 1054 1210 accendebant
1077 1156 1303 1211 animos.
1383 1155 1493 1210 Nec
1520 1155 1702 1227 procul
1723 1155 1870 1211 sedi-

264 1231 406 1286 tione
444 1227 679 1292 aberant,
718 1245 843 1284 cum
877 1229 1206 1285 Hordeonius
1233 1230 1455 1285 Flaccus
1483 1234 1630 1285 abire
1651 1233 1862 1300 temtos,

265 1314 433 1376 utque
456 1302 710 1360 occultior
737 1303 1013 1377 digressus
1040 1312 1198 1369 esset,
1229 1314 1376 1360 nocte
1403 1311 1596 1360 castris
1621 1309 1870 1361 excedere

265 1379 433 1436 iubet.
513 1378 641 1434 lnde
686 1388 837 1434 atrox
876 1397 1082 1444 rumor,
1127 1379 1533 1436 adfirmantibus
1571 1379 1863 1452 plerisque,

263 1459 576 1524 interfectos,
614 1470 697 1517 ac,
739 1459 845 1509 nisi
873 1460 978 1525 ipsi
1001 1458 1338 1518 cmisulerent,
1376 1461 1505 1527 sore,
1543 1463 1602 1510 ut
1619 1460 1868 1510 acen-imi

263 1534 504 1594 militum,
530 1540 578 1584 et
593 1535 895 1598 praesentia
912 1536 1193 1600 conquesti,
1215 1549 1311 1599 per
1339 1534 1572 1587 tenebras
1589 1539 1638 1586 et
1661 1536 1867 1587 insciti-

265 1624 353 1662 am
392 1616 677 1659 ceterorum
715 1610 1092 1660 occiderentur.
1169 1604 1591 1680 obstringuntur
1633 1608 1773 1663 inter
1807 1623 1870 1663 se

200 1730 207 1735 .
263 1683 420 1735 tacito
443 1678 647 1735 loedere
670 1678 922 1753 legiones.
985 1679 1316 1735 Adsciscitur
1335 1680 1658 1737 auxiliorum
1676 1681 1862 1750 miles;

266 1757 442 1827 primo
482 1763 794 1825 suspectus,
837 1764 1137 1825 tamquam,
1180 1755 1522 1811 circumdatis
1559 1756 1865 1812 cohortibus

264 1830 505 1901 alisque,
549 1832 763 1900 inpetus
799 1830 857 1884 in
899 1828 1132 1902 legiones
1171 1839 1472 1903 pararetur,
1519 1849 1645 1887 mox
1681 1832 1864 1886 eadem

266 1906 443 1960 acrius
474 1904 721 1960 volvens:
766 1902 998 1959 faciliore
1026 1906 1162 1959 inter
1189 1905 1356 1961 malos
1383 1923 1646 1963 consensu
1666 1907 1732 1961 ad
1751 1906 1868 1961 bel-

266 1979 402 2042 lum,
427 1998 589 2052 quam
615 1982 669 2035 in
693 1997 820 2051 pace
838 1979 905 2033 ad
924 1980 1278 2035 concordiam.

374 2057 461 2109 55.
508 2054 775 2110 inferioris
810 2063 986 2109 tamen
1014 2056 1332 2111 Germaniae
1367 2055 1602 2130 legiones
1637 2055 1864 2112 solemni

265 2130 384 2185 Kal.
405 2132 769 2185 ianuariarum
792 2140 1121 2185 sacramento
1139 2146 1236 2201 pro
1255 2130 1423 2187 Galba
1444 2130 1673 2197 adactae,
1697 2130 1866 2187 multa

266 2209 596 2261 cunctatione
614 2214 664 2259 et
686 2207 819 2259 raris
839 2208 1138 2277 primorum
1154 2205 1406 2261 ordinum
1427 2206 1678 2262 vocibus:
1707 2208 1867 2261 ceteri

265 2280 475 2335 silentio
490 2281 736 2352 proximi
762 2282 1029 2353 cuiusque
1051 2279 1328 2337 audaciam
1349 2290 1738 2353 exspectantes:
1779 2282 1870 2336 in-

265 2357 365 2411 sita
397 2354 711 2411 mortalibus
742 2365 947 2419 natura,
988 2372 1210 2427 propere
1237 2358 1414 2429 sequi,
1455 2373 1595 2428 quae
1619 2356 1762 2429 piget
1781 2357 1867 2411 in-

264 2430 473 2486 choare.
552 2428 654 2483 Sed
674 2432 810 2502 ipsis
833 2430 1134 2504 legionibus
1155 2432 1324 2486 inerat
1347 2431 1632 2486 diversitas
1656 2431 1866 2487 animo-

266 2523 409 2560 rum.
488 2506 725 2561 Primani
754 2506 1112 2578 quintanique
1139 2506 1342 2561 turbidi
1371 2506 1518 2572 adeo,
1559 2514 1618 2561 ut
1641 2505 1866 2577 quidam

266 2596 392 2633 saxa
431 2579 489 2635 in
531 2580 732 2635 Galbae
769 2582 1032 2655 imagines
1070 2581 1316 2636 iecerint:
1370 2580 1766 2653 quintadecima
1806 2598 1868 2637 ac

268 2654 619 2709 sextadecima
663 2654 915 2729 legiones,
954 2654 1092 2710 nihil
1132 2654 1270 2710 ultra
1309 2654 1584 2711 fremitum
1612 2662 1664 2710 et
1690 2654 1868 2711 minas

266 2742 447 2793 ausae,
490 2730 707 2785 initium
746 2730 1064 2803 erumpendi
1099 2730 1628 2802 circumspectabant.
1705 2732 1778 2785 At
1807 2732 1866 2785 in
