2081 3038
152 235 207 275 A.
234 210 425 291 c.7u.)‘
546 228 703 273 ms.
744 228 845 274 111.
887 229 1068 278 cap,
1110 228 1358 276 aaa-41.
1665 226 1764 281 ⁴39

153 328 421 383 invidiam
450 326 625 392 ferret,
660 326 861 399 placuit
886 346 1093 385 veneno
1118 331 1370 402 grassari.
1449 329 1667 387 Addidit
1684 331 1766 389 fa-

154 405 327 459 cinori
350 403 509 459 fidem
531 403 699 458 nobili
717 403 934 477 gaudio,
958 404 1208 459 Blaesum
1227 404 1468 460 visendo.
1547 405 1692 471 Quin
1711 414 1766 462 et

154 480 339 535 audita
373 488 452 535 est
488 480 805 534 saevissima
843 478 1045 534 Vitellii
1083 497 1207 545 vox,
1239 496 1349 552 qua
1375 498 1430 534 se
1458 480 1593 553 (ipsa
1613 483 1760 537 enim

152 554 321 610 verba
346 554 589 626 referam)
611 559 821 623 pavisse
848 558 1039 619 oculos,
1081 564 1315 623 spectata
1341 559 1542 610 inimici
1578 566 1758 622 morte,

152 631 387 685 iactavit.
466 630 669 695 Blaeso,
701 646 863 701 super
888 630 1178 685 claritatem
1201 627 1460 685 natalium
1481 638 1532 683 et
1549 629 1763 703 elegan-

154 707 287 761 tiam
310 723 541 771 morum,
566 704 688 759 fidei
706 705 990 761 obstinatio
1008 704 1129 759 fuit.
1199 706 1424 779 Integris
1441 722 1660 777 quoque
1680 723 1766 759 re-

156 782 281 845 bus,
320 798 351 835 a
380 780 603 835 Caecina
642 787 695 835 et
720 780 1052 851 primoribus
1074 781 1332 852 partium,
1356 780 1464 835 iam
1487 779 1761 837 Vitellium

152 856 584 928 aspernantibus,
600 855 855 920 ambitus,
867 856 1102 910 abnuere
1118 857 1478 927 perseveravit
1493 875 1506 911 :
1521 863 1758 921 sanctus,

150 930 485 995 inturbidus,
508 930 715 985 nullius
732 932 998 1002 repentini
1019 930 1256 997 honoris,
1279 931 1410 986 adeo
1431 948 1536 986 non
1557 932 1762 1001 princi-

153 1006 312 1078 patus
332 1005 600 1077 adpetenS‚
625 1023 815 1077 parum
838 1006 1112 1080 effugerat,
1133 1024 1200 1061 ne
1219 1007 1418 1080 dignus
1437 1006 1758 1062 crederetur.

265 1084 347 1136 40.
374 1082 573 1136 Fabius
595 1082 805 1135 interim
828 1080 1044 1146 Valens,
1069 1081 1239 1138 multo
1256 1100 1320 1137 ac
1337 1080 1484 1138 molli
1506 1082 1762 1137 concubi-

151 1174 346 1213 narum
366 1156 777 1229 spadonumque
796 1158 1029 1231 agmine,
1050 1158 1270 1231 segnius
1279 1176 1445 1231 quam
1465 1158 1534 1211 ad
1554 1156 1756 1212 bellum

146 1232 422 1297 incedens,
441 1237 709 1300 proditam
728 1250 765 1286 α
786 1233 987 1287 Lucilio
1002 1234 1167 1287 Basso
1175 1234 1522 1288 Ravennatem
1543 1236 1758 1288 classem

147 1308 461 1378 pernicibus
480 1308 686 1377 nuptiis
707 1306 925 1376 accepit.
1003 1308 1089 1370 Et,
1114 1308 1162 1361 si
1183 1315 1428 1378 coeptum
1448 1309 1546 1362 iter
1564 1324 1760 1380 prope-

145 1390 339 1447 rasset,
370 1390 645 1437 nutantem
675 1379 956 1436 Caecinam
985 1382 1322 1450 praevenire,
1353 1390 1464 1446 aut,
1497 1390 1617 1435 ante
1643 1383 1758 1436 dis-

146 1459 353 1511 crimen
383 1471 617 1528 pugnae,
648 1453 874 1527 adsequi
916 1452 1152 1526 legiones
1177 1455 1455 1525 potuisset.
1537 1456 1646 1509 Nec
1665 1456 1758 1509 de-

148 1539 319 1595 erant,
342 1531 443 1600 qui
463 1536 755 1593 monerent,
786 1537 845 1596 ut
866 1545 983 1582 cum
1001 1532 1266 1596 fidissimis
1279 1547 1378 1596 per
1395 1533 1622 1584 occultos
1643 1539 1757 1584 tra-

146 1611 315 1667 mites,
338 1610 507 1659 vitata
528 1605 790 1667 Ravenna,
817 1603 1099 1658 Hostiliam
1128 1602 1489 1658 Cremonamve
1503 1615 1756 1674 pergeret.

147 1679 289 1734 Aliis
317 1677 573 1749 placebat,
604 1683 791 1732 accitis
818 1695 887 1732 esc
906 1681 1033 1732 urbe
1046 1683 1330 1746 praetoriis
1351 1682 1642 1734 cohortibus
1662 1699 1758 1735 va·-

151 1759 264 1810 lida
282 1771 441 1808 manu
456 1770 805 1822 perrumpere.
874 1753 995 1824 Ipse
1014 1753 1193 1808 inutili
1213 1754 1544 1808 cunctatione
1563 1756 1754 1828 agendi

147 1839 388 1900 tempora
406 1827 753 1884 consultando
771 1830 1125 1901 consumpsit.
1172 1829 1298 1884 Mox
1317 1837 1608 1900 utrumque
1629 1847 1756 1885 con-

147 1905 337 1960 silium
359 1911 691 1974 aspernatae,
705 1901 847 1975 quod
867 1905 1003 1958 inter
1022 1905 1271 1976 ancipitia
1292 1903 1640 1959 deterrimum
1652 1913 1750 1969 est,

146 1981 281 2036 dum
312 1979 490 2034 media
509 1980 774 2051 sequitur,
804 1995 902 2033 nec
920 1996 1088 2034 ausus
1109 1987 1190 2034 est
1207 1979 1358 2044 satis,
1381 1995 1480 2034 nec
1499 1979 1751 2050 providit.

258 2057 314 2110 4⁴
330 2096 343 2110 .
386 2055 569 2110 Missis
589 2053 657 2108 ad
677 2052 950 2111 Vitellium
973 2052 1180 2120 litteris,
1211 2053 1479 2110 auxilium
1501 2053 1748 2125 postulat.

146 2132 353 2186 Venere
378 2139 483 2186 tres
503 2129 741 2186 cohortes
760 2146 886 2184 cum
907 2128 990 2183 ala
1011 2130 1338 2185 Britannica:
1369 2146 1550 2201 neque
1565 2131 1633 2184 ad
1655 2128 1754 2184 fal·-

146 2205 368 2260 lendum
390 2214 547 2276 aptus
574 2223 853 2269 numerus,
882 2221 1061 2277 neque
1077 2205 1145 2260 ad
1161 2204 1570 2276 penetrandum.
1649 2204 1752 2259 Sed

144 2280 342 2336 Valens
373 2298 441 2335 ne
468 2282 525 2335 in
556 2289 696 2335 tanto
721 2279 945 2351 quidem
975 2279 1288 2336 discrimine
1315 2278 1536 2335 infamia
1559 2281 1750 2346 caruit,

144 2373 255 2428 quo
275 2356 459 2412 minus
489 2373 671 2427 rapere
696 2355 927 2410 inlicitas
948 2354 1266 2427 voluptates,
1287 2355 1672 2428 adulteriisque
1691 2372 1752 2410 ac

142 2432 347 2502 stupris
368 2431 607 2503 polluere
625 2429 899 2502 hospitum
918 2429 1132 2495 domus,
1155 2429 1473 2486 crederetur.
1517 2429 1751 2486 Aderant

144 2506 233 2561 vis
252 2515 305 2562 et
320 2507 548 2578 pecunia
568 2514 619 2560 et
637 2508 841 2560 ruentis
858 2504 1098 2562 fortunae
1118 2506 1414 2560 novissima
1434 2504 1616 2562 libido.
1640 2505 1756 2561 Ad-

144 2589 309 2636 ventu
347 2580 566 2637 demum
604 2581 843 2652 peditum
884 2583 1238 2654 equitumque
1274 2582 1512 2652 pravitas
1538 2581 1750 2638 consilii

142 2656 335 2728 patuit,
358 2657 487 2730 quia
507 2673 605 2712 nec
624 2657 814 2714 vadere
831 2675 926 2729 per
945 2657 1124 2714 hostes
1151 2665 1256 2712 tam
1279 2672 1443 2729 parva
1469 2675 1632 2714 manu
1653 2675 1750 2730 po-

142 2738 295 2798 terat,
318 2733 477 2788 etiam
496 2734 545 2788 si
564 2732 827 2790 fidissima
847 2733 997 2803 foret,
1020 2751 1120 2790 nec
1136 2734 1396 2808 integram
1416 2731 1578 2790 fidem
1594 2734 1748 2790 adtu-
