<?xml version="1.0" encoding="UTF-8"?>
<!DOCTYPE html PUBLIC "-//W3C//DTD XHTML 1.0 Transitional//EN"
    "http://www.w3.org/TR/xhtml1/DTD/xhtml1-transitional.dtd">
<html xmlns="http://www.w3.org/1999/xhtml" xml:lang="en" lang="en">
 <head>
  <title>
</title>
<meta http-equiv="Content-Type" content="text/html;charset=utf-8" />
  <meta name='ocr-system' content='tesseract 3.04.00' />
  <meta name='ocr-capabilities' content='ocr_page ocr_carea ocr_par ocr_line ocrx_word'/>
</head>
<body>
  <div class='ocr_page' id='page_1' title='image "./operaquoadextan03tacigoog_0217.png"; bbox 0 0 2081 3038; ppageno 0'>
   <div class='ocr_carea' id='block_1_1' title="bbox 172 176 1777 262">
    <p class='ocr_par' dir='ltr' id='par_1_1' title="bbox 172 176 1777 262">
     <span class='ocr_line' id='line_1_1' title="bbox 172 176 1777 262; baseline -0.002 -17"><span class='ocrx_word' id='word_1_1' title='bbox 172 205 223 246; x_wconf 64' lang='grc' dir='ltr'>Δ.</span> <span class='ocrx_word' id='word_1_2' title='bbox 253 207 301 244; x_wconf 87' lang='lat' dir='ltr'>c.</span> <span class='ocrx_word' id='word_1_3' title='bbox 327 187 418 262; x_wconf 83' lang='lat'><strong>35.)</strong></span> <span class='ocrx_word' id='word_1_4' title='bbox 596 196 754 240; x_wconf 84' lang='lat' dir='ltr'><strong>LIB.</strong></span> <span class='ocrx_word' id='word_1_5' title='bbox 794 176 897 241; x_wconf 73' lang='lat' dir='ltr'>v1&#39;.</span> <span class='ocrx_word' id='word_1_6' title='bbox 939 195 1117 240; x_wconf 75' lang='lat' dir='ltr'>cAP.</span> <span class='ocrx_word' id='word_1_7' title='bbox 1160 193 1241 240; x_wconf 82' lang='lat' dir='ltr'>as.</span> <span class='ocrx_word' id='word_1_8' title='bbox 1285 195 1366 241; x_wconf 74' lang='lat'>³7.</span> <span class='ocrx_word' id='word_1_9' title='bbox 1678 189 1777 246; x_wconf 71' lang='lat'>2¹7</span> 
     </span>
    </p>
   </div>
   <div class='ocr_carea' id='block_1_2' title="bbox 165 289 1831 1873">
    <p class='ocr_par' dir='ltr' id='par_1_2' title="bbox 165 289 1831 1873">
     <span class='ocr_line' id='line_1_2' title="bbox 170 289 1779 370; baseline -0.001 -17"><span class='ocrx_word' id='word_1_10' title='bbox 170 314 346 356; x_wconf 90' lang='lat' dir='ltr'>mum.</span> <span class='ocrx_word' id='word_1_11' title='bbox 425 297 536 352; x_wconf 90' lang='lat' dir='ltr'>Nec</span> <span class='ocrx_word' id='word_1_12' title='bbox 562 296 671 351; x_wconf 89' lang='lat' dir='ltr'>iam</span> <span class='ocrx_word' id='word_1_13' title='bbox 699 289 846 352; x_wconf 69' lang='lat' dir='ltr'>aliud</span> <span class='ocrx_word' id='word_1_14' title='bbox 875 293 1141 348; x_wconf 87' lang='lat' dir='ltr'>Artabano</span> <span class='ocrx_word' id='word_1_15' title='bbox 1171 294 1473 367; x_wconf 86' lang='lat' dir='ltr'>reliquum,</span> <span class='ocrx_word' id='word_1_16' title='bbox 1504 313 1699 370; x_wconf 89' lang='lat' dir='ltr'>quam,</span> <span class='ocrx_word' id='word_1_17' title='bbox 1730 297 1779 351; x_wconf 81' lang='lat' dir='ltr'>si</span> 
     </span>
     <span class='ocr_line' id='line_1_3' title="bbox 172 367 1781 446; baseline -0.002 -17"><span class='ocrx_word' id='word_1_18' title='bbox 172 374 270 446; x_wconf 90' lang='lat' dir='ltr'>qui</span> <span class='ocrx_word' id='word_1_19' title='bbox 290 378 632 428; x_wconf 79' lang='lat' dir='ltr'>externorum</span> <span class='ocrx_word' id='word_1_20' title='bbox 653 369 858 441; x_wconf 87' lang='lat' dir='ltr'>corpori</span> <span class='ocrx_word' id='word_1_21' title='bbox 879 367 1125 424; x_wconf 85' lang='lat' dir='ltr'>custodes</span> <span class='ocrx_word' id='word_1_22' title='bbox 1146 369 1379 434; x_wconf 89' lang='lat' dir='ltr'>aderant,</span> <span class='ocrx_word' id='word_1_23' title='bbox 1407 373 1523 427; x_wconf 88' lang='lat' dir='ltr'>suis</span> <span class='ocrx_word' id='word_1_24' title='bbox 1544 374 1781 445; x_wconf 88' lang='lat' dir='ltr'>quisque</span> 
     </span>
     <span class='ocr_line' id='line_1_4' title="bbox 171 439 1781 520; baseline -0.001 -15"><span class='ocrx_word' id='word_1_25' title='bbox 171 448 396 506; x_wconf 86' lang='lat' dir='ltr'>sedibus</span> <span class='ocrx_word' id='word_1_26' title='bbox 424 439 658 502; x_wconf 70' lang='lat' dir='ltr'>eii’torres</span> <span class='ocrx_word' id='word_1_27' title='bbox 673 486 688 511; x_wconf 89' lang='lat'>,</span> <span class='ocrx_word' id='word_1_28' title='bbox 731 445 857 516; x_wconf 86' lang='lat' dir='ltr'>quis</span> <span class='ocrx_word' id='word_1_29' title='bbox 885 459 1063 515; x_wconf 87' lang='lat' dir='ltr'>neque</span> <span class='ocrx_word' id='word_1_30' title='bbox 1091 443 1218 498; x_wconf 90' lang='lat' dir='ltr'>boni</span> <span class='ocrx_word' id='word_1_31' title='bbox 1246 440 1573 512; x_wconf 81' lang='lat' dir='ltr'>intellectus,</span> <span class='ocrx_word' id='word_1_32' title='bbox 1604 465 1781 520; x_wconf 87' lang='lat' dir='ltr'>neque</span> 
     </span>
     <span class='ocr_line' id='line_1_5' title="bbox 175 517 1775 588; baseline 0 -10"><span class='ocrx_word' id='word_1_33' title='bbox 175 519 304 578; x_wconf 80' lang='lat' dir='ltr'>mali</span> <span class='ocrx_word' id='word_1_34' title='bbox 331 539 489 588; x_wconf 88' lang='lat' dir='ltr'>eura,</span> <span class='ocrx_word' id='word_1_35' title='bbox 521 519 616 576; x_wconf 92' lang='lat' dir='ltr'>sed</span> <span class='ocrx_word' id='word_1_36' title='bbox 644 518 886 576; x_wconf 80' lang='lat' dir='ltr'>mercede</span> <span class='ocrx_word' id='word_1_37' title='bbox 916 517 1133 573; x_wconf 80' lang='lat' dir='ltr'>alunt-ur</span> <span class='ocrx_word' id='word_1_38' title='bbox 1150 558 1163 584; x_wconf 95' lang='lat'>,</span> <span class='ocrx_word' id='word_1_39' title='bbox 1205 519 1439 574; x_wconf 89' lang='lat' dir='ltr'>ministri</span> <span class='ocrx_word' id='word_1_40' title='bbox 1467 520 1775 578; x_wconf 75' lang='lat' dir='ltr'>sceleribus,</span> 
     </span>
     <span class='ocr_line' id='line_1_6' title="bbox 175 593 1783 671; baseline -0.001 -17"><span class='ocrx_word' id='word_1_41' title='bbox 175 601 269 654; x_wconf 86' lang='lat' dir='ltr'>His</span> <span class='ocrx_word' id='word_1_42' title='bbox 297 597 628 668; x_wconf 84' lang='lat' dir='ltr'><strong>adsumptis,</strong></span> <span class='ocrx_word' id='word_1_43' title='bbox 669 597 728 651; x_wconf 90' lang='lat' dir='ltr'>in</span> <span class='ocrx_word' id='word_1_44' title='bbox 766 593 1061 668; x_wconf 85' lang='lat' dir='ltr'>longinqua</span> <span class='ocrx_word' id='word_1_45' title='bbox 1100 601 1151 648; x_wconf 88' lang='lat' dir='ltr'>et</span> <span class='ocrx_word' id='word_1_46' title='bbox 1183 594 1507 650; x_wconf 89' lang='lat' dir='ltr'>contermina</span> <span class='ocrx_word' id='word_1_47' title='bbox 1536 594 1783 671; x_wconf 83' lang='lat' dir='ltr'>Scythiae</span> 
     </span>
     <span class='ocr_line' id='line_1_7' title="bbox 165 667 1783 750; baseline -0.001 -22"><span class='ocrx_word' id='word_1_48' title='bbox 165 675 358 750; x_wconf 80' lang='lat' dir='ltr'>&#39;fugam</span> <span class='ocrx_word' id='word_1_49' title='bbox 388 670 703 738; x_wconf 84' lang='lat' dir='ltr'>maturavit,</span> <span class='ocrx_word' id='word_1_50' title='bbox 733 687 830 743; x_wconf 87' lang='lat' dir='ltr'>spe</span> <span class='ocrx_word' id='word_1_51' title='bbox 849 669 1070 736; x_wconf 82' lang='lat' dir='ltr'>auxilii,</span> <span class='ocrx_word' id='word_1_52' title='bbox 1111 667 1259 744; x_wconf 90' lang='lat' dir='ltr'>(quia</span> <span class='ocrx_word' id='word_1_53' title='bbox 1278 669 1540 744; x_wconf 84' lang='lat' dir='ltr'>Hyrcanis</span> <span class='ocrx_word' id='word_1_54' title='bbox 1566 669 1783 726; x_wconf 77' lang='lat' dir='ltr'>Carina-</span> 
     </span>
     <span class='ocr_line' id='line_1_8' title="bbox 167 743 1779 822; baseline -0.002 -17"><span class='ocrx_word' id='word_1_55' title='bbox 167 751 392 822; x_wconf 84' lang='lat' dir='ltr'>&#39;niisque</span> <span class='ocrx_word' id='word_1_56' title='bbox 427 764 524 820; x_wconf 89' lang='lat' dir='ltr'>per</span> <span class='ocrx_word' id='word_1_57' title='bbox 563 745 884 802; x_wconf 82' lang='lat' dir='ltr'>adfinitatem</span> <span class='ocrx_word' id='word_1_58' title='bbox 924 746 1158 802; x_wconf 83' lang='lat' dir='ltr'>innexus</span> <span class='ocrx_word' id='word_1_59' title='bbox 1196 743 1324 818; x_wconf 87' lang='lat' dir='ltr'>erat)</span> <span class='ocrx_word' id='word_1_60' title='bbox 1362 751 1523 818; x_wconf 87' lang='lat' dir='ltr'>atque</span> <span class='ocrx_word' id='word_1_61' title='bbox 1567 747 1779 801; x_wconf 81' lang='lat' dir='ltr'>interim</span> 
     </span>
     <span class='ocr_line' id='line_1_9' title="bbox 173 819 1783 896; baseline -0.001 -17"><span class='ocrx_word' id='word_1_62' title='bbox 173 819 331 896; x_wconf 87' lang='lat' dir='ltr'>posse</span> <span class='ocrx_word' id='word_1_63' title='bbox 350 821 570 878; x_wconf 90' lang='lat' dir='ltr'>Parthos</span> <span class='ocrx_word' id='word_1_64' title='bbox 583 863 596 888; x_wconf 95' lang='lat'>,</span> <span class='ocrx_word' id='word_1_65' title='bbox 628 821 929 877; x_wconf 87' lang='lat' dir='ltr'>absentium</span> <span class='ocrx_word' id='word_1_66' title='bbox 949 837 1147 894; x_wconf 87' lang='lat' dir='ltr'>aequos</span> <span class='ocrx_word' id='word_1_67' title='bbox 1162 863 1175 888; x_wconf 90' lang='lat'>,</span> <span class='ocrx_word' id='word_1_68' title='bbox 1205 819 1579 894; x_wconf 87' lang='lat' dir='ltr'>praesentibus</span> <span class='ocrx_word' id='word_1_69' title='bbox 1611 821 1783 880; x_wconf 86' lang='lat' dir='ltr'>mohi-</span> 
     </span>
     <span class='ocr_line' id='line_1_10' title="bbox 177 896 1831 970; baseline -0.004 -16"><span class='ocrx_word' id='word_1_70' title='bbox 177 899 274 966; x_wconf 84' lang='lat' dir='ltr'>les,</span> <span class='ocrx_word' id='word_1_71' title='bbox 297 897 364 953; x_wconf 91' lang='lat' dir='ltr'>ad</span> <span class='ocrx_word' id='word_1_72' title='bbox 381 897 760 970; x_wconf 87' lang='lat' dir='ltr'>poenitentiam</span> <span class='ocrx_word' id='word_1_73' title='bbox 782 896 997 952; x_wconf 88' lang='lat' dir='ltr'>mutari.</span> <span class='ocrx_word' id='word_1_74' title='bbox 1760 962 1765 968; x_wconf 29' lang='lat'>&#39;</span> <span class='ocrx_word' id='word_1_75' title='bbox 1825 901 1831 907; x_wconf 82' lang='lat'><strong>‘</strong></span> 
     </span>
     <span class='ocr_line' id='line_1_11' title="bbox 287 969 1785 1046; baseline -0.001 -16"><span class='ocrx_word' id='word_1_76' title='bbox 287 973 370 1030; x_wconf 83' lang='lat'>37.</span> <span class='ocrx_word' id='word_1_77' title='bbox 412 973 482 1028; x_wconf 86' lang='lat' dir='ltr'>At</span> <span class='ocrx_word' id='word_1_78' title='bbox 498 972 742 1030; x_wconf 87' lang='lat' dir='ltr'>Vitellius</span> <span class='ocrx_word' id='word_1_79' title='bbox 758 1015 771 1038; x_wconf 90' lang='lat'>,</span> <span class='ocrx_word' id='word_1_80' title='bbox 795 970 1023 1046; x_wconf 83' lang='lat' dir='ltr'>profugo</span> <span class='ocrx_word' id='word_1_81' title='bbox 1042 969 1328 1038; x_wconf 80' lang='lat' dir='ltr'>Artabano,</span> <span class='ocrx_word' id='word_1_82' title='bbox 1356 980 1409 1028; x_wconf 90' lang='lat' dir='ltr'>et</span> <span class='ocrx_word' id='word_1_83' title='bbox 1426 970 1579 1040; x_wconf 81' lang='lat' dir='ltr'>flexis</span> <span class='ocrx_word' id='word_1_84' title='bbox 1599 971 1666 1028; x_wconf 90' lang='lat' dir='ltr'>ad</span> <span class='ocrx_word' id='word_1_85' title='bbox 1686 991 1785 1028; x_wconf 90' lang='lat' dir='ltr'>no-</span> 
     </span>
     <span class='ocr_line' id='line_1_12' title="bbox 176 1047 1778 1124; baseline -0.001 -19"><span class='ocrx_word' id='word_1_86' title='bbox 176 1068 304 1105; x_wconf 91' lang='lat' dir='ltr'>vum</span> <span class='ocrx_word' id='word_1_87' title='bbox 345 1067 525 1124; x_wconf 83' lang='lat' dir='ltr'>regem</span> <span class='ocrx_word' id='word_1_88' title='bbox 562 1047 907 1122; x_wconf 88' lang='lat' dir='ltr'>popularium</span> <span class='ocrx_word' id='word_1_89' title='bbox 946 1048 1145 1103; x_wconf 83' lang='lat' dir='ltr'>animis</span> <span class='ocrx_word' id='word_1_90' title='bbox 1160 1089 1175 1114; x_wconf 95' lang='lat'>,</span> <span class='ocrx_word' id='word_1_91' title='bbox 1216 1047 1457 1105; x_wconf 86' lang='lat' dir='ltr'>hortatus</span> <span class='ocrx_word' id='word_1_92' title='bbox 1487 1048 1778 1115; x_wconf 84' lang='lat' dir='ltr'>Tiridaten,</span> 
     </span>
     <span class='ocr_line' id='line_1_13' title="bbox 169 1122 1781 1198; baseline 0 -18"><span class='ocrx_word' id='word_1_93' title='bbox 169 1135 365 1195; x_wconf 84' lang='lat' dir='ltr'>parata</span> <span class='ocrx_word' id='word_1_94' title='bbox 387 1143 672 1196; x_wconf 78' lang='lat' dir='ltr'>capessere,</span> <span class='ocrx_word' id='word_1_95' title='bbox 705 1124 869 1180; x_wconf 86' lang='lat' dir='ltr'>robur</span> <span class='ocrx_word' id='word_1_96' title='bbox 898 1122 1173 1198; x_wconf 84' lang='lat' dir='ltr'>legionum</span> <span class='ocrx_word' id='word_1_97' title='bbox 1203 1124 1581 1198; x_wconf 87' lang='lat' dir='ltr'>sociorumque</span> <span class='ocrx_word' id='word_1_98' title='bbox 1604 1125 1781 1197; x_wconf 82' lang='lat' dir='ltr'>ripam</span> 
     </span>
     <span class='ocr_line' id='line_1_14' title="bbox 173 1197 1781 1273; baseline 0.001 -18"><span class='ocrx_word' id='word_1_99' title='bbox 173 1201 239 1256; x_wconf 91' lang='lat' dir='ltr'>ad</span> <span class='ocrx_word' id='word_1_100' title='bbox 265 1200 555 1273; x_wconf 84' lang='lat' dir='ltr'>Euphratis</span> <span class='ocrx_word' id='word_1_101' title='bbox 593 1199 758 1256; x_wconf 86' lang='lat' dir='ltr'>ducit.</span> <span class='ocrx_word' id='word_1_102' title='bbox 839 1197 1272 1255; x_wconf 83' lang='lat' dir='ltr'>Sacrificantibus</span> <span class='ocrx_word' id='word_1_103' title='bbox 1286 1241 1301 1266; x_wconf 96' lang='lat'>,</span> <span class='ocrx_word' id='word_1_104' title='bbox 1342 1218 1469 1256; x_wconf 88' lang='lat' dir='ltr'>eum</span> <span class='ocrx_word' id='word_1_105' title='bbox 1507 1200 1598 1256; x_wconf 89' lang='lat' dir='ltr'>hic</span> <span class='ocrx_word' id='word_1_106' title='bbox 1633 1218 1781 1256; x_wconf 88' lang='lat' dir='ltr'>more</span> 
     </span>
     <span class='ocr_line' id='line_1_15' title="bbox 169 1273 1780 1347; baseline -0.001 -15"><span class='ocrx_word' id='word_1_107' title='bbox 169 1277 408 1333; x_wconf 88' lang='lat' dir='ltr'>Romano</span> <span class='ocrx_word' id='word_1_108' title='bbox 427 1274 808 1333; x_wconf 85' lang='lat' dir='ltr'>suovetaurilia</span> <span class='ocrx_word' id='word_1_109' title='bbox 827 1273 994 1340; x_wconf 84' lang='lat' dir='ltr'>daret,</span> <span class='ocrx_word' id='word_1_110' title='bbox 1017 1273 1111 1330; x_wconf 88' lang='lat' dir='ltr'>ille</span> <span class='ocrx_word' id='word_1_111' title='bbox 1134 1291 1337 1346; x_wconf 89' lang='lat' dir='ltr'>equum</span> <span class='ocrx_word' id='word_1_112' title='bbox 1354 1274 1612 1347; x_wconf 88' lang='lat' dir='ltr'>placando</span> <span class='ocrx_word' id='word_1_113' title='bbox 1631 1277 1780 1332; x_wconf 87' lang='lat' dir='ltr'>amni</span> 
     </span>
     <span class='ocr_line' id='line_1_16' title="bbox 172 1347 1783 1421; baseline -0.001 -14"><span class='ocrx_word' id='word_1_114' title='bbox 172 1352 506 1418; x_wconf 86' lang='lat' dir='ltr'>adornasset,</span> <span class='ocrx_word' id='word_1_115' title='bbox 537 1352 854 1407; x_wconf 86' lang='lat' dir='ltr'>nuntiavere</span> <span class='ocrx_word' id='word_1_116' title='bbox 880 1347 1118 1415; x_wconf 82' lang='lat' dir='ltr'>accolae,</span> <span class='ocrx_word' id='word_1_117' title='bbox 1157 1348 1467 1421; x_wconf 87' lang='lat' dir='ltr'>Euphraten</span> <span class='ocrx_word' id='word_1_118' title='bbox 1497 1349 1646 1406; x_wconf 89' lang='lat' dir='ltr'>nulla</span> <span class='ocrx_word' id='word_1_119' title='bbox 1676 1351 1783 1406; x_wconf 87' lang='lat' dir='ltr'>im-</span> 
     </span>
     <span class='ocr_line' id='line_1_17' title="bbox 171 1422 1783 1500; baseline -0.002 -17"><span class='ocrx_word' id='word_1_120' title='bbox 171 1429 354 1484; x_wconf 90' lang='lat' dir='ltr'>brium</span> <span class='ocrx_word' id='word_1_121' title='bbox 382 1428 439 1482; x_wconf 83' lang='lat' dir='ltr'>vi</span> <span class='ocrx_word' id='word_1_122' title='bbox 455 1469 468 1494; x_wconf 91' lang='lat'>‚</span> <span class='ocrx_word' id='word_1_123' title='bbox 499 1434 690 1500; x_wconf 84' lang='lat' dir='ltr'>sponte</span> <span class='ocrx_word' id='word_1_124' title='bbox 717 1432 769 1480; x_wconf 87' lang='lat' dir='ltr'>et</span> <span class='ocrx_word' id='word_1_125' title='bbox 787 1423 1102 1479; x_wconf 86' lang='lat' dir='ltr'>inmensum</span> <span class='ocrx_word' id='word_1_126' title='bbox 1122 1422 1327 1492; x_wconf 89' lang='lat' dir='ltr'>adtolli;</span> <span class='ocrx_word' id='word_1_127' title='bbox 1370 1423 1535 1478; x_wconf 88' lang='lat' dir='ltr'>simul</span> <span class='ocrx_word' id='word_1_128' title='bbox 1556 1424 1783 1480; x_wconf 88' lang='lat' dir='ltr'>albenti-</span> 
     </span>
     <span class='ocr_line' id='line_1_18' title="bbox 170 1497 1779 1577; baseline -0.003 -18"><span class='ocrx_word' id='word_1_129' title='bbox 170 1503 276 1559; x_wconf 82' lang='lat' dir='ltr'>bus</span> <span class='ocrx_word' id='word_1_130' title='bbox 306 1502 548 1577; x_wconf 75' lang='lat' dir='ltr'>spumiS,</span> <span class='ocrx_word' id='word_1_131' title='bbox 590 1503 648 1556; x_wconf 94' lang='lat' dir='ltr'>in</span> <span class='ocrx_word' id='word_1_132' title='bbox 689 1497 912 1555; x_wconf 91' lang='lat' dir='ltr'>modum</span> <span class='ocrx_word' id='word_1_133' title='bbox 953 1497 1267 1553; x_wconf 84' lang='lat' dir='ltr'>diadematis</span> <span class='ocrx_word' id='word_1_134' title='bbox 1284 1540 1297 1565; x_wconf 88' lang='lat'>,</span> <span class='ocrx_word' id='word_1_135' title='bbox 1340 1499 1558 1555; x_wconf 84' lang='lat' dir='ltr'>sinuare</span> <span class='ocrx_word' id='word_1_136' title='bbox 1596 1499 1779 1570; x_wconf 86' lang='lat' dir='ltr'>orbes;</span> 
     </span>
     <span class='ocr_line' id='line_1_19' title="bbox 171 1570 1783 1652; baseline -0.002 -18"><span class='ocrx_word' id='word_1_137' title='bbox 171 1579 477 1652; x_wconf 85' lang='lat' dir='ltr'>auspicium</span> <span class='ocrx_word' id='word_1_138' title='bbox 509 1575 754 1649; x_wconf 88' lang='lat' dir='ltr'>prosperi</span> <span class='ocrx_word' id='word_1_139' title='bbox 794 1583 1183 1647; x_wconf 76' lang='lat' dir='ltr'>transgressus·</span> <span class='ocrx_word' id='word_1_140' title='bbox 1264 1570 1497 1640; x_wconf 83' lang='lat' dir='ltr'>Quidam</span> <span class='ocrx_word' id='word_1_141' title='bbox 1536 1573 1783 1631; x_wconf 88' lang='lat' dir='ltr'>callidius</span> 
     </span>
     <span class='ocr_line' id='line_1_20' title="bbox 171 1652 1782 1725; baseline -0.001 -17"><span class='ocrx_word' id='word_1_142' title='bbox 171 1652 651 1725; x_wconf 84' lang='lat' dir='ltr'>interpretabantur</span> <span class='ocrx_word' id='word_1_143' title='bbox 663 1692 677 1718; x_wconf 90' lang='lat'>‚</span> <span class='ocrx_word' id='word_1_144' title='bbox 701 1654 858 1706; x_wconf 77' lang='lat' dir='ltr'>initia</span> <span class='ocrx_word' id='word_1_145' title='bbox 879 1658 1095 1719; x_wconf 69' lang='lat' dir='ltr'>conatus</span> <span class='ocrx_word' id='word_1_146' title='bbox 1113 1652 1365 1714; x_wconf 81' lang='lat' dir='ltr'>secunda,</span> <span class='ocrx_word' id='word_1_147' title='bbox 1392 1667 1554 1721; x_wconf 79' lang='lat' dir='ltr'>neque</span> <span class='ocrx_word' id='word_1_148' title='bbox 1573 1654 1782 1707; x_wconf 83' lang='lat' dir='ltr'>diutur-</span> 
     </span>
     <span class='ocr_line' id='line_1_21' title="bbox 171 1727 1782 1799; baseline -0.001 -15"><span class='ocrx_word' id='word_1_149' title='bbox 171 1748 272 1786; x_wconf 79' lang='lat' dir='ltr'>na:</span> <span class='ocrx_word' id='word_1_150' title='bbox 295 1732 422 1799; x_wconf 83' lang='lat' dir='ltr'>quia</span> <span class='ocrx_word' id='word_1_151' title='bbox 441 1744 632 1789; x_wconf 87' lang='lat' dir='ltr'>eorum,</span> <span class='ocrx_word' id='word_1_152' title='bbox 657 1742 791 1797; x_wconf 81' lang='lat' dir='ltr'>quae</span> <span class='ocrx_word' id='word_1_153' title='bbox 812 1733 956 1781; x_wconf 87' lang='lat' dir='ltr'>terra</span> <span class='ocrx_word' id='word_1_154' title='bbox 978 1727 1181 1780; x_wconf 83' lang='lat' dir='ltr'>caelove</span> <span class='ocrx_word' id='word_1_155' title='bbox 1192 1729 1643 1795; x_wconf 77' lang='lat' dir='ltr'>portenderentur,</span> <span class='ocrx_word' id='word_1_156' title='bbox 1668 1745 1782 1783; x_wconf 86' lang='lat' dir='ltr'>cer-</span> 
     </span>
     <span class='ocr_line' id='line_1_22' title="bbox 174 1804 1782 1873; baseline 0 -15"><span class='ocrx_word' id='word_1_157' title='bbox 174 1810 278 1859; x_wconf 85' lang='lat' dir='ltr'>tior</span> <span class='ocrx_word' id='word_1_158' title='bbox 305 1806 460 1873; x_wconf 77' lang='lat' dir='ltr'>fides;</span> <span class='ocrx_word' id='word_1_159' title='bbox 500 1806 768 1869; x_wconf 73' lang='lat' dir='ltr'>fluminum</span> <span class='ocrx_word' id='word_1_160' title='bbox 797 1804 1061 1857; x_wconf 79' lang='lat' dir='ltr'>instabilis</span> <span class='ocrx_word' id='word_1_161' title='bbox 1086 1809 1282 1857; x_wconf 80' lang='lat' dir='ltr'>natura</span> <span class='ocrx_word' id='word_1_162' title='bbox 1307 1804 1465 1857; x_wconf 79' lang='lat' dir='ltr'>simul</span> <span class='ocrx_word' id='word_1_163' title='bbox 1496 1807 1782 1859; x_wconf 79' lang='lat' dir='ltr'>ostenderet</span> 
     </span>
    </p>
   </div>
   <div class='ocr_carea' id='block_1_3' title="bbox 73 1874 1781 1949">
    <p class='ocr_par' dir='ltr' id='par_1_3' title="bbox 73 1874 1781 1949">
     <span class='ocr_line' id='line_1_23' title="bbox 73 1874 1781 1949; baseline 0 -16"><span class='ocrx_word' id='word_1_164' title='bbox 73 1910 78 1913; x_wconf 96' lang='lat'>-</span> <span class='ocrx_word' id='word_1_165' title='bbox 172 1882 349 1934; x_wconf 80' lang='lat' dir='ltr'>omina</span> <span class='ocrx_word' id='word_1_166' title='bbox 368 1885 691 1945; x_wconf 79' lang='lat' dir='ltr'>raperetque.</span> <span class='ocrx_word' id='word_1_167' title='bbox 769 1874 871 1932; x_wconf 88' lang='lat' dir='ltr'>Sed</span> <span class='ocrx_word' id='word_1_168' title='bbox 889 1884 1050 1949; x_wconf 90' lang='lat' dir='ltr'>ponte</span> <span class='ocrx_word' id='word_1_169' title='bbox 1069 1876 1301 1932; x_wconf 87' lang='lat' dir='ltr'>navibus</span> <span class='ocrx_word' id='word_1_170' title='bbox 1327 1876 1535 1945; x_wconf 84' lang='lat' dir='ltr'>effecto,</span> <span class='ocrx_word' id='word_1_171' title='bbox 1566 1880 1781 1933; x_wconf 87' lang='lat' dir='ltr'>tramis-</span> 
     </span>
    </p>
   </div>
   <div class='ocr_carea' id='block_1_4' title="bbox 171 1950 1851 2404">
    <p class='ocr_par' dir='ltr' id='par_1_4' title="bbox 171 1950 1851 2404">
     <span class='ocr_line' id='line_1_24' title="bbox 173 1950 1779 2025; baseline -0.001 -16"><span class='ocrx_word' id='word_1_172' title='bbox 173 1970 344 2025; x_wconf 90' lang='lat' dir='ltr'>soque</span> <span class='ocrx_word' id='word_1_173' title='bbox 381 1952 615 2009; x_wconf 81' lang='lat' dir='ltr'>exercitu</span> <span class='ocrx_word' id='word_1_174' title='bbox 629 1993 644 2017; x_wconf 94' lang='lat'>,</span> <span class='ocrx_word' id='word_1_175' title='bbox 683 1952 896 2023; x_wconf 84' lang='lat' dir='ltr'>primus</span> <span class='ocrx_word' id='word_1_176' title='bbox 930 1950 1268 2024; x_wconf 87' lang='lat' dir='ltr'>Ornospades</span> <span class='ocrx_word' id='word_1_177' title='bbox 1304 1951 1493 2008; x_wconf 85' lang='lat' dir='ltr'>multis</span> <span class='ocrx_word' id='word_1_178' title='bbox 1532 1954 1779 2024; x_wconf 82' lang='lat' dir='ltr'>equitum</span> 
     </span>
     <span class='ocr_line' id='line_1_25' title="bbox 172 2025 1777 2099; baseline -0.001 -15"><span class='ocrx_word' id='word_1_179' title='bbox 172 2026 420 2085; x_wconf 89' lang='lat' dir='ltr'>millibus</span> <span class='ocrx_word' id='word_1_180' title='bbox 449 2028 508 2083; x_wconf 93' lang='lat' dir='ltr'>in</span> <span class='ocrx_word' id='word_1_181' title='bbox 534 2034 704 2082; x_wconf 89' lang='lat' dir='ltr'>castra</span> <span class='ocrx_word' id='word_1_182' title='bbox 733 2028 906 2083; x_wconf 87' lang='lat' dir='ltr'>venit:</span> <span class='ocrx_word' id='word_1_183' title='bbox 949 2025 1105 2083; x_wconf 87' lang='lat' dir='ltr'>exsul</span> <span class='ocrx_word' id='word_1_184' title='bbox 1132 2026 1405 2099; x_wconf 88' lang='lat' dir='ltr'>quondam</span> <span class='ocrx_word' id='word_1_185' title='bbox 1420 2069 1434 2093; x_wconf 94' lang='lat'>,</span> <span class='ocrx_word' id='word_1_186' title='bbox 1466 2034 1519 2083; x_wconf 88' lang='lat' dir='ltr'>et</span> <span class='ocrx_word' id='word_1_187' title='bbox 1546 2027 1777 2094; x_wconf 88' lang='lat' dir='ltr'>Tiberio,</span> 
     </span>
     <span class='ocr_line' id='line_1_26' title="bbox 171 2100 1781 2177; baseline -0.001 -17"><span class='ocrx_word' id='word_1_188' title='bbox 171 2123 297 2160; x_wconf 86' lang='lat' dir='ltr'>oum</span> <span class='ocrx_word' id='word_1_189' title='bbox 337 2100 692 2159; x_wconf 87' lang='lat' dir='ltr'>Dalmaticum</span> <span class='ocrx_word' id='word_1_190' title='bbox 731 2101 937 2159; x_wconf 86' lang='lat' dir='ltr'>bellum</span> <span class='ocrx_word' id='word_1_191' title='bbox 976 2101 1280 2169; x_wconf 88' lang='lat' dir='ltr'>conficeret,</span> <span class='ocrx_word' id='word_1_192' title='bbox 1326 2102 1475 2159; x_wconf 89' lang='lat' dir='ltr'>haud</span> <span class='ocrx_word' id='word_1_193' title='bbox 1517 2101 1781 2177; x_wconf 81' lang='lat' dir='ltr'>inglorius</span> 
     </span>
     <span class='ocr_line' id='line_1_27' title="bbox 172 2178 1851 2251; baseline -0.003 -14"><span class='ocrx_word' id='word_1_194' title='bbox 172 2178 475 2244; x_wconf 81' lang='lat' dir='ltr'>auxiliator,</span> <span class='ocrx_word' id='word_1_195' title='bbox 497 2195 668 2251; x_wconf 88' lang='lat' dir='ltr'>eoque</span> <span class='ocrx_word' id='word_1_196' title='bbox 691 2179 902 2235; x_wconf 86' lang='lat' dir='ltr'>civitate</span> <span class='ocrx_word' id='word_1_197' title='bbox 920 2178 1158 2233; x_wconf 87' lang='lat' dir='ltr'>Romana</span> <span class='ocrx_word' id='word_1_198' title='bbox 1177 2178 1433 2235; x_wconf 87' lang='lat' dir='ltr'>donatus:</span> <span class='ocrx_word' id='word_1_199' title='bbox 1457 2195 1605 2245; x_wconf 84' lang='lat' dir='ltr'>mox,</span> <span class='ocrx_word' id='word_1_200' title='bbox 1627 2195 1780 2251; x_wconf 85' lang='lat' dir='ltr'>repe—</span> <span class='ocrx_word' id='word_1_201' title='bbox 1842 2203 1851 2211; x_wconf 89' lang='lat'><em>-</em></span> 
     </span>
     <span class='ocr_line' id='line_1_28' title="bbox 171 2251 1780 2329; baseline -0.002 -17"><span class='ocrx_word' id='word_1_202' title='bbox 171 2258 266 2313; x_wconf 88' lang='lat' dir='ltr'>tita</span> <span class='ocrx_word' id='word_1_203' title='bbox 286 2253 518 2311; x_wconf 88' lang='lat' dir='ltr'>amicitia</span> <span class='ocrx_word' id='word_1_204' title='bbox 538 2255 680 2329; x_wconf 82' lang='lat' dir='ltr'>regis</span> <span class='ocrx_word' id='word_1_205' title='bbox 694 2295 707 2319; x_wconf 91' lang='lat'>,</span> <span class='ocrx_word' id='word_1_206' title='bbox 739 2253 909 2311; x_wconf 88' lang='lat' dir='ltr'>multo</span> <span class='ocrx_word' id='word_1_207' title='bbox 927 2251 1072 2325; x_wconf 90' lang='lat' dir='ltr'>apud</span> <span class='ocrx_word' id='word_1_208' title='bbox 1090 2270 1215 2308; x_wconf 92' lang='lat' dir='ltr'>eum</span> <span class='ocrx_word' id='word_1_209' title='bbox 1234 2253 1435 2310; x_wconf 89' lang='lat' dir='ltr'>honore</span> <span class='ocrx_word' id='word_1_210' title='bbox 1450 2294 1463 2319; x_wconf 95' lang='lat'>,</span> <span class='ocrx_word' id='word_1_211' title='bbox 1484 2252 1780 2326; x_wconf 79' lang='lat' dir='ltr'>praefectus</span> 
     </span>
     <span class='ocr_line' id='line_1_29' title="bbox 173 2328 1781 2404; baseline -0.001 -17"><span class='ocrx_word' id='word_1_212' title='bbox 173 2332 378 2404; x_wconf 86' lang='lat' dir='ltr'>campis</span> <span class='ocrx_word' id='word_1_213' title='bbox 393 2371 408 2396; x_wconf 94' lang='lat'>,</span> <span class='ocrx_word' id='word_1_214' title='bbox 440 2329 538 2403; x_wconf 90' lang='lat' dir='ltr'>qui</span> <span class='ocrx_word' id='word_1_215' title='bbox 555 2328 828 2402; x_wconf 87' lang='lat' dir='ltr'>Euphrate</span> <span class='ocrx_word' id='word_1_216' title='bbox 847 2337 898 2385; x_wconf 90' lang='lat' dir='ltr'>et</span> <span class='ocrx_word' id='word_1_217' title='bbox 916 2329 1075 2403; x_wconf 83' lang='lat' dir='ltr'>Tigre</span> <span class='ocrx_word' id='word_1_218' title='bbox 1088 2370 1103 2395; x_wconf 95' lang='lat'>,</span> <span class='ocrx_word' id='word_1_219' title='bbox 1136 2328 1353 2387; x_wconf 89' lang='lat' dir='ltr'>inclutis</span> <span class='ocrx_word' id='word_1_220' title='bbox 1370 2330 1623 2385; x_wconf 87' lang='lat' dir='ltr'>amnibus</span> <span class='ocrx_word' id='word_1_221' title='bbox 1639 2371 1653 2396; x_wconf 89' lang='lat'>,</span> <span class='ocrx_word' id='word_1_222' title='bbox 1676 2330 1781 2386; x_wconf 88' lang='lat' dir='ltr'>cir-</span> 
     </span>
    </p>
   </div>
   <div class='ocr_carea' id='block_1_5' title="bbox 71 2404 1781 2478">
    <p class='ocr_par' dir='ltr' id='par_1_5' title="bbox 71 2404 1781 2478">
     <span class='ocr_line' id='line_1_30' title="bbox 71 2404 1781 2478; baseline -0.001 -17"><span class='ocrx_word' id='word_1_223' title='bbox 71 2452 80 2461; x_wconf 39' lang='lat'>,</span> <span class='ocrx_word' id='word_1_224' title='bbox 173 2404 426 2472; x_wconf 87' lang='lat' dir='ltr'>cumssui,</span> <span class='ocrx_word' id='word_1_225' title='bbox 485 2404 892 2477; x_wconf 86' lang='lat' dir='ltr'>Mesopotamiae</span> <span class='ocrx_word' id='word_1_226' title='bbox 939 2421 1134 2461; x_wconf 89' lang='lat' dir='ltr'>nomen</span> <span class='ocrx_word' id='word_1_227' title='bbox 1180 2411 1515 2477; x_wconf 81' lang='lat' dir='ltr'>acceperunt.</span> <span class='ocrx_word' id='word_1_228' title='bbox 1593 2406 1781 2478; x_wconf 88' lang='lat' dir='ltr'>Neque</span> 
     </span>
    </p>
   </div>
   <div class='ocr_carea' id='block_1_6' title="bbox 171 2478 1782 2791">
    <p class='ocr_par' dir='ltr' id='par_1_6' title="bbox 171 2478 1782 2791">
     <span class='ocr_line' id='line_1_31' title="bbox 173 2478 1779 2555; baseline -0.001 -17"><span class='ocrx_word' id='word_1_229' title='bbox 173 2481 343 2538; x_wconf 88' lang='lat' dir='ltr'>multo</span> <span class='ocrx_word' id='word_1_230' title='bbox 362 2488 482 2553; x_wconf 83' lang='lat' dir='ltr'>post</span> <span class='ocrx_word' id='word_1_231' title='bbox 500 2478 754 2535; x_wconf 87' lang='lat' dir='ltr'>Sinnaces</span> <span class='ocrx_word' id='word_1_232' title='bbox 775 2487 933 2555; x_wconf 85' lang='lat' dir='ltr'>auget</span> <span class='ocrx_word' id='word_1_233' title='bbox 951 2481 1159 2552; x_wconf 89' lang='lat' dir='ltr'>copias:</span> <span class='ocrx_word' id='word_1_234' title='bbox 1204 2489 1254 2535; x_wconf 90' lang='lat' dir='ltr'>et</span> <span class='ocrx_word' id='word_1_235' title='bbox 1279 2478 1524 2537; x_wconf 88' lang='lat' dir='ltr'>columen</span> <span class='ocrx_word' id='word_1_236' title='bbox 1543 2481 1779 2552; x_wconf 88' lang='lat' dir='ltr'>partium</span> 
     </span>
     <span class='ocr_line' id='line_1_32' title="bbox 173 2554 1777 2632; baseline -0.001 -20"><span class='ocrx_word' id='word_1_237' title='bbox 173 2557 481 2632; x_wconf 82' lang='lat' dir='ltr'>Abdageses</span> <span class='ocrx_word' id='word_1_238' title='bbox 505 2573 693 2631; x_wconf 87' lang='lat' dir='ltr'>gazam</span> <span class='ocrx_word' id='word_1_239' title='bbox 723 2564 774 2611; x_wconf 89' lang='lat' dir='ltr'>et</span> <span class='ocrx_word' id='word_1_240' title='bbox 797 2564 1014 2628; x_wconf 87' lang='lat' dir='ltr'>paratus</span> <span class='ocrx_word' id='word_1_241' title='bbox 1035 2556 1211 2631; x_wconf 81' lang='lat' dir='ltr'>regios</span> <span class='ocrx_word' id='word_1_242' title='bbox 1230 2554 1429 2611; x_wconf 89' lang='lat' dir='ltr'>adiicit.</span> <span class='ocrx_word' id='word_1_243' title='bbox 1507 2556 1777 2624; x_wconf 84' lang='lat' dir='ltr'>Vitellius,</span> 
     </span>
     <span class='ocr_line' id='line_1_33' title="bbox 172 2631 1782 2697; baseline 0.001 -9"><span class='ocrx_word' id='word_1_244' title='bbox 172 2642 465 2689; x_wconf 87' lang='lat' dir='ltr'>ostentasse</span> <span class='ocrx_word' id='word_1_245' title='bbox 491 2632 730 2688; x_wconf 84' lang='lat' dir='ltr'>Romana</span> <span class='ocrx_word' id='word_1_246' title='bbox 757 2650 904 2687; x_wconf 88' lang='lat' dir='ltr'>arma</span> <span class='ocrx_word' id='word_1_247' title='bbox 934 2632 1065 2689; x_wconf 85' lang='lat' dir='ltr'>satis</span> <span class='ocrx_word' id='word_1_248' title='bbox 1094 2638 1241 2686; x_wconf 88' lang='lat' dir='ltr'>ratus</span> <span class='ocrx_word' id='word_1_249' title='bbox 1258 2673 1270 2697; x_wconf 93' lang='lat'>,</span> <span class='ocrx_word' id='word_1_250' title='bbox 1306 2638 1485 2686; x_wconf 90' lang='lat' dir='ltr'>monet</span> <span class='ocrx_word' id='word_1_251' title='bbox 1512 2631 1782 2689; x_wconf 86' lang='lat' dir='ltr'>Tiridaten</span> 
     </span>
     <span class='ocr_line' id='line_1_34' title="bbox 171 2706 1777 2791; baseline 0 -28"><span class='ocrx_word' id='word_1_252' title='bbox 171 2710 570 2791; x_wconf 73' lang='lat' dir='ltr'>primoresque:</span> <span class='ocrx_word' id='word_1_253' title='bbox 613 2708 788 2777; x_wconf 87' lang='lat' dir='ltr'>hunc,</span> <span class='ocrx_word' id='word_1_254' title='bbox 820 2710 1099 2767; x_wconf 75' lang='lat' dir='ltr'>Phrahatis</span> <span class='ocrx_word' id='word_1_255' title='bbox 1126 2712 1217 2766; x_wconf 81' lang='lat' dir='ltr'>avi</span> <span class='ocrx_word' id='word_1_256' title='bbox 1242 2716 1289 2763; x_wconf 84' lang='lat' dir='ltr'>et</span> <span class='ocrx_word' id='word_1_257' title='bbox 1308 2709 1494 2767; x_wconf 74' lang='lat' dir='ltr'>altoris</span> <span class='ocrx_word' id='word_1_258' title='bbox 1520 2706 1777 2767; x_wconf 77' lang='lat' dir='ltr'>Caesaris.</span> 
     </span>
    </p>
   </div>
  </div>
 </body>
</html>
