2081 3038
308 188 403 239 368
855 154 1332 237 ANNALIUM
1632 182 1701 254 (A.
1728 202 1776 237 U.
1805 196 1882 239 sm

307 309 512 355 rumor,
535 291 846 364 subiugum
869 292 1065 346 missas
1086 290 1339 365 legione5‚
1364 300 1416 345 et
1434 290 1532 347 alia
1556 308 1621 345 ex
1643 292 1805 346 rebus
1822 294 1909 347 in—
1962 286 1969 297 '

296 368 516 431 Ἔθαψε,
548 384 778 438 quorum
809 366 1163 427 simulacrum
1189 367 1255 421 ab
1288 367 1557 422 Armeniis
1588 377 1905 437 usurpatum

306 450 403 497 est.
483 443 730 515 Namque
757 450 808 496 et
836 443 1169 497 munimenta
1197 443 1425 514 ingressi
1452 450 1597 507 sunt,
1620 450 1907 513 antequam

307 536 498 591 agmen
523 518 823 573 Romanum
851 516 1143 583 excederet,
1176 523 1227 571 et
1244 518 1637 572 circumstetere
1656 518 1791 583 viaS,
1821 535 1909 572 ca-

303 594 452 665 ptiva
487 592 618 648 olim
648 594 911 664 mancipia
941 602 1033 648 aut
1062 594 1297 649 iumenta
1334 600 1679 667 agnoscentes
1704 593 1911 648 abstra-
1948 604 1969 627 ⁶

306 668 618 741 hentesque.
698 669 894 739 Raptae
913 670 1071 723 etiam
1092 676 1285 733 vestes,
1308 676 1505 723 retenta
1524 686 1693 734 arma,
1714 669 1910 739 pavido

305 743 477 799 milite
507 752 560 798 et
579 743 920 809 concedente,
963 761 1030 798 ne
1055 760 1163 817 qua
1188 741 1377 814 praelii
1402 760 1591 798 caussa
1610 744 1905 799 exsisteret.

297 812 589 894 -Vologeses
603 860 617 884 ,
659 819 824 873 armis
861 827 913 874 et
938 818 1250 891 corporibus
1278 835 1554 873 caesorum
1582 818 1907 893 adgregatis,

306 912 416 968 quo
443 894 647 950 cladem
676 902 910 950 nostram
935 901 1231 958 testaretur,
1258 894 1381 948 visu
1400 892 1723 967 fugientium
1744 893 1912 969 legio-

307 988 442 1025 num
459 969 735 1025 abstinuit.
785 970 950 1024 Fama
972 969 1347 1025 moderationis
1368 969 1740 1041 quaerebatur,
1762 978 1912 1043 post-

305 1063 472 1117 quam
497 1044 806 1116 superbiam
835 1045 1154 1116 expleverat.
1233 1041 1463 1099 Flumen
1490 1044 1773 1101 Arsaniam
1802 1044 1913 1101 ele-

304 1120 505 1192 phanto
531 1117 791 1185 insidens,
822 1127 876 1174 et
901 1120 1183 1191 proximus
1210 1118 1447 1191 quisque
1466 1137 1645 1193 regem
1665 1122 1723 1176 vi
1742 1139 1915 1193 equo—

306 1213 427 1249 rum
456 1211 768 1268 perrupere,
801 1196 930 1267 quia
958 1212 1144 1251 rumor
1158 1195 1465 1259 incesserat,
1489 1203 1705 1267 pontem
1725 1214 1915 1252 cessu—

306 1288 430 1325 rum
467 1270 616 1325 oneri
653 1269 775 1325 dolo
812 1268 1207 1326 fabricantium.
1288 1268 1391 1325 Sed
1426 1272 1524 1342 qui
1551 1270 1761 1344 ingredi
1791 1275 1912 1328 ausi

305 1353 451 1410 sunt,
475 1342 716 1403 validum
735 1353 788 1402 et
805 1345 974 1401 fidum
993 1344 1319 1401 intellexere.

305 1469 310 1477 ,
419 1424 502 1476 ⁴6.
544 1418 791 1477 Ceterum
811 1421 1047 1477 obsessis
1066 1421 1197 1477 adeo
1212 1419 1641 1494 suppeditavisse
1660 1438 1775 1477 rem
1795 1422 1915 1479 fru-

307 1496 621 1554 mentariam
650 1498 902 1564 constitit,
932 1505 994 1555 ut
1010 1497 1217 1554 horreis
1234 1496 1418 1572 ignem
1435 1496 1739 1554 iniicerent:
1782 1516 1914 1556 con-

303 1582 494 1645 traque
519 1573 810 1645 prodiderit
828 1571 1079 1640 Corbulo,
1109 1575 1330 1629 Parthos
1357 1577 1533 1642 inopes
1552 1578 1840 1643 copiarum,
1862 1585 1913 1630 et

297 1651 495 1718 pabulo
520 1653 735 1714 adtrito,
763 1653 1040 1704 relicturos
1074 1653 1520 1718 oppuynationem,
1541 1667 1703 1720 mque
1720 1667 1777 1704 se
1786 1652 1914 1719 plus

305 1727 471 1778 tridui
488 1727 674 1778 itinere
689 1727 934 1794 abfuisse.
1003 1723 1230 1790 Adiecit,
1254 1729 1595 1780 iureiurando
1614 1725 1762 1780 Paeti
1781 1743 1915 1780 cau-

305 1796 414 1852 ticm
439 1802 582 1866 apud
607 1802 776 1869 siqua,
821 1803 1151 1854 adstantibus
1180 1803 1265 1864 iis,
1306 1804 1445 1869 quod
1471 1803 1790 1872 testificando
1808 1819 1914 1856 rex

304 1878 542 1937 misisset,
583 1879 833 1930 nminem
869 1876 1157 1930 Romanum
1196 1869 1497 1930 Armenidm
1533 1880 1912 1946 ingressurum,

303 1954 463 2004 donec
499 1954 821 2020 reserrentur
858 1953 1063 2005 litterae
1102 1951 1344 2016 Neronis,
1384 1969 1459 2006 an
1488 1957 1616 2020 paci
1640 1955 1913 2006 adnuerat.

304 2024 453 2091 Quae
479 2031 541 2080 ut
565 2024 838 2100 augendae
856 2024 1109 2080 infamiae
1132 2027 1443 2097 composita,
1476 2027 1556 2082 sic
1573 2023 1781 2099 reliqua
1800 2043 1917 2082 non

304 2101 362 2156 in
401 2099 630 2160 obscuro
666 2099 956 2155 habentur:
1019 2118 1128 2156 una
1166 2100 1255 2156 die
1283 2100 1633 2175 quadraginta
1672 2099 1917 2158 millium

259 2238 264 2242 ,
303 2176 539 2247 spatium
567 2191 847 2232 emensum
877 2192 994 2232 esse
1027 2176 1269 2240 Paetum,
1301 2176 1525 2231 desertis
1551 2177 1755 2249 passim
1780 2193 1920 2233 sau-

305 2252 433 2319 ciis3
479 2267 661 2324 neque
687 2251 870 2306 minus
899 2250 1193 2308 deformem
1220 2250 1368 2307 illam
1398 2251 1719 2326 fugientium
1744 2253 1919 2326 trepi-

303 2327 590 2392 dationem,
630 2343 797 2399 quam
823 2329 870 2382 si
900 2335 1044 2400 terga
1062 2329 1121 2383 in
1140 2327 1253 2382 acie
1273 2327 1574 2383 vestissent.
1654 2326 1914 2396 Corbulo,

304 2419 430 2456 cum
449 2402 568 2457 suis
587 2401 755 2473 copiis
775 2402 917 2474 apud
936 2403 1111 2474 ripam
1124 2401 1415 2473 Euphratis
1434 2402 1647 2468 obvius,
1662 2421 1769 2458 non
1789 2421 1915 2460 eam

303 2477 536 2548 speciem
555 2477 854 2551 insignium
881 2486 932 2532 et
950 2495 1223 2534 armorum
1242 2478 1518 2548 praetulit,
1551 2487 1610 2535 ut
1627 2478 1919 2534 diversita-

303 2560 410 2606 tem
433 2552 787 2624 exprobraret.
841 2553 1045 2614 ,Maesti
1064 2553 1349 2624 manipuli,
1372 2572 1435 2609 ac
1450 2555 1623 2613 vicem
1642 2554 1919 2610 commili-

305 2634 490 2681 tonum
511 2629 843 2695 miserantes,
867 2647 940 2700 ne¹
954 2628 1191 2684 lacrimis
1210 2629 1432 2700 quidem
1453 2637 1763 2702 temperare.
1804 2631 1918 2687 Vix

305 2717 432 2772 prae
451 2700 574 2758 fletu
595 2711 849 2776 usurpata
869 2703 1232 2760 consalutatio.
1311 2705 1613 2762 Decesserat
1640 2713 1915 2762 certamen

2078 251 2081 288 4
