2081 3038
25 2440 27 2459 ι

25 2464 29 2489 l

26 2588 29 2639 Ι

26 2640 31 2678 ι

280 199 378 254 att
837 205 1306 252 ANNAan
1610 195 1883 270 (mmsis.

282 323 474 363 norum
503 306 732 377 potentia
753 313 889 360 erat:
932 307 1390 376 mirabanturque,
1418 307 1566 378 quod
1585 305 1698 362 dux
1717 315 1770 362 et
1790 325 1890 362 ex-

280 381 496 445 ercituS,
518 379 648 438 tanti
669 380 795 436 belli
816 379 1097 446 consector,
1121 381 1354 436 servitiis
1374 380 1665 436 obedirent.
1733 381 1890 438 Cun-

279 465 360 511 cta
382 463 557 511 tamen
576 454 644 511 ad
663 457 1033 528 imperatorem
1053 458 1112 511 in
1133 455 1350 511 mollius
1372 456 1560 512 relata:
1611 456 1891 515 detentus-

278 548 389 604 que
406 531 568 587 rebus
584 531 844 604 gerundis
862 530 1170 597 SuetoniuS,
1202 531 1346 602 quod
1362 539 1482 602 post
1499 549 1697 605 paucas
1717 549 1890 588 naves

280 608 337 661 in
377 606 529 664 litore
565 607 964 680 remigiumque
988 607 1048 660 in
1079 607 1148 660 iis
1175 607 1444 670 amiserat,
1475 616 1750 679 tamquam
1780 607 1889 662 du-

282 689 429 737 rante
447 679 606 747 bello,
627 681 832 736 tradere
850 683 1142 736 exercitum
1162 681 1404 736 Petronio
1423 681 1755 754 Turpiliano,
1781 684 1888 754 qui

283 758 390 813 iam
410 755 689 814 consulatu
714 755 932 820 abierat,
954 754 1188 812 iubetur.
1268 757 1320 810 Is
1347 773 1454 811 non
1472 757 1686 812 inritato
1707 755 1882 823 hoste,

280 849 457 905 neque
484 831 779 896 lacessitus,
803 831 1086 886 honestum
1109 829 1256 902 pacis
1282 847 1476 886 nomen
1498 834 1650 908 segni
1670 833 1776 888 otio
1798 833 1888 888 in-

378 908 475 963 uit.

276 925 476 1038 poam·
516 981 717 1037 Eodem
746 998 886 1036 anno
914 982 1111 1036 Romae
1141 979 1376 1054 insignia
1403 977 1620 1046 scelera,
1654 980 1886 1038 alterum

282 1057 557 1122 senatoriS,
580 1054 765 1111 servili
782 1054 1008 1111 alterum
1036 1055 1275 1121 audacia,
1298 1055 1534 1112 admissa
1553 1065 1700 1112 sunt.
1779 1057 1887 1113 Do-

281 1133 467 1189 mitius
494 1129 692 1186 Balbus
720 1140 831 1186 erat
848 1132 1164 1202 praetorius,
1187 1131 1354 1186 simul
1369 1130 1530 1206 longa
1551 1139 1780 1197 senecta,
1805 1134 1886 1188 si·-

282 1207 396 1262 mul
416 1205 636 1263 orbitate
660 1214 711 1261 et
728 1207 955 1277 pecunia
974 1206 1188 1261 insidiis
1209 1206 1496 1262 obnoxius.
1574 1205 1642 1262 Ei
1661 1209 1886 1279 propin-

280 1300 425 1356 quus
444 1281 689 1337 Valerius
710 1281 999 1346 Fabianus,
1030 1281 1370 1353 capessendis
1399 1280 1692 1337 honoribus
1718 1282 1884 1339 desti-

281 1365 457 1422 natus,
478 1355 720 1413 subdidit
738 1364 1130 1421 testamentum,
1155 1353 1371 1411 adscitis
1390 1355 1600 1416 Vinicio
1619 1357 1814 1413 Rufino
1833 1367 1885 1414 et

281 1432 524 1490 Terentio
552 1431 796 1497 Lentino,
826 1432 1101 1504 equitibus
1129 1431 1400 1487 Romanis.
1477 1431 1562 1486 Illi
1587 1431 1880 1488 Antonium

282 1507 523 1564 Primum
544 1513 594 1561 et
612 1507 864 1563 Asinium
884 1505 1194 1563 Marcellum
1214 1508 1558 1565 sociaverant.
1613 1509 1882 1565 Antonius

281 1582 499 1639 audacia
537 1592 843 1655 promptus:
886 1582 1168 1639 Marcellus
1199 1580 1387 1639 Asinio
1415 1582 1648 1638 Pollione
1683 1602 1884 1655 proavo

280 1659 477 1723 clarus,
500 1674 674 1729 neque
696 1675 905 1713 morum
927 1658 1260 1729 spernendus
1279 1658 1592 1723 habebatur,
1609 1658 1716 1713 nisi
1734 1660 1883 1731 quod

282 1741 641 1805 paupertatem
682 1735 1028 1805 praecipuum
1068 1732 1332 1787 malorum
1369 1732 1632 1788 credebat.
1710 1734 1883 1807 Igitur

283 1808 551 1864 Fabianus
580 1807 790 1863 tabulas
826 1810 914 1873 iis,
957 1824 1096 1879 quos
1123 1808 1436 1873 memoravi,
1467 1814 1518 1863 et
1545 1806 1666 1863 aliis
1694 1810 1880 1865 minus

282 1882 622 1948 inlustribus,
652 1884 913 1957 obsignat.
994 1880 1150 1949 Quod
1176 1881 1321 1953 apud
1342 1891 1519 1955 patres
1543 1884 1877 1941 convictum:

282 1967 333 2014 et
350 1958 620 2014 Fabianus
641 1958 1027 2029 Antoniusque,
1057 1975 1183 2013 cum
1203 1958 1396 2014 Rufino
1413 1966 1464 2015 et
1480 1958 1742 2027 Terentio,
1765 1958 1882 2034 lege

282 2032 524 2091 Cornelia
542 2034 879 2089 damnantur.
940 2032 1249 2089 Marcellum
1271 2034 1525 2089 memoria
1545 2036 1810 2092 maiorum
1830 2044 1883 2090 et

282 2126 464 2181 preces
502 2108 743 2164 Caesaris
782 2125 984 2180 poenae
1019 2110 1220 2183 magis,
1251 2126 1416 2183 quam
1443 2108 1724 2176 infamiae,
1755 2128 1882 2167 exc-

194 2210 200 2219 '
282 2202 446 2240 mere·

392 2262 475 2315 4⁴.
518 2256 747 2314 Perculit
771 2258 820 2314 is
848 2258 963 2314 dies
992 2260 1306 2332 Pompeium
1335 2277 1554 2333 quoque
1569 2259 1876 2327 Aelianum,

282 2336 533 2391 iuvenem
562 2334 952 2406 quaestorium,
994 2343 1267 2407 tamquam
1302 2334 1623 2409 flagitiorum
1653 2336 1880 2393 Fabiani

280 2427 540 2484 gnarum:
601 2410 759 2481 eique
798 2409 944 2466 Italia
982 2417 1033 2466 et
1059 2410 1334 2483 Hispania,
1364 2412 1422 2465 in
1450 2429 1558 2483 qua
1578 2418 1725 2468 ortus
1743 2420 1876 2479 erat,

280 2482 620 2540 interdictum
640 2492 737 2540 est.
797 2484 916 2540 Pari
936 2486 1230 2559 ignominia
1247 2484 1492 2541 Valerius
1514 2484 1761 2543 Ponticus
1782 2486 1882 2542 ad·-

282 2558 477 2624 ficitur,
502 2558 645 2632 quod
662 2576 798 2626 reos,
822 2577 891 2615 ne
908 2559 1053 2632 apud
1066 2558 1396 2635 praefectum
1419 2560 1570 2617 urbis
1589 2579 1882 2635 argueren-

202 2667 217 2670 ,
244 2640 389 2687 ,ψῃ
429 2630 497 2687 ad
534 2642 828 2704 praetorem
852 2634 1145 2703 detulisset,
1188 2636 1423 2703 interim,
1463 2638 1638 2709 specie
1667 2638 1906 2711 legum,-

448 2708 855 2779 waevaricando,
876 2701 1130 2771 ultionem
1148 2708 1418 2771 elusurus.
1475 2710 1701 2773 Additur
1717 2729 1880 2771 sena-
