2081 3038
241 176 338 233 378
801 183 1271 230 ANNALIUM
1569 174 1838 247 (amsla.

239 290 520 342 veneratus
550 283 694 349 deoS,
727 300 852 339 cum
872 283 1061 340 ,Vestae
1090 301 1306 359 quoque
1334 282 1596 355 templum
1630 284 1839 349 inisset,

239 368 453 433 repente
481 365 697 414 cunctos
724 376 820 431 per
845 365 990 416 artus
1023 366 1273 424 tremens,
1302 376 1401 413 seu
1426 358 1651 416 numine
1668 366 1843 415 exter·-

241 445 406 501 rente‚
429 452 525 489 seu
547 431 841 490 facinorum
862 432 1217 489 recordatione
1237 451 1518 505 nunquam
1540 434 1729 489 timore
1750 452 1843 490 va·-

241 528 397 576 cuus,
430 509 662 565 deseruit
692 510 985 581 inceptum,
1015 518 1229 565 cunctas
1254 512 1356 563 sibi
1374 526 1531 563 curas
1549 526 1725 565 amore
1738 527 1845 580 pa-

243 590 377 641 triae
398 588 611 639 leviores
629 584 893 640 dictitans.
981 584 1178 641 Vidisse
1201 592 1419 639 mustos
1438 588 1629 639 civium
1646 587 1841 648 vultus,

240 664 430 715 audire
443 668 668 715 secretas
687 662 1053 729 querimonias,
1077 663 1215 729 quod
1233 667 1435 713 tantum
1452 662 1695 721 aditurus
1712 668 1846 716 esset

239 741 358 801 iter,
389 740 536 791 cuius
563 752 626 789 ne
653 738 878 791 modicos
903 738 1107 805 quidem
1125 751 1359 805 egressus
1385 738 1680 798 tolerarem,
1708 738 1845 789 sueti

242 816 516 867 adversum
551 814 772 879 fortuita
799 812 1045 879 adspectu
1077 813 1336 879 principis
1360 814 1601 879 refoveri.
1678 810 1841 879 Eryo,

243 896 298 941 ut
319 890 375 941 in
389 890 613 955 privatis
633 887 1092 939 necessitudinibus
1110 888 1359 955 proxima
1370 888 1599 953 pignora
1610 902 1836 953 praevar

243 965 420 1025 terent,
446 964 520 1014 ita
534 962 784 1029 populum
798 954 1083 1013 Romanum
1102 963 1205 1013 vim
1216 962 1501 1027 plurimam
1518 962 1723 1022 habere,
1739 977 1845 1027 pa-

204 1034 210 1041 '
241 1040 556 1105 rendumque
589 1038 846 1089 retinenti.
926 1032 1065 1089 Haec
1091 1041 1251 1107 atque
1282 1032 1402 1089 talia
1440 1032 1584 1105 plebi
1611 1032 1845 1091 volentia

241 1109 408 1175 fuere,
453 1106 779 1179 voluptatum
811 1108 1081 1181 cupidine,
1124 1116 1201 1175 et,
1232 1126 1371 1181 quae
1400 1110 1682 1183 praecipua
1710 1126 1843 1165 cura

241 1192 340 1249 est,
380 1184 456 1239 rei
488 1182 862 1237 frumentariae
890 1184 1184 1257 angustias,
1224 1184 1273 1238 si
1301 1184 1527 1249 abesset,
1560 1186 1839 1241 metuenti.

241 1259 467 1314 Senatus
491 1264 544 1312 et
567 1257 832 1331 primores
858 1259 916 1313 in
945 1258 1146 1313 incerto
1174 1266 1339 1325 erant,
1362 1253 1546 1331 procul
1568 1276 1636 1314 an
1662 1276 1843 1315 coram

241 1334 461 1392 atrocior
478 1332 777 1389 haberetur.
841 1332 1064 1399 Dehinc,
1086 1350 1225 1409 quae
1246 1341 1431 1391 natura
1452 1335 1663 1409 magnis
1682 1334 1844 1391 timo-

242 1409 412 1473 ribus,
436 1408 668 1481 deterius
689 1406 986 1474 credebant,
1016 1408 1162 1483 quod
1180 1417 1442 1465 evenerat.

351 1486 435 1541 37.
479 1484 616 1561 Ipse,
639 1501 748 1574 quo
767 1484 926 1556 fidem
951 1483 1019 1540 ad
1060 1484 1272 1552 iuraret,
1302 1482 1437 1542 nihil
1464 1501 1691 1558 usquam
1715 1501 1843 1556 per-

240 1559 365 1616 inde
394 1561 591 1615 laetum
619 1561 745 1625 sibi,
775 1559 1008 1636 publicis
1056 1562 1165 1616 ocis
1192 1567 1396 1616 struere
1419 1560 1683 1626 convivia,
1708 1567 1859 1631 tota--¹

241 1653 348 1712 que
368 1635 501 1690 urbe
519 1636 674 1710 quasi
695 1634 852 1692 domo
879 1635 975 1690 uti.
1042 1635 1110 1690 Et
1128 1633 1499 1690 celeberrimae
1516 1634 1650 1692 luxu
1670 1634 1843 1695 fama—

241 1728 349 1784 que
379 1709 566 1782 epulae
597 1707 761 1776 fuere,
803 1727 938 1785 quas
967 1727 998 1765 a
1018 1709 1281 1784 Tigellino
1306 1717 1535 1782 parataS,
1578 1718 1637 1767 ut
1655 1728 1843 1766 exem-

239 1785 414 1858 plum,
439 1783 681 1849 referam,
706 1801 772 1840 ne
791 1785 1006 1858 saepius
1025 1785 1208 1840 eadem
1267 1785 1557 1860 redigentia
1576 1787 1840 1842 narranda

241 1862 328 1915 sit.
410 1859 575 1933 igitur
611 1859 669 1914 in
707 1866 893 1934 stagno
921 1858 1188 1938 Agrippae
1226 1803 1513 1918 fabricatus
1542 1869 1621 1916 est
1646 1868 1835 1928 ratem,

241 1935 330 1989 cui
365 1935 762 2008 superpositum
801 1934 1113 1992 convivium
1150 1935 1377 1992 aliarum
1418 1942 1584 1992 tractu
1612 1935 1838 1998 navium

244 2016 560 2065 moveretur.
639 2009 814 2066 Naves
833 2027 962 2066 auro
982 2017 1032 2066 et
1052 2009 1207 2068 ebore
1230 2009 1535 2068 distinctae:
1578 2011 1839 2085 remiges-

241 2103 349 2158 que
374 2083 564 2142 exoleti
629 2101 685 2139 er
714 2092 906 2140 aetates
932 2093 984 2140 et
1009 2086 1286 2142 scientiam
1314 2083 1600 2143 libidinum
1622 2103 1841 2160 compo-

241 2161 520 2216 nebantur.
634 2157 840 2216 olucres
865 2159 1072 2217 etseras
1092 2160 1319 2218 diversis
1336 2177 1368 2216 e
1387 2163 1540 2218 terris
1560 2169 1611 2215 et
1628 2162 1840 2217 anima-

243 2235 311 2290 lia
357 2233 522 2289 maris
570 2231 778 2290 Oceano
824 2235 1067 2308 abusque
1101 2236 1374 2308 petiverat.
1454 2235 1838 2308 crepidinibus

241 2311 414 2386 stagni
454 2307 509 2366 lu
549 2309 728 2372 anaria
752 2309 1055 2376 adstabant,
1094 2309 1417 2371 inlustribus
1442 2309 1658 2369 feminis
1688 2329 1840 2368 com-

241 2385 397 2456 pleta.
519 2391 666 2440 entra
705 2393 872 2443 scorta
912 2384 1249 2452 visebantur,
1300 2385 1461 2443 nudis
1498 2387 1835 2458 corporibus.

241 2461 350 2512 Iam
381 2466 562 2534 gestus
589 2466 872 2533 motusque
899 2457 1141 2516 obsceni:
1184 2467 1253 2526 et,
1282 2468 1565 2536 postquam
1588 2461 1840 2520 tenebrae

241 2533 570 2600 incedebant,
593 2543 854 2608 quantum
876 2535 1022 2591 iuxta
1050 2535 1301 2602 nemoris,
1325 2543 1375 2592 et
1400 2535 1736 2592 circumiecta
1756 2545 1840 2594 te-

241 2616 340 2674 cta,
381 2625 668 2665 consonare
704 2617 860 2666 cantu
899 2616 952 2666 et
977 2609 1275 2666 luminibus
1306 2608 1607 2668 clarescere.
1689 2613 1834 2684 Ipse,

238 2699 332 2756 per
363 2679 502 2738 licita
529 2691 686 2758 atque
713 2685 911 2742 inlicita
941 2683 1197 2754 foedatus,
1232 2685 1367 2744 nihil
1394 2683 1579 2764 flagitii
1596 2687 1839 2768 relique-
