2081 3038
297 233 396 288 224
771 235 1425 286 nrsronuuum
1622 225 1894 302 (numu.

295 339 412 395 dica
449 337 546 395 sed
574 337 757 395 crebra
785 339 980 396 damna
1009 340 1207 396 famam
1236 339 1485 397 victoriae
1518 351 1690 412 nuper
1718 345 1898 412 partae

296 415 610 471 lacerabant.

407 495 491 546 80.
533 490 730 546 Iisdem
750 491 942 547 diebus
955 492 1238 548 Mucianus
1255 488 1455 547 Vitellii
1474 485 1649 546 filium
1670 487 1897 546 interfici

295 567 470 624 iubet:
531 583 842 623 mansuram
881 567 1201 624 discordiam
1241 565 1552 633 obtendens,
1596 565 1653 620 ni
1690 566 1897 622 semina

294 640 422 700 belli
451 645 803 700 restinxisset.
882 643 1072 716 Neque
1106 641 1397 699 Antonium
1425 643 1670 697 Primum
1700 639 1895 696 adsciri

292 722 431 777 inter
458 721 675 778 comites
705 738 736 774 a
767 719 1064 774 Domitiano
1090 735 1285 790 passus
1316 725 1413 783 est,
1447 713 1624 773 favore
1657 715 1893 772 militum

295 799 509 864 anxius,
541 806 591 854 et
619 795 871 868 superbia
898 795 1023 860 viri,
1056 793 1361 866 aequalium
1391 809 1628 866 quoque,
1652 791 1781 847 adeo
1802 809 1896 847 su—

295 875 563 942 periorum
580 915 593 939 ,
644 871 990 929 intolerantis.
1071 867 1339 924 Profectus
1384 865 1452 922 ad
1502 867 1894 939 Vespasianum

295 947 576 1013 Antonius,
601 955 659 1002 ut
680 965 780 1002 non
805 964 901 1020 pro
919 963 1015 1018 spe
1033 963 1133 1001 sua
1156 944 1437 1015 excipitur,
1456 943 1527 998 ita
1548 959 1724 1016 neque
1742 960 1897 998 aver-

296 1039 355 1076 so
391 1023 723 1093 imperatoris
761 1022 961 1076 animo.
1042 1019 1369 1075 Trahebatur
1409 1019 1465 1074 in
1503 1018 1735 1084 diversa,
1766 1017 1896 1073 hinc

297 1097 498 1151 meritis
539 1095 772 1160 Antonii,
816 1095 972 1149 cuius
1010 1095 1175 1150 ductu
1213 1093 1510 1150 confectum
1548 1092 1693 1148 haud
1730 1087 1896 1148 dubie

293 1169 494 1224 bellum
517 1177 643 1234 erat,
665 1169 792 1224 inde
811 1170 1046 1225 Muciani
1068 1169 1335 1241 epistolis:
1365 1167 1529 1226 simul
1550 1166 1708 1224 ceteri
1729 1177 1791 1224 ut
1809 1170 1896 1224 in-

293 1243 486 1298 festum
524 1244 904 1318 tumidumque
941 1245 1354 1311 insectabantur,
1395 1239 1660 1300 adiunctis
1698 1245 1895 1316 prioris

293 1321 430 1373 vitae
450 1319 786 1374 criminibus.
829 1321 1016 1392 Neque
1036 1321 1152 1392 ipse
1168 1319 1363 1386 deerat,
1382 1320 1684 1395 adrogantia
1708 1320 1895 1375 vo‘care

291 1394 544 1460 offensas,
599 1397 801 1450 nimius
851 1395 1356 1462 commemorandis,
1407 1410 1547 1468 quae
1585 1396 1890 1452 meruisset.

292 1470 461 1538 Alios,
493 1477 556 1527 ut
582 1470 826 1538 inbelles,
859 1471 1162 1539 Caecinam,
1194 1479 1253 1529 ut
1279 1471 1549 1544 captivum
1572 1489 1633 1527 ac
1648 1469 1894 1527 deditici-

289 1566 405 1613 um,
430 1549 684 1619 increpat.
744 1548 896 1605 Unde
914 1548 1192 1621 paullatim
1214 1547 1380 1604 levior
1402 1547 1663 1621 viliorque
1682 1548 1889 1615 haberi,

217 1628 226 1635 '
291 1631 537 1678 manente
558 1626 810 1680 tamenin
831 1626 1063 1697 speciem
1089 1624 1339 1679 amicitia.

399 1702 453 1753 8⁴
472 1741 484 1753 .
526 1700 625 1753 Per
653 1718 742 1755 ecs
771 1716 1002 1765 menses,
1033 1700 1237 1771 quibus
1265 1699 1629 1770 Vespasianus
1658 1698 1891 1756 Alexan—

289 1774 437 1829 driae
468 1780 628 1830 statos
655 1776 872 1831 aestivis
897 1774 1111 1829 flatibus
1139 1774 1274 1841 dies,
1306 1780 1359 1831 et
1382 1782 1522 1829 certa
1542 1776 1707 1832 maris
1726 1792 1866 1848 oppe

291 1850 544 1917 riebatur,
581 1850 751 1905 multa
779 1849 1035 1905 miracula
1063 1867 1304 1916 evenere,
1346 1851 1472 1925 quis
1502 1849 1635 1906 coeli
1665 1848 1815 1907 favor
1842 1858 1893 1906 et

288 1924 552 1998 quaedam
571 1927 628 1981 in
639 1926 1028 1997 Vespasianum
1050 1924 1325 1981 inclinatio
1344 1926 1632 1981 numinum
1647 1926 1891 1981 ostende-

289 2010 453 2056 retur.
533 2002 617 2055 Ex
645 2002 799 2072 plebe
824 2000 1183 2055 Alexandrina
1202 2000 1445 2074 quidam,
1474 2002 1749 2058 oculorum
1773 2002 1891 2057 tabe

289 2085 465 2143 notus,
495 2092 669 2150 genua
700 2076 817 2131 eius
846 2074 1166 2142 advolvitur,
1188 2076 1485 2132 remedium
1511 2078 1776 2133 caecitatis
1797 2094 1891 2133 ex·-

287 2168 510 2223 poscens
549 2151 778 2224 gemitu3
821 2152 1028 2206 monitu
1055 2150 1325 2224 Serapidis
1362 2149 1469 2219 dei,
1510 2170 1675 2225 quem
1713 2152 1891 2209 dedita

287 2226 758 2299 superstitionibus
791 2243 924 2299 gens
953 2235 1073 2282 ante
1106 2226 1238 2283 alios
1276 2225 1425 2281 colit:
1468 2227 1891 2301 precabaturque

287 2304 604 2373 principem,
649 2310 706 2356 ut
744 2318 903 2371 genas
929 2311 977 2358 et
1006 2306 1273 2358 oculorum
1304 2305 1450 2357 orbes
1476 2307 1785 2372 diynaretur
1805 2322 1893 2359 re·-

286 2396 524 2446 sperqere
543 2382 652 2432 oris
671 2386 1010 2433 eaecremento.
1089 2376 1244 2433 Alius
1264 2391 1486 2433 manum
1508 2395 1681 2452 aeger,
1704 2378 1887 2435 eodem

287 2453 385 2506 deo
422 2460 650 2517 auctore,
697 2460 760 2507 αἱ
789 2458 918 2521 peda
953 2472 1018 2508 ac
1054 2457 1268 2524 vestiqio
1303 2452 1545 2509 Caesaris
1572 2458 1889 2521 calcaretur,

286 2525 483 2581 orabat.
539 2527 902 2599 Vespasianus
922 2529 1097 2599 primo
1114 2526 1365 2595 inridere,
1389 2530 1683 2601 aspernari,
1706 2534 1889 2602 atque,

285 2599 396 2652 illis
416 2601 761 2667 instantibus,
794 2602 950 2657 modo
968 2601 1165 2657 famam
1186 2600 1434 2660 vanitatis
1452 2612 1707 2671 metuere,
1733 2598 1893 2661 modo

286 2672 644 2756 obsecratione
672 2678 914 2747 ipsorum
944 2685 995 2732 et
1023 2678 1246 2734 vocibus
1282 2678 1617 2735 adulantium
1646 2680 1705 2735 in
1736 2692 1891 2752 spem

289 2760 300 2763 ·
327 2744 489 2800 finci.
567 2749 838 2806 Postremo
868 2752 1165 2809 existimari
1193 2772 1224 2809 a
1243 2752 1468 2811 medicis
1488 2754 1654 2821 iubet,
1676 2772 1748 2811 an
1768 2752 1891 2813 talis
