2081 3038
237 231 290 273 A.
313 232 364 272 c.
385 212 484 287 το.)
659 224 700 268 ι,
719 223 744 268 1
761 224 818 270 B.
857 222 928 269 11.
969 225 1008 270 c
1027 224 1076 272 A
1092 225 1150 270 ι’.
1191 224 1436 274 το-τι,
1774 215 1842 274 97

237 325 435 380 niciam
459 322 595 394 ipsis
619 321 802 378 fecere.
883 322 1118 378 Aderant
1134 322 1329 378 Valens
1352 333 1403 380 et
1418 325 1667 390 Caecina,
1686 341 1844 380 mon-

235 399 584 469 strabantque
607 413 820 471 pugnae
840 397 1008 452 locos:
1054 401 1173 452 hino
1192 404 1449 466 inrupisse
1470 404 1724 469 legionum
1743 419 1841 470 aq-

235 492 368 536 men,
390 477 510 528 hinc
529 478 724 542 equites
743 483 974 528 coortos.-
1014 475 1135 526 inde
1156 478 1495 540 circumfusas
1512 481 1843 532 auxiliorum

235 565 440 604 manus.
521 549 630 602 lam
661 548 864 604 tribuni
891 545 1267 619 praefectique,
1307 565 1403 601 sua
1434 552 1665 621 quisque
1708 549 1841 604 sacta

236 623 564 687 extollentes,
611 621 760 687 falsa,
801 639 947 687 vera,
987 633 1082 677 aut
1122 624 1319 678 maiora
1359 639 1483 678 vero
1526 626 1839 680 miscebant.

235 698 448 772 Vulgus
488 714 708 770 quoque
743 698 978 753 militum
1017 696 1247 754 clamore
1276 706 1327 752 et
1352 695 1550 771 gaudio
1568 695 1842 756 deflectere

236 775 346 838 via,
377 773 548 844 spatia
575 774 926 828 certaminum
962 789 1352 846 recognoscere,
1382 789 1630 902 affigerem
1664 792 1843 829 armo-

235 866 384 912 rum,
405 856 582 902 strues
599 865 880 919 corporum
903 848 1120 913 intueri.
1142 849 1344 904 mirari.
1470 857 1679 911 terant,
1701 867 1839 922 quos

236 924 386 978 varia
407 921 514 978 fors
535 939 734 985 rerum,
767 921 1141 996 lacrymaeque
1160 933 1211 977 et
1230 915 1591 978 misericordia
1612 923 1835 980 subiret.

235 1000 303 1052 At
334 1011 442 1058 non,
463 997 705 1052 Vitellius
733 995 878 1052 flexit
904 997 1107 1062 oculos,
1141 1013 1239 1052 nec
1264 1006 1337 1054 tot
1357 998 1523 1052 millia
1546 999 1841 1070 insepulto-

236 1087 360 1130 rum
379 1073 582 1128 civium
603 1072 896 1128 exhorruit.
918 1072 1114 1127 Laetus
1138 1072 1292 1136 ultro,
1311 1080 1484 1128 ettam
1504 1076 1840 1146 propinquae

233 1149 394 1206 sortis
416 1147 655 1223 ignarus,
680 1149 1007 1203 instaurabat
1025 1161 1237 1202 sacrum
1260 1147 1366 1202 diis
1387 1148 1504 1204 loci.
1600 1173 1609 1182 ·

343 1226 432 1279 7⁴.
472 1219 614 1279 Exin
652 1224 916 1278 Bononiae
953 1241 984 1276 a
1028 1223 1193 1277 Fabio
1234 1222 1447 1278 Valente
1481 1223 1835 1297 gladiatorum

234 1299 596 1371 spectaculum
625 1298 827 1364 editur,
856 1298 1075 1354 advecto
1100 1311 1168 1352 ex
1194 1298 1329 1352 urbe
1354 1297 1521 1354 cultu.
1600 1297 1841 1365 Quanto-

233 1391 345 1446 que
363 1377 534 1448 magis
552 1373 962 1446 propinquabat,
977 1381 1121 1428 tanto
1137 1374 1451 1445 conruptius
1464 1376 1578 1434 iter,
1591 1374 1837 1428 inmixtis

235 1448 587 1504 histrionibus
605 1458 656 1504 et
674 1449 973 1521 spadonum
993 1447 1253 1522 gregibus
1273 1455 1503 1502 etcetero
1512 1446 1838 1503 Neronianae

237 1523 390 1579 aulae
416 1527 647 1599 ingenio.
727 1526 975 1597 Namque
1003 1530 1055 1578 et
1082 1524 1345 1578 Neronem
1378 1525 1557 1595 ipsum
1591 1523 1837 1579 Vitellius

235 1599 582 1657 admiratione
607 1600 920 1664 celebrabat,
951 1601 1141 1655 sectari
1171 1608 1471 1655 cantantem
1495 1599 1704 1661 selune,
1731 1617 1836 1655 non

233 1677 561 1740 necessitate.
603 1693 710 1747 qua
747 1676 1163 1733 honestissimus
1200 1678 1457 1747 quisque,
1498 1674 1593 1729 sed
1624 1674 1755 1730 luxu
1787 1684 1839 1733 et

230 1754 449 1823 saginae
477 1754 812 1821 mancipatus
840 1761 1180 1823 emptasque.
1265 1751 1329 1805 Ut
1351 1749 1554 1805 Valenti
1583 1761 1634 1805 et
1654 1750 1838 1805 Caeci·-

231 1843 334 1881 nae
361 1842 560 1879 vacuos
601 1825 816 1878 honoris
846 1844 1057 1880 menses
1086 1828 1333 1897 aperiret,
1365 1826 1580 1879 coartati
1606 1826 1835 1881 aliorum

232 1897 563 1961 consulatus,
585 1898 957 1953 dissimulatus
976 1901 1151 1955 Martii
1172 1902 1357 1962 Macri,
1380 1909 1650 1971 tamquam
1670 1900 1837 1956 Otho-

235 1976 520 2027 nianarum
538 1972 770 2042 partium
789 1972 970 2027 ducis:
1011 1983 1067 2028 et
1086 1972 1359 2029 Valerium
1370 1974 1653 2036 Marinum.
1671 1976 1837 2031 desti·

235 2057 420 2103 natum
453 2064 482 2107 a
505 2046 676 2103 Galba
699 2045 996 2111 consulem,
1037 2047 1275 2114 distulit,
1317 2042 1461 2103 nulla
1483 2050 1700 2115 offensa,
1738 2050 1836 2107 sed

231 2124 418 2179 mitem
445 2131 500 2178 et
518 2122 774 2177 iniuriam
801 2122 1034 2195 segniter
1063 2121 1315 2179 laturum.
1396 2124 1660 2181 Pedanius
1680 2120 1835 2182 Costa

230 2198 510 2263 omittitur,
543 2199 786 2271 ingratus
813 2198 1066 2269 principi,
1100 2206 1157 2254 ut
1176 2198 1433 2255 adversus
1454 2201 1715 2256 Neronem
1736 2220 1834 2256 au-

229 2292 348 2338 sus,
377 2283 432 2329 et
453 2274 690 2347 Verginii
719 2272 1115 2329 exstimulatur:
1157 2274 1251 2329 sed
1279 2275 1410 2329 alias
1437 2275 1656 2347 protulit
1680 2292 1835 2331 caus—

230 2367 338 2405 sas.
417 2348 685 2421 Actaeque
711 2351 934 2421 insuper
964 2348 1176 2405 Vitellio
1200 2351 1421 2423 gratiae,
1449 2348 1835 2405 consuetudine

229 2424 454 2479 servitii.

338 2502 426 2555 72.
467 2500 584 2555 Non
606 2498 740 2555 ultra
763 2516 959 2571 paucos
977 2499 1116 2565 dies,
1138 2516 1471 2572 quamquam
1494 2494 1710 2553 acribus
1732 2497 1835 2555 ini-

231 2575 320 2628 tiis
347 2584 614 2646 coeptum.
647 2575 988 2631 mendacium
1015 2575 1202 2630 valuit.
1281 2572 1566 2627 Exstiterat
1585 2572 1830 2643 quidam,

229 2648 637 2705 Scribonianum
676 2668 738 2705 se
773 2652 1121 2705 Camerinum
1161 2647 1365 2711 ferens,
1412 2647 1831 2705 Neronianorum

229 2736 530 2794 temporum
563 2734 706 2781 metu
738 2726 794 2781 in
821 2727 974 2779 Istria
1003 2723 1348 2787 occultatum,
1370 2722 1517 2851 guod
1536 2721 1649 2777 illic
1668 2721 1836 2777 clien-

305 2799 518 2855 Taeuus
562 2799 624 2852 11.
