2081 3038
129 328 134 333 ,
170 269 411 342 mem.)
560 277 697 322 ΜΒ.
739 277 889 324 xvl.
932 279 1092 325 cAP.
1135 279 1376 326 17—19.
1671 279 1758 330 ul

168 382 453 452 pecuniam
482 379 539 434 in
560 377 907 452 Tigellinum,
938 396 1308 453 generumque
1333 381 1470 446 eim,
1500 381 1768 438 Cossutia-

171 472 305 510 num
327 455 655 526 Capitonem,
680 454 944 528 erogabat,
966 468 1076 526 quo
1098 462 1263 509 cetera
1289 465 1580 512 manerent.
1659 459 1770 514 Ad-

169 531 317 585 ditur
344 528 622 592 codicillis,
655 535 929 601 tamquam
955 528 1022 584 de
1047 529 1328 602 iniquitate
1346 533 1496 586 exitii
1513 531 1765 604 querens,

171 607 243 661 ita
260 604 575 678 scripsisse:
610 622 667 658 se
696 609 899 674 quidem
928 610 1063 659 mori
1089 608 1250 659 nullis
1271 609 1520 674 supplicii·
1539 614 1770 677 ωασπς,-

169 683 377 751 Raptum
401 687 575 734 autem
596 679 892 748 Crispinum
908 689 959 734 et
976 680 1219 735 Anicium
1245 680 1498 740 Cerialem
1513 687 1623 736 vita
1640 687 1767 751 frui,

169 762 396 826 infensos
408 758 655 824 principii
702 753 852 820 Quae
868 755 1159 827 composita
1177 755 1544 820 credebantur,
1567 756 1634 810 de
1654 756 1772 812 Cri·

170 832 346 902 spine,
380 831 509 902 quia
536 828 842 886 interfectus
873 838 1000 896 erat,
1032 829 1100 886 de
1123 829 1346 896 Ceriale,
1371 839 1432 886 ut
1449 830 1771 886 interficere-

170 917 285 962 tur:
328 918 505 978 neque
530 907 675 960 enim
702 904 872 961 multo
898 914 1019 979 post
1045 907 1160 961 vim
1186 906 1296 960 sibi
1324 905 1532 971 adtulit,
1563 909 1770 963 minore

169 996 334 1054 quam
354 982 511 1036 ceteri
530 982 887 1047 miseratione,
906 982 1036 1054 quia
1056 981 1322 1054 proditam
1338 981 1400 1037 C.
1413 981 1626 1038 Caesari
1643 997 1771 1038 con-
1836 1040 1844 1049 x

167 1059 483 1114 iurationem
503 1057 573 1111 ab
590 1073 651 1112 eo
670 1057 1042 1112 meminerant.

260 1136 361 1188 48.
402 1133 479 1186 De
516 1132 577 1188 C.
611 1133 851 1188 Petronio
888 1150 1060 1205 pauca
1097 1149 1260 1204 supra
1299 1133 1580 1205 repetenda
1617 1143 1765 1190 sunt.

167 1211 303 1264 Nam
322 1208 405 1263 illi
424 1208 540 1263 dies
560 1224 657 1279 per
674 1225 948 1273 somnum,
968 1225 1076 1264 nox
1090 1207 1282 1264 officiis
1301 1216 1354 1264 et
1370 1208 1768 1265 oblectamentis

168 1286 306 1338 vitae
347 1283 760 1358 transigebatur:
804 1291 972 1356 utque
1011 1283 1142 1338 alios
1182 1283 1472 1350 industria,
1513 1287 1583 1340 ita
1621 1275 1802 1341 hune⁶

165 1360 380 1430 ignavia
400 1360 467 1414 ad
487 1358 683 1414 famam
704 1359 1018 1429 protulerat:
1054 1357 1456 1430 habebaturque
1473 1377 1580 1416 non
1597 1378 1767 1434 ganeo

166 1430 218 1490 et
236 1434 557 1508 profligator,
574 1441 637 1488 ut
654 1433 899 1505 plerique
916 1451 1013 1487 sua
1035 1433 1420 1499 haurientium,
1449 1435 1544 1490 sed
1563 1436 1768 1492 erudito

167 1511 333 1566 luxu:
382 1509 461 1564 Ac
474 1509 615 1565 dicta
634 1507 877 1580 factaque
896 1509 1013 1563 eius
1034 1516 1234 1580 quanto
1251 1507 1502 1565 solutiora
1524 1518 1576 1566 et
1593 1528 1769 1583 quan-

164 1588 291 1641 dam
328 1586 416 1639 sui
460 1584 838 1658 negligentiam
876 1582 1244 1655 praeferentia,
1284 1591 1428 1641 tanto
1451 1586 1676 1659 gratius,
1707 1587 1765 1641 in

164 1662 399 1733 speciem
418 1658 794 1731 simplicitatis,
816 1657 1229 1731 accipiebantur.
1277 1660 1563 1717 Proconsul
1589 1669 1766 1717 tamen

164 1736 465 1808 Bithyniae,
496 1742 549 1789 et
570 1750 699 1788 mox
718 1732 925 1800 consul,
953 1735 1223 1809 vigentem
1243 1751 1302 1789 se
1321 1752 1384 1789 ac
1399 1751 1583 1808 parem
1605 1754 1768 1812 nego-

164 1815 256 1867 tiis
274 1808 529 1865 ostendit:
560 1808 683 1863 dein
702 1808 974 1865 revolutus
992 1811 1060 1865 ad
1078 1810 1226 1875 vitia,
1249 1828 1346 1865 seu
1367 1812 1619 1867 vitiorum
1640 1813 1766 1869 imi-

167 1897 213 1943 ta
222 1889 379 1949 tione,
423 1884 581 1938 inter·
598 1901 796 1955 paucos
834 1884 1180 1941 familiarium
1211 1887 1406 1941 Neroni
1445 1888 1764 1962 adsumptus

165 1970 266 2024 est,
304 1958 593 2033 elegantiae
630 1960 853 2029 arbiter-3
894 1960 1027 2015 dum
1055 1960 1193 2017 nihil
1221 1969 1507 2018 amoenum
1537 1972 1586 2019 et
1605 1964 1766 2020 molle

164 2034 450 2091 adfluentia
477 2041 647 2107 putat,
681 2035 786 2090 nisi
816 2035 959 2107 quod
978 2038 1025 2090 ei
1048 2037 1328 2093 Petronius
1343 2038 1762 2109 adprobavisset.

164 2111 319 2168 Unde
358 2110 561 2167 invidia
600 2109 869 2184 Tigellini,
912 2113 1069 2183 quasi
1107 2112 1366 2169 adversus
1405 2114 1678 2169 aemulum
1715 2124 1767 2170 et

164 2186 385 2243 seientia
404 2185 737 2258 voluptatum
756 2186 1032 2257 potiorem.
1075 2187 1216 2261 Ergo
1231 2188 1592 2244 crudelitatem
1613 2190 1766 2261 prin-

162 2264 321 2335 cipis,
344 2263 433 2317 cui
452 2270 651 2317 ceterae
671 2261 923 2317 libidines
940 2262 1213 2328 cedebant,
1235 2264 1558 2338 adgreditur,
1577 2266 1765 2320 amici-

164 2341 293 2393 tiam
312 2337 555 2393 Scaevini
574 2338 817 2393 Petronio
832 2338 1120 2403 obiectans,
1135 2347 1392 2411 conrupto
1411 2339 1478 2394 ad
1500 2340 1760 2395 indicium

162 2431 337 2478 servo,
361 2414 716 2487 ademptaque⁴
728 2411 1056 2480 defensione,
1077 2422 1127 2470 et
1143 2414 1344 2470 maiore
1360 2422 1510 2487 parte
1529 2414 1770 2471 familiae

116 2500 129 2507 ·
160 2492 219 2545 in
240 2488 417 2545 vincla
434 2498 601 2563 rapta.
1484 2536 1486 2541 .

276 2568 339 2619 ⁴9
399 2565 555 2620 Forte
570 2564 683 2620 illis
698 2564 889 2620 diebus
908 2564 1254 2637 Campaniam
1275 2566 1531 2637 petiverat
1548 2564 1758 2633 Caesar,

162 2648 215 2696 et
237 2641 436 2696 Cumas
456 2650 631 2713 usque
649 2655 965 2715 progressus
975 2641 1254 2697 Petronius
1274 2640 1386 2696 illic
1405 2641 1756 2699 adtinebatur.

161 2718 275 2771 Nec
302 2715 425 2771 tulit
451 2716 589 2772 ultra
614 2716 823 2773 timoris
848 2725 943 2771 aut
964 2718 1079 2789 spei
1102 2734 1296 2772 moras,
1376 2718 1564 2791 Neque
1583 2726 1770 2775 tamen·

160 2792 415 2869 praeceps
441 2792 607 2851 vitam
634 2791 857 2869 expulit,
888 2792 987 2852 sed
1002 2794 1212 2872 ‚incisas
1237 2808 1421 2867 venas,
1439 2801 1502 2851 ut
1521 2792 1730 2851 lihitum
