2081 3038
563 270 980 321 AGRlcoLA.
1024 271 1181 318 cAP.
1222 273 1269 316 9.
1313 273 1393 318 10.
1676 263 1775 322 27¹7

193 439 198 446 ⁴
289 379 341 432 9.
383 376 748 432 Revertentem
773 373 842 429 ab
872 371 1131 447 legatione
1160 371 1387 446 legionis
1408 373 1463 429 d.
1495 374 1779 447 Vespasia-

183 470 286 508 nus
303 453 440 506 inter
457 451 706 523 patricios
726 448 968 514 adscivit,
992 465 1055 503 ac
1073 447 1264 503 deinde
1284 450 1585 519 provinciae
1604 449 1777 523 Aqui-

181 527 352 582 taniae
383 526 706 598 praeposuit,
737 524 1047 597 splendidae
1076 525 1133 579 in
1154 525 1349 597 primis
1366 524 1660 598 dignitatis,
1684 526 1779 581 ad·-

182 602 568 658 ministratione
595 618 656 656 ac
682 617 778 672 spe
807 599 1134 665 consulatuS,
1158 601 1246 654 cui
1267 599 1573 654 destinarat.
1652 601 1789 661 Cre-'

181 678 314 733 dunt
331 677 594 750 plerique,
608 676 931 731 militaribus
949 676 1181 750 ingeniis
1201 674 1547 730 subtilitatem
1564 675 1775 732 deesse:

179 753 308 826 quia
335 753 618 808 castrensis
647 751 962 816 iurisdicti0‚
995 767 1183 807 secura
1210 758 1261 805 et
1276 750 1515 807 obtusior
1538 769 1601 806 ac
1623 750 1778 824 plura

181 845 344 883 manu
373 845 557 902 agens,
589 826 926 883 calliditatem
955 824 1053 881 fori
1075 843 1179 882 non
1199 835 1457 882 exerceat.
1534 825 1779 902 Agricola

180 902 405 959 naturali
433 903 736 975 prudentia,
767 903 1020 974 quamvis
1039 902 1179 958 inter
1196 910 1415 976 togatoS,
1438 901 1591 959 facile
1612 903 1780 960 iuste-

179 996 286 1052 que
305 979 510 1053 agebat.
565 979 678 1034 Iam
699 995 825 1034 vero
843 985 1079 1050 tempora
1098 995 1349 1033 curarum
1370 979 1779 1044 remissionum-,-

178 1072 286 1127 que
304 1055 498 1111 divisa.
539 1053 644 1110 Ubi
661 1061 954 1110 conventus
973 1071 1035 1108 ac
1055 1053 1251 1109 iudicia
1268 1064 1559 1126 poscerent,
1572 1055 1775 1129 graviS,

178 1132 431 1198 intentus,
475 1147 718 1197 severus,
758 1139 809 1185 et
846 1130 1065 1202 saepius
1101 1130 1432 1186 misericors:
1476 1131 1571 1186 ubi
1604 1131 1779 1187 officio

177 1205 524 1273 satisfactum,
548 1205 697 1262 nulla
721 1205 860 1262 ultra
879 1206 1151 1278 potestatis
1170 1223 1417 1279 persona.
1486 1208 1775 1262 Tristitiam
1846 1203 1862 1214 ⁸

176 1290 228 1337 et
245 1282 605 1356 adrogantiam
635 1291 688 1338 et
704 1283 982 1338 avaritiam
1001 1289 1245 1337 exuerat:
1288 1281 1507 1348 necilli,
1533 1283 1678 1354 quod
1699 1290 1781 1338 est

176 1358 538 1422 rarissimum,
579 1365 672 1412 aut
709 1356 932 1412 facilitas
972 1357 1353 1422 auctoritatem,
1396 1365 1487 1411 aut
1524 1359 1779 1412 severitas

177 1449 432 1498 amorem,
464 1431 746 1486 deminuit.
824 1431 1181 1504 integritatem
1216 1439 1377 1502 atque
1402 1432 1778 1487 abstinentiam

177 1508 234 1563 in
256 1515 399 1563 tanto
419 1506 535 1563 viro
555 1506 768 1573 referre,
779 1507 979 1561 iniuria
988 1507 1252 1561 virtutum
1274 1505 1451 1563 fuerit.
1483 1508 1563 1563 Ne
1581 1506 1778 1563 famam

177 1583 420 1656 quidem,
463 1582 552 1637 cui
591 1584 748 1637 etiam
789 1599 946 1654 saepe
980 1582 1109 1637 boni
1138 1581 1435 1655 indulgent,
1474 1584 1780 1639 ostentanda

175 1660 374 1715 virtute
394 1664 486 1713 aut
503 1675 598 1729 per
617 1665 783 1712 artem
803 1657 1101 1730 quaesivit:
1139 1656 1323 1729 procul
1344 1658 1411 1715 ab
1430 1660 1783 1717 aemulatione

176 1734 436 1791 adversus
465 1732 732 1807 conlegae,
765 1732 948 1805 procul
975 1751 1005 1788 a
1029 1734 1362 1789 contentione
1380 1734 1637 1791 adversus
1657 1753 1782 1807 pro-

176 1817 463 1865 curatores.
541 1809 610 1864 Et
633 1810 848 1865 vincere
873 1809 1187 1883 inglorium,
1220 1817 1271 1863 et
1293 1810 1458 1865 adteri
1478 1811 1777 1872 sordidum,

175 1885 549 1941 arbitrabatur.
628 1884 810 1940 Minus
839 1884 1133 1941 triennium
1161 1885 1218 1939 in
1239 1902 1299 1940 ea
1318 1884 1577 1959 legatione
1596 1886 1782 1941 deten-

176 1972 286 2027 tus,
309 1978 370 2014 ac
391 1961 568 2015 statim
590 1960 657 2014 ad
686 1978 838 2031 spem
859 1960 1169 2016 consulatus
1191 1970 1465 2017 revocatus
1486 1970 1583 2027 est,
1612 1962 1782 2017 comi-

74 2091 80 2095 .
174 2044 318 2092 tante
341 2036 610 2107 opinione,
642 2036 968 2091 Britanniam
995 2038 1045 2091 ei
1072 2038 1403 2109 provinciam
1424 2037 1571 2093 dari:
1613 2036 1779 2093 nullis

173 2116 231 2168 in
253 2112 353 2167 hoc
373 2113 488 2167 suis
510 2112 870 2176 ser-monime,
892 2112 988 2166 sed
1007 2113 1137 2183 quia
1156 2130 1252 2183 par
1272 2113 1567 2168 videbatur.
1612 2112 1781 2167 -Haud

173 2206 387 2260 semper
409 2195 545 2243 errat
565 2185 703 2241 fama
722 2205 733 2255 ;
776 2186 1065 2259 aliquando
1086 2196 1135 2241 et
1156 2187 1331 2262 elegit.
1412 2188 1610 2244 Consul
1631 2205 1782 2263 egre-

171 2265 294 2337 giae
331 2271 448 2317 tum
488 2264 604 2334 spei
643 2261 808 2317 filiam
845 2264 1031 2317 iuveni
1070 2262 1207 2317 mihi
1243 2264 1543 2335 despondit,
1573 2280 1635 2319 ae
1662 2272 1783 2335 post

173 2336 512 2394 consulatum
533 2337 844 2404 conlocavit,
867 2345 920 2392 et
935 2339 1115 2392 statim
1126 2338 1427 2395 Britanniae
1444 2340 1780 2411 praepositus

175 2421 276 2480 est,
299 2414 503 2469 adiecto
521 2412 860 2485 pontificatus
880 2412 1189 2469 sacerdotio.

288 2492 371 2543 lo.
412 2489 714 2543 Britanniae
733 2489 899 2543 situm
924 2488 1279 2563 populosque,
1302 2488 1489 2546 multis
1508 2490 1782 2562 scriptori-

176 2565 282 2619 bus
302 2572 636 2629 memoratos,
659 2582 766 2620 non
787 2565 846 2618 in
865 2566 1313 2636 comparationem
1330 2583 1490 2621 curae
1506 2566 1781 2641 ingeniive

173 2638 422 2705 referam,
445 2640 540 2697 sed
560 2641 691 2713 quia
709 2649 823 2695 tum
842 2641 1083 2712 primum
1106 2641 1403 2713 perdomita·
1420 2650 1517 2697 est.
1598 2643 1781 2715 ltaque

173 2731 317 2787 quae
335 2716 558 2786 priores,
575 2716 812 2772 nondum
832 2722 1119 2789 comperta,
1133 2716 1433 2790 eloquentia
1450 2717 1775 2791 percoluere,

173 2806 361 2847 rerum
381 2788 486 2846 fide
503 2791 792 2852 tradentur.
857 2793 1150 2861 Britannia,
1172 2792 1495 2861 insularum,
1520 2812 1657 2873 quas
1675 2796 1780 2854 Ro-
