2081 3038
211 195 312 252 248
547 201 603 246 C.
645 194 1111 246 coRNnLlus'
1132 193 1465 244 'PACITUS

213 301 414 358 adiecto
445 300 660 354 Laertae
689 301 854 372 patris
883 299 1119 365 nomine,
1148 297 1333 354 eodem
1355 298 1468 355 loeo
1486 299 1615 355 olim
1637 319 1823 372 reper-

213 386 342 442 tam,
374 381 827 448 monumentaque
852 383 904 430 et
923 373 1160 430 tumulos
1179 375 1462 452 quosdam,
1492 375 1709 431 Graecis
1732 377 1826 432 lit-—

213 452 341 507 teris
361 451 664 524 inscriptos,
685 452 742 506 in
763 451 992 506 confinio
1009 450 1329 507 Germaniae
1346 449 1703 523 Rhaetiaeque
1724 452 1827 508 ad-

213 528 324 582 huc
342 536 564 582 exstare.
643 526 792 593 Quae
818 540 993 598 neque
1013 526 1327 584 confirmare
1346 528 1695 599 argumentiS,
1723 545 1825 580 ne-

209 620 326 676 que
341 603 580 657 refellere
598 604 656 657 in
677 603 857 658 animo
877 609 982 656 est:
1027 619 1093 656 ex
1114 603 1332 675 ingenio
1350 619 1449 657 suo
1468 602 1703 674 quisque
1724 603 1823 658 de-

213 687 326 733 mat
343 677 426 734 vel
447 679 604 733 addat
622 677 801 732 fldem.

327 757 375 808 4.
419 755 539 825 lpse
567 769 750 809 eorum
779 753 1123 824 opinionibus
1144 751 1351 816 aeoedO,
1381 753 1477 828 qui
1498 751 1823 810 Germaniae

215 827 461 902 populos,
501 827 666 883 nullis
693 827 919 882 aliarum
947 829 1223 882 nationum
1256 826 1541 887 connubiis
1572 825 1817 894 infectOS,

213 906 486 978 propriam
526 911 576 958 et
615 905 876 959 sinceram
910 911 966 957 et
991 911 1197 957 tantum
1227 903 1313 956 sui
1342 901 1577 957 similem
1602 911 1817 976 gentem

213 981 484 1034 exstitisse
503 979 842 1034 arbitrantur.
866 978 1018 1033 Unde
1035 977 1251 1033 habitas
1275 995 1491 1058 quoque
1510 977 1815 1050 corporum,

213 1071 548 1128 quamquam
569 1054 626 1107 in
645 1062 788 1112 tanto
807 1053 1091 1109 hominum
1112 1068 1353 1118 numero,
1368 1053 1511 1114 idem
1530 1055 1785 1113 omnibus
1804 1075 1815 1110 t

215 1140 394 1184 truces
421 1137 470 1182 et
493 1127 722 1182 caerulei
750 1127 910 1193 oculi,
943 1129 1135 1184 rutilae
1160 1146 1359 1194 comae,
1384 1127 1576 1204 magua
1596 1147 1817 1202 corpora

195 1213 265 1258 -ot
291 1211 501 1257 tantum
528 1203 594 1257 ad
623 1204 862 1273 inpetum
891 1204 1087 1258 ⁸valida.
1170 1203 1389 1262 Laboris
1415 1211 1573 1282 atque
1592 1221 1819 1278 operum

215 1296 320 1333 non
341 1278 525 1332 eadem
555 1278 833 1360 patientia:
877 1279 1210 1352 minimeque
1236 1280 1381 1340 sitim
1403 1287 1720 1354 aestumque
1742 1288 1820 1335 to—

216 1353 400 1419 lerare,
427 1353 620 1427 frigora
641 1363 799 1426 atque
819 1355 1054 1409 inediam
1074 1354 1217 1410 eoelo
1237 1353 1415 1410 solove
1436 1355 1816 1412 adsueverunt.

309 1433 377 1484 ὃ.
421 1431 599 1492 Terra,
641 1431 737 1483 etsi
767 1429 1043 1502 aliquanto
1072 1431 1248 1505 specie
1275 1427 1467 1494 differt,
1509 1432 1566 1484 in
1600 1431 1821 1495 univer-

215 1524 339 1560 sum
379 1513 554 1560 tamen
595 1514 686 1567 aut
721 1505 878 1560 silvis
915 1505 1149 1571 horrida,
1192 1512 1284 1561 aut
1315 1503 1605 1587 paludibus
1636 1500 1814 1565 foeda:

214 1580 510 1645 humidior,
551 1598 660 1652 qua
698 1580 928 1648 Gallias3
981 1581 1269 1647 ventosior,
1313 1598 1421 1653 qua
1461 1582 1715 1637 Noricum
1732 1584 1737 1591 '
1757 1598 1820 1636 ac

188 1656 546 1728 -Pannoniam
577 1656 827 1727 adspicit:
871 1657 1000 1710 satis
1033 1655 1207 1710 ferax:
1252 1655 1627 1731 frugiferarum
1663 1657 1821 1713 arbo-

215 1748 338 1790 rum
359 1730 653 1801 inpatiens:
695 1736 947 1802 pecorum
967 1729 1255 1799 foecunda3
1280 1730 1374 1785 ssd
1393 1730 1713 1804 plerumque
1732 1733 1822 1786 in-

215 1817 450 1879 procera.
531 1806 610 1860 Ne
637 1805 890 1860 armentis
921 1804 1141 1877 quidem
1172 1822 1307 1859 suus
1334 1806 1503 1866 honor
1531 1814 1623 1869 aut
1650 1806 1818 1881 gloria

215 1882 433 1939 frontis:
475 1899 700 1945 numero
716 1880 966 1955 gaudent.
1015 1880 1233 1952 Eaeque
1253 1878 1394 1941 solae
1414 1890 1463 1935 et
1480 1883 1822 1955 gratissimae

214 1976 344 2031 opes
361 1965 509 2015 sunt.
565 1958 858 2030 Argentum
877 1962 928 2010 et
947 1972 1140 2010 aurum
1164 1956 1378 2031 propitii
1400 1974 1465 2011 an
1489 1958 1605 2011 irati
1628 1956 1702 2011 dii
1726 1975 1820 2012 ne-

214 2036 476 2109 gaverint,
520 2031 722 2087 dubito.
805 2032 914 2085 Nee
939 2039 1115 2085 tamen
1148 2031 1561 2096 adfirmaverim,
1612 2032 1816 2087 nullam

217 2102 548 2165 Germaniae
564 2124 755 2161 venam
784 2115 1067 2180 argentum
1086 2124 1347 2162 aurumve
1364 2107 1601 2185 gignere.
1682 2106 1820 2201 sguis

217 2186 360 2239 enim
390 2190 656 2238 scrutatus
683 2181 801 2237 est?
855 2182 1195 2239 possessione
1220 2191 1271 2237 et
1294 2198 1403 2236 usu
1435 2182 1579 2236 haud
1598 2182 1821 2261 perinde

216 2260 558 2313 adficiuntur.
636 2258 736 2311 Est·
751 2258 931 2313 videre
945 2258 1091 2329 'apud
1108 2257 1230 2313 illos
1251 2265 1493 2331 argentea
1518 2274 1659 2322 vasa,
1674 2256 1820 2330 lega-

219 2336 286 2389 tis
315 2342 366 2387 et
395 2333 732 2405 principibus
759 2348 942 2388 eorum
973 2334 1185 2389 muneri
1205 2332 1343 2397 data,
1368 2350 1473 2395 non
1495 2333 1551 2385 in
1572 2331 1673 2386 alia
1696 2332 1822 2387 vili-

216 2418 339 2473 tate,
353 2426 518 2480 quam
533 2406 672 2480 quae
691 2408 858 2463 humo
875 2409 1183 2482 finguntur:
1210 2424 1541 2487 quamquam
1562 2408 1817 2481 proximi,

123 2512 136 2520 -
216 2484 285 2537 oh
305 2500 469 2537 usum
492 2486 952 2550 commerciorum,
983 2500 1177 2537 aurum
1204 2491 1255 2537 et
1274 2490 1553 2557 argentum
1574 2482 1630 2541 in
1650 2482 1823 2561 pretio

218 2557 434 2621 habent,
478 2556 783 2629 formasque
820 2558 1081 2629 quasdam
1120 2558 1621 2628 nostrae'pecuniae
1654 2574 1823 2631 agno-

219 2639 375 2683 scunt
393 2638 556 2699 atque
575 2630 806 2703 eligunt:
849 2634 1124 2687 interiores
1145 2630 1448 2711 simplicius
1471 2642 1522 2686 et
1540 2632 1821 2705 antiquius

219 2703 605 2773 permutatione
648 2707 906 2761 mercium
943 2713 1188 2761 utuntur.
1269 2706 1553 2760 Pecuniam
1594 2705 1822 2777 probant
