2081 3038
228 223 472 299 μαῖα.)
642 233 800 279 mn.
840 229 933 279 vt.
975 233 1159 279 cAP.
1201 235 1413 280 9—11.
1724 227 1817 282 20¹

227 335 404 407 Atque
430 335 500 390 ob
527 333 582 389 id
610 333 858 389 convictu
887 332 1149 404 principis
1174 332 1495 402 prohibitus,
1523 351 1649 392 cum
1670 336 1829 392 senili

227 426 395 466 manu
412 408 613 464 ferrum
633 408 960 471 tentavisset,
981 406 1238 480 obligavit
1256 425 1445 463 venas:
1474 420 1829 484 precatusque

227 501 323 558 per
349 482 638 548 codicilloS,
670 481 847 538 inmiti
874 481 1148 553 rescripte,
1173 497 1337 536 venas
1361 483 1589 540 resolvit.
1666 485 1829 542 Acer-

232 560 394 616 vatim
433 575 502 614 ex
538 575 600 613 eo
641 556 854 612 Annius
892 555 1091 622 Pollio„
1121 553 1329 628 Appius
1354 554 1590 624 Silanus,
1630 559 1829 618 Scauro

229 635 492 690 Mamerco
523 631 689 688 simul
721 649 784 687 ac
809 629 1005 688 Sabino
1032 629 1286 697 Calvisio,
1328 630 1619 688 maiestatis
1645 645 1829 706 postu-

231 710 426 775 lantur,
457 715 510 763 et
537 706 848 762 Vinicianus
877 705 1102 763 Pollioni
1128 707 1266 780 patri
1295 705 1663 774 adficiebatur,
1700 709 1829 766 clari

228 799 423 858 genus,
443 790 496 837 et
513 781 735 854 quidam
754 783 986 839 summis
1006 782 1321 840 honoribus.
1368 781 1833 840 Contremuerant-

230 873 341 930 que
357 865 532 929 patres
549 899 562 922 ,
585 856 729 930 (nam
748 865 946 930 quotus
964 859 1202 931 quisque
1226 857 1514 914 adfinitatis
1533 866 1625 914 aut
1644 858 1831 914 amici-

233 933 334 988 tiae
352 939 426 988 tot
444 932 754 989 inlustrium
775 935 1013 990 virorum
1033 951 1227 1006 expers
1245 931 1408 1007 erat‘?)
1427 934 1484 988 ni
1505 932 1715 1001 Celsus,
1736 952 1831 992 ur-

231 1009 398 1064 banae
416 1007 642 1064 cohortis
662 1008 932 1075 tribunus,
964 1017 1082 1073 tum
1103 1009 1243 1064 inter
1260 1008 1483 1076 indices,
1514 1008 1755 1082 Appium
1779 1018 1831 1065 et

228 1082 525 1140 Calvisium
563 1083 864 1140 discrimini
889 1086 1194 1140 exemisset.
1275 1083 1467 1142 Caesar
1495 1085 1749 1142 Pollionis
1768 1102 1831 1140 ac

229 1158 493 1216 Viniciani
521 1157 818 1234 Scaurique
844 1177 1113 1225 caussam,
1143 1168 1205 1215 ut
1229 1159 1347 1233 ipse
1372 1176 1498 1217 cum
1525 1169 1713 1218 senatu
1732 1178 1830 1216 no-

225 1242 412 1300 sceret,
440 1234 669 1302 distulit,
699 1233 840 1292 datis
867 1234 1199 1309 quibusdam
1223 1235 1283 1292 in
1303 1233 1566 1293 Scaurum
1586 1237 1827 1294 tristibus

225 1311 384 1368 notis.

338 1388 420 1441 io.
461 1385 544 1441 Ne
581 1383 812 1440 feminae
855 1384 1077 1456 quidem
1122 1392 1357 1442 exsortes
1394 1385 1651 1458 periculi,
1699 1387 1829 1459 quia

223 1459 562 1534 occupandae
589 1458 820 1533 reipubl.
852 1459 1007 1533 argui
1038 1477 1143 1514 non
1177 1465 1435 1531 poterant,
1474 1459 1545 1516 ob
1583 1458 1831 1516 lacrimas

226 1535 636 1593 incusabantur:
679 1540 968 1605 necataque
997 1542 1077 1588 est
1104 1552 1243 1590 anus
1262 1534 1421 1600 Vitia,
1445 1534 1585 1591 Fufii
1615 1534 1830 1591 Gemini

225 1618 412 1677 mater,
436 1609 582 1683 quod
601 1607 699 1664 filii
720 1624 904 1664 necem
925 1608 1175 1663 flevisset.
1234 1609 1373 1664 Haec
1390 1609 1534 1682 apud
1552 1617 1825 1667 senatum:

226 1704 326 1743 nec
341 1702 497 1741 secus
518 1683 664 1757 apud
680 1683 978 1756 principem
999 1683 1343 1741 Vescularius
1352 1683 1559 1741 Atticus
1578 1702 1641 1741 ac
1658 1684 1831 1741 Iulius

226 1761 469 1817 Marinus
485 1760 554 1815 ad
573 1766 796 1814 mortem
817 1768 1070 1833 aguntur,
1093 1777 1123 1815 e
1148 1759 1531 1817 vetustissimis
1552 1759 1831 1817 familiari-

230 1854 345 1901 um,
367 1833 616 1890 Rhodum
635 1833 804 1891 secuti
823 1842 874 1891 et
892 1834 1038 1908 apud
1056 1834 1285 1909 Capreas
1300 1835 1587 1893 individui.
1627 1835 1831 1893 Vescu-

228 1910 395 1965 larius
432 1908 752 1966 insidiarum
791 1909 848 1963 in
885 1910 1146 1967 Libonem
1184 1911 1574 1967 internuntius:
1624 1912 1830 1968 Marino

227 1984 502 2057 participe,
525 1982 750 2039 Seianus
769 1983 1016 2041 Curtium
1033 1985 1270 2043 Atticum
1288 1993 1641 2061 oppresserat.
1711 1984 1829 2053 Quo

227 2058 417 2115 laetius
437 2067 732 2132 acceptum,
754 2076 853 2115 sua
869 2060 1111 2132 exempla
1129 2062 1186 2117 in
1206 2060 1533 2117 consultores
1553 2058 1824 2123 recidisse.

335 2135 436 2189 Per
463 2135 606 2193 idem
635 2142 848 2205 tempus
869 2135 931 2190 L.
953 2135 1077 2191 Piso
1100 2136 1359 2209 pontifex,
1400 2153 1582 2192 rarum
1607 2135 1666 2191 in
1684 2142 1828 2191 tanta

225 2209 561 2277 claritudine,
584 2208 688 2265 fato
705 2208 864 2279 obiit;
896 2209 1105 2267 nullius
1122 2210 1334 2269 servilis
1356 2210 1647 2266 sententiae
1665 2226 1831 2282 spon-

227 2296 276 2341 te
305 2293 506 2351 auctor,
537 2291 608 2351 et,
637 2286 886 2357 quotiens
928 2286 1214 2343 necessitas
1245 2288 1533 2359 ingrueret,
1565 2284 1831 2359 sapienter

227 2360 529 2417 moderans.
607 2360 817 2417 Patrem
857 2361 906 2417 ei
947 2362 1250 2419 censorium
1290 2360 1459 2417 fuisse
1503 2361 1825 2415 memoravi:

225 2444 366 2491 aetas
395 2433 464 2492 ad
488 2436 874 2510 octogesimum
900 2453 1106 2493 annum
1164 2434 1410 2494 recessit:
1452 2435 1617 2491 decus
1637 2435 1833 2491 trium-

225 2509 384 2583 phale
401 2510 461 2566 in
481 2510 705 2567 Thracia
725 2519 1007 2568 meruerat.
1046 2454 1163 2567 Sag
1166 2512 1453 2585 praecipua
1472 2527 1540 2569 ex
1558 2526 1621 2566 eo
1636 2508 1828 2586 gloria,

223 2585 370 2658 quod
399 2582 698 2659 praefectus
727 2586 850 2643 urbi
877 2604 1063 2649 recens
1090 2587 1398 2643 continuam
1427 2593 1759 2659 potestatem,
1782 2592 1834 2641 et

224 2660 510 2717 insolentia
529 2660 750 2733 parendi
767 2663 1089 2737 graviorem,
1112 2661 1250 2717 mire
1266 2662 1597 2735 temperavit.

337 2740 421 2793 Η.
465 2736 714 2811 Namque
732 2744 904 2806 antea,
923 2734 1189 2821 profectis·
1198 2736 1355 2796 domo
1372 2736 1613 2817 regibus,
1624 2756 1688 2799 ac
1705 2753 1835 2801 mox
