2081 3038
357 224 416 273 ¹6
832 225 1482 272 HISTORIARUM
1678 230 1948 291 (susis.

353 347 494 383 mus.
533 344 544 347 “
576 328 643 381 Et
669 328 845 381 intimi
877 326 1185 381 libertorum
1214 344 1620 399 servorumque,
1648 326 1951 399 corruptius

351 422 515 475 quam
546 404 603 457 in
634 404 836 473 privata
857 403 1015 457 domo
1035 400 1223 465 babiti,
1249 402 1425 457 aulam
1446 398 1671 457 Neronis
1692 412 1743 456 et
1765 402 1947 468 luxuS,

350 479 626 542 adulteria,
661 480 1014 540 matrimonia,
1044 488 1349 549 ceterasque
1370 496 1653 550 regnorum
1677 476 1945 543 libidines,

350 555 506 610 avido
532 554 739 619 talium,
764 554 810 607 si
831 554 1066 616 auderet,
1091 563 1151 607 ut
1168 570 1265 607 sua
1286 562 1636 613 ostentantes:
1666 556 1951 624 quiescen-

352 632 410 693 ti,
443 638 502 683 ut
531 628 722 693 aliena,
754 628 1167 700 exprobrabant:
1210 629 1528 701 urgentibus
1556 630 1717 683 etiam
1744 628 1948 683 matbe-

352 706 577 766 maticiS,
601 704 730 758 dum
753 722 910 759 novos
928 714 1111 765 motus,
1135 714 1185 757 et
1203 708 1405 757 clarum
1426 704 1612 759 Othoni
1628 720 1840 765 annum,
1858 708 1949 759 ob-

349 785 638 835 servatione
655 784 897 841 siderum,
923 778 1230 833 adfirmant:
1272 796 1445 852 genus
1464 778 1741 833 hominum
1765 789 1950 850 poten-

349 856 495 909 tibus
525 854 772 917 infidum,
804 854 1144 924 sperantibus
1170 853 1349 917 fallax,
1381 855 1527 925 quod
1544 855 1602 908 in
1624 856 1833 909 civitate
1854 872 1949 909 no-

350 939 457 985 stra
480 940 530 983 et
552 930 811 984 vetabitur
831 946 1061 999 semper,
1084 939 1135 984 et
1153 929 1481 984 retinebitur.
1561 930 1755 985 Multos
1777 946 1949 983 secre-

351 1015 399 1060 ta
455 1006 722 1075 Poppaeae
778 1005 1206 1069 mathematicos,
1277 1007 1577 1076 pessimum
1635 1003 1947 1076 principalis

349 1081 673 1133 matrimonii
703 1080 1139 1141 instrumentum,
1171 1079 1489 1136 habuerant:
1538 1097 1569 1134 e
1596 1080 1797 1152 quibus
1826 1080 1949 1135 Pto-

350 1154 603 1216 lemaeuS,
627 1151 820 1208 Othoni
843 1157 899 1207 in
925 1155 1174 1225 Hispania
1198 1172 1393 1218 comes,
1412 1172 1535 1209 cum
1557 1160 1948 1223 &aper-[uturum

347 1248 462 1283 eum
503 1230 697 1282 Neroni
735 1232 1087 1299 promisisset,
1131 1240 1411 1301 postquam
1452 1248 1519 1285 ex
1556 1240 1749 1285 eventu
1792 1229 1945 1296 fides,

349 1307 644 1359 coniectura
676 1306 781 1357 iam
815 1313 866 1358 et
895 1322 1108 1360 rumore
1136 1308 1347 1359 senium
1376 1306 1575 1361 Galbae
1596 1316 1645 1359 et
1674 1308 1949 1359 iuventam

347 1378 572 1435 Othonis
592 1382 1034 1451 computantium,
1069 1388 1417 1451 persuaserat,
1459 1387 1587 1451 sore,
1616 1390 1673 1434 ut
1704 1386 1759 1435 in
1786 1386 1951 1449 impe-

347 1460 485 1510 rium
505 1460 896 1510 adscisceretur.
975 1455 1077 1510 Sed
1104 1454 1240 1511 Otho
1265 1466 1538 1529 tamquam
1558 1457 1745 1528 peritia
1764 1465 1815 1511 et
1834 1474 1949 1511 mo-

349 1533 462 1587 nitu
505 1531 726 1586 fatorum
769 1532 1028 1602 praedicta
1078 1533 1394 1602 accipiebat,
1446 1531 1699 1603 cupidine
1744 1533 1945 1606 ingenii

347 1607 570 1662 humani
597 1607 846 1660 libentius
865 1609 1089 1661 obscura
1109 1607 1375 1662 credendi.

457 1686 542 1738 23.
586 1683 694 1736 Nec
721 1683 897 1736 deerat
925 1683 1273 1745 PtolemaeuS,
1302 1684 1409 1737 iam
1446 1690 1497 1737 et
1514 1680 1729 1737 sceleris
1751 1685 1949 1739 instin-

306 1757 310 1763 '
348 1765 476 1820 ctor,
521 1756 588 1810 ad
627 1758 768 1829 quod
813 1757 1062 1811 facillime
1099 1757 1168 1811 ab
1208 1757 1472 1812 eiusmodi
1513 1766 1632 1813 voto
1667 1760 1945 1813 transitur.

347 1830 450 1886 Sed
470 1831 684 1886 sceleris
705 1833 948 1904 cogitatio
968 1835 1230 1887 incertum
1254 1851 1321 1887 an
1344 1849 1562 1905 repens:
1604 1833 1781 1888 studia
1804 1833 1951 1890 mili-

350 1916 462 1962 tum
491 1912 597 1962 iam
622 1908 848 1980 pridem,
881 1924 976 1979 spe
1003 1909 1358 1962 successionis
1378 1918 1470 1963 aut
1488 1918 1672 1981 paratu
1700 1907 1951 1964 facinoris

349 1982 722 2048 adfectaverat3
765 1984 821 2036 in
851 1984 1056 2056 itinere,
1080 1985 1137 2038 in
1159 1985 1391 2056 agmine,
1420 1987 1475 2039 in
1496 1984 1833 2050 stationibus,
1856 2002 1953 2040 ve-

349 2061 709 2114 tustissimum
757 2075 1030 2130 quemque
1068 2057 1301 2113 militum
1345 2061 1559 2114 nomine
1598 2077 1819 2124 vocans,
1864 2077 1947 2126 ae,

348 2135 601 2189 memoria
631 2133 914 2187 Neroniani
943 2137 1242 2197 comitatuS,
1269 2138 1656 2189 contubernales
1676 2134 1950 2205 adpellan-

347 2209 442 2270 do;
467 2208 598 2263 alios
621 2225 920 2281 agnoscere,
943 2209 1205 2280 quosdam
1226 2212 1518 2281 requirere,
1540 2219 1591 2264 et
1612 2212 1837 2280 pecunia
1860 2220 1952 2266 aut

347 2287 513 2358 gratia
537 2287 746 2339 iuvare:
789 2284 1073 2339 inserendo
1092 2285 1306 2356 saepius
1327 2284 1569 2358 querelas
1596 2293 1645 2338 et
1664 2285 1949 2358 ambiguos

347 2361 412 2413 de
443 2359 609 2413 Galba
651 2375 942 2424 sermones,
983 2377 1230 2432 quaeque
1268 2359 1370 2414 alia
1410 2361 1739 2414 turbamenta
1772 2360 1946 2434 vulgi.

349 2435 577 2488 Labores
606 2435 879 2497 itinerum,
911 2436 1092 2505 inopia
1119 2446 1533 2500 commeatuum,
1560 2435 1753 2490 duritia
1775 2436 1949 2508 impe-

348 2509 435 2571 rii,
478 2511 706 2564 atrocius
736 2510 1147 2581 accipiebantur,
1190 2528 1335 2574 cum,
1378 2509 1697 2582 Campaniae
1728 2509 1880 2566 lacus
1904 2513 1951 2565 et

349 2583 578 2637 Achaiae
607 2585 766 2638 urbes
794 2584 1058 2640 classibus
1083 2585 1229 2640 adire
1249 2585 1408 2650 soliti,
1433 2587 1763 2658 Pyrenaeum
1785 2595 1839 2640 et
1859 2586 1947 2641 Al-

351 2674 445 2726 pes
474 2667 525 2711 et
554 2660 797 2714 inmensa
829 2662 1038 2714 viarum
1070 2662 1238 2732 spatia
1268 2677 1423 2733 aegre
1450 2661 1747 2716 sub'armis
1781 2663 1949 2716 enite-

351 2738 553 2785 rentur.
