2081 3038
245 240 312 291 22
813 242 1287 291 ANNALIUM
1574 237 1848 307 (A.u.757.

246 354 298 401 et
319 362 510 419 magna
532 359 646 417 spe,
671 344 780 401 fore
799 353 860 401 ut
879 346 1233 401 Germanicus
1254 344 1447 399 Caesar
1462 344 1753 415 imperium
1774 344 1851 399 al·

247 423 414 477 terius
442 422 550 493 pati
582 422 854 495 nequiret,
893 422 1151 493 daretque
1178 438 1237 475 se
1281 420 1609 494 legionibuS,
1651 422 1707 474 vi
1754 438 1853 475 sua

245 505 436 552 cuncta
477 500 740 551 tractaris».
821 496 936 553 Duo
973 497 1120 569 apud
1161 497 1334 567 ripam
1374 496 1548 551 Rheni
1587 497 1853 550 exercitus

245 580 420 627 erant:
464 572 551 627 cui
573 588 770 627 nomen
789 573 1081 643 superiori,
1110 572 1216 626 sub
1238 570 1298 627 C.
1322 570 1455 626 Silio
1478 570 1675 645 lega-to3
1718 570 1855 626 infe·-

247 650 442 703 riorem
463 646 526 701 A.
553 648 776 703 Caecina
803 648 1038 701 curabat.
1117 648 1645 721 Regimenfsummao
1662 648 1739 701 rei
1756 662 1857 718 pe-

249 740 345 779 nes
365 723 767 789 Germanicum,
793 722 996 797 agendo
1016 722 1315 777 Galliarum
1335 724 1521 777 oensui
1543 730 1658 777 tum
1678 723 1857 779 inten-

247 808 385 854 tum.
456 798 560 854 Sed
577 798 781 870 quibus
801 798 971 853 Silius
991 798 1383 863 moderabatur,
1406 805 1583 853 mente
1601 798 1857 871 ambigua

247 874 514 931 fortunam
552 874 829 930 seditionis
867 873 1070 932 alienae
1106 872 1551 945 speculabantur}
1588 872 1859 929 inferioris

249 952 514 1006 exercitus
535 949 690 1004 miles
709 949 766 1004 in
787 949 989 1004 rabiem
1007 949 1293 1021 prolapsus
1314 957 1418 1015 est,
1448 956 1563 1004 orto
1580 950 1649 1004 ab
1668 956 1859 1004 unaet-

249 1026 592 1091 vicesimanis
611 1026 999 1097 quintanisque
1021 1025 1201 1089 initio,
1234 1032 1286 1080 et
1314 1026 1492 1079 tractis
1518 1024 1692 1097 prima
1720 1042 1861 1097 quo-

249 1118 358 1174 que
377 1118 438 1153 ac
461 1102 712 1155 vioesima
733 1100 1068 1173 legionibus3
1102 1113 1225 1155 nam
1251 1100 1448 1154 iisdem
1476 1100 1695 1155 aestivis
1712 1102 1771 1155 in
1794 1102 1860 1155 fi-

252 1176 414 1230 nibus
436 1176 692 1231 Ubiorum
714 1176 1050 1233 habebantur
1068 1192 1165 1247 per
1183 1177 1365 1231 otium
1376 1184 1467 1230 aut
1486 1174 1625 1230 levia
1646 1178 1854 1231 munia.

250 1252 437 1325 Igitur,
463 1250 642 1306 audito
663 1250 768 1305 fine
780 1250 1031 1325 Augusti,
1060 1250 1339 1306 vernacula
1362 1251 1668 1317 multitudo,
1686 1263 1859 1323 nuper

252 1334 365 1381 acto
394 1327 446 1379 in
482 1326 613 1380 urbe
646 1326 883 1391 delectu,
916 1326 1167 1381 lasciviae
1194 1323 1341 1381 s'ueta
1360 1369 1373 1391 ,
1405 1326 1646 1382 laborum
1670 1327 1861 1382 intole—

251 1420 375 1457 rans
395 1442 406 1467 ,
440 1401 714 1473 impellere
733 1409 1028 1457 ceterorum
1051 1402 1211 1456 rudes
1230 1402 1466 1457 animos:
1508 1408 1707 1457 venisse
1735 1412 1862 1457 tem-

247 1495 347 1548 pus
361 1517 374 1544 ,
407 1494 510 1547 quo
526 1482 760 1534 veterani
775 1486 1038 1534 maturam
1058 1482 1374 1542 missionem,
1398 1482 1605 1533 iuvenes
1624 1481 1861 1549 laryae'ora

249 1559 533 1622 stipendia,
567 1564 740 1610 cuncta
759 1559 966 1610 modum
991 1559 1326 1608 miseriarum
1351 1564 1706 1622 ampo-scoram,
1742 1571 1862 1608 sae-

249 1633 532 1698 viciamque
551 1634 908 1684 centurionum
935 1633 1325 1684 ulciscerentur.
1404 1630 1520 1685 Non
1543 1647 1687 1684 unus
1708 1629 1859 1694 haec,

255 1713 314 1758 ut
334 1704 660 1759 Pannonicas
680 1705 820 1759 inter
839 1705 1075 1778 legiones
1097 1705 1419 1759 Percennius
1436 1747 1449 1770 ,
1474 1721 1573 1759 nec
1592 1705 1735 1776 apud
1756 1712 1863 1759 tre-

255 1779 406 1850 pidas
435 1779 668 1834 militum
699 1797 883 1844 aurea,
926 1779 1059 1834 alios
1087 1779 1371 1836 validiores
1400 1780 1661 1836 exercitus
1688 1782 1864 1852 respi—

251 1854 537 1918 cientium,
579 1853 674 1908 sed
701 1854 870 1910 multa
901 1853 1177 1910 seditionis
1205 1873 1295 1910 ora
1335 1872 1625 1928 vocesque:
1668 1873 1766 1911 sua
1808 1861 1866 1910 in

182 1983 191 1997 ‚.
253 1947 412 1983 manu
445 1934 600 1986 sitam
628 1947 738 1984 rem
764 1931 1077 1998 Romanam;
1122 1935 1233 1985 suis
1258 1936 1497 1986 victoriis
1530 1936 1718 2001 anyeri
1755 1948 1865 1985 rem

250 2008 516 2074 publicam
525 2025 544 2073 ‚·
564 2011 621 2060 in
638 2023 790 2060 suum
809 2015 1193 2076 cognomentum
1212 2011 1437 2062 adscisci
1460 2012 1815 2075 imperatores,

367 2083 451 2138 32.
495 2081 604 2136 Nec
623 2081 828 2156 legatus
845 2081 1063 2138 obviam
1086 2082 1221 2136 ibat:
1264 2083 1469 2154 quippe
1496 2083 1737 2156 plurium
1772 2099 1867 2136 ve-

253 2156 431 2212 cordia
453 2159 802 2212 constantiam
823 2165 1110 2213 exemerat.
1191 2158 1423 2229 Repente
1447 2155 1739 2230 lymphati,
1772 2157 1865 2212 de-

255 2233 452 2286 strictis
480 2232 704 2305 gladiis,
737 2234 1150 2295 incenturiones
1180 2232 1467 2297 invadunt,
1503 2233 1582 2306 (ea
1612 2235 1867 2289 vetustis-

255 2309 393 2362 sima
424 2308 747 2363 militaribus
775 2309 914 2364 odiis
945 2309 1219 2373 materies,
1263 2316 1314 2363 et
1348 2304 1623 2363 saeviendi
1660 2309 1868 2381 princi-

255 2384 407 2455 pium
427 2383 462 2456 ‚)
481 2390 766 2456 prostratos
788 2384 1103 2440 verberibus
1122 2384 1379 2450 mulcant,
1402 2385 1655 2458 sexageni
1674 2385 1869 2458 singu-

256 2459 334 2514 los
351 2501 363 2524 ,
415 2468 476 2513 ut
521 2476 809 2514 numerum
849 2461 1222 2515 centurionum
1270 2457 1643 2532 adaequarent.
1724 2461 1868 2514 Tum

256 2533 543 2588 oon-vulsos
573 2533 904 2608 laniatosque
929 2544 981 2589 ot
1008 2537 1204 2607 partim
1226 2537 1501 2591 exanimos
1520 2543 1641 2590 ante
1661 2533 1867 2590 vallum

258 2615 350 2662 aut
384 2608 440 2662 in
481 2625 696 2664 amnem
736 2611 984 2666 Rhenum
1024 2611 1328 2682 proiiciunt.
1409 2611 1702 2682 Septimius
1739 2628 1871 2666 cum

257 2681 581 2756 perfugisset
597 2685 666 2739 ad
687 2686 920 2741 tribunal
938 2727 950 2750 ‚
983 2683 1323 2758 pedibusque
1340 2687 1597 2742 Caecinae
1616 2684 1872 2741 advolve-

259 2765 433 2826 retur,
465 2771 528 2816 eo
545 2774 724 2834 usque
741 2759 1006 2838 flagitatus
1025 2769 1131 2829 est,
1162 2762 1330 2820 donec
1354 2763 1421 2818 ad
1448 2763 1678 2820 exitium
1706 2759 1871 2820 dede—
