2081 3038
301 185 398 248 446
857 174 1329 241 ΑΝΝΑιῙυΜ
1625 182 1899 258 (A.u.s2o.

299 305 456 351 natus
475 294 668 371 globus
689 300 983 368 togatorum
1003 293 1298 360 obsederat,
1318 311 1423 350 uon
1442 291 1665 349 occultis
1680 292 1899 369 gladiis:

297 370 637 443 dispersique
653 387 749 443 per
769 368 877 426 fora
896 386 959 425 ac
977 368 1225 437 basilicas
1244 364 1401 425 cunei
1422 368 1699 426 militare&
1761 370 1904 425 Inter

298 462 531 518 quorum
562 444 844 519 adspectus
868 453 920 499 et
938 445 1116 500 minas
1134 445 1364 520 ingressi
1382 445 1590 500 curiam
1609 452 1899 501 senatores.

299 523 366 577 Et
383 522 550 584 oratio
567 520 828 595 principis
849 536 945 592 per
963 529 1299 595 quaestorem
1319 520 1437 577 eius
1454 520 1635 575 audita
1654 528 1753 575 est.
1796 520 1907 577 Ne-

301 598 447 652 mine
467 596 782 653 nominatim
803 594 1133 669 compellato,
1152 604 1330 669 patres
1349 596 1623 670 arguebat,
1646 599 1785 666 quod
1798 614 1906 665 pu-

299 676 437 732 blica
463 671 644 736 munia
667 676 974 737 desererent,
995 688 1273 741 earumque
1294 674 1530 742 ezeeinplo
1545 674 1742 743 equites
1759 671 1905 727 Rom.

298 752 369 805 ad
397 751 670 821 segnitiam
695 755 1034 803 verterentur.
1112 746 1329 811 Etenim,
1361 750 1489 818 quid
1505 751 1713 811 mirum,
1740 762 1769 801 e
1788 748 1906 801 lon-

298 827 506 893 ginquis
520 825 806 892 provinciis
822 824 964 877 haud
981 826 1168 887 veniri,
1190 839 1306 877 cum
1317 825 1573 893 plerique,
1584 825 1761 891 adepti
1779 838 1908 877 con-

298 902 527 955 sulatum
545 907 595 953 et
611 900 924 961 sacerdotia,
937 900 1206 953 hortorum
1218 902 1397 967 potius
1412 901 1718 955 amoenitati
1730 900 1907 953 inser-

299 970 509 1028 virent?
586 970 692 1029 uod
713 970 859 1033 velut
877 969 1039 1027 telum
1068 970 1349 1045 adripuere
1366 968 1723 1039 adcusatores.

409 1052 496 1105 28.
583 1055 622 1112 t,
645 1046 862 1119 initium
883 1045 1106 1103 faciente
1126 1046 1746 1114 Cossutiano,maioro-vi
1762 1047 1907 1103 Mae-

300 1120 487 1187 cellus,
527 1137 780 1177 summam
803 1125 1175 1193 rempublicam
1200 1127 1309 1195 aqi,
1348 1120 1677 1182 clamitabat:
1720 1131 1905 1179 contu-

298 1202 472 1253 macia
492 1201 798 1269 inferiorum
815 1200 1079 1253 lenitatem
1098 1202 1446 1269 imperitantis
1460 1202 1701 1263 detnimaei.
1730 1197 1907 1254 Nimi-

300 1291 388 1327 um
413 1277 561 1328 mites
587 1276 659 1329 ad
685 1289 800 1331 eam
825 1276 961 1330 diem
979 1282 1179 1345 patres,
1206 1277 1301 1345 qui
1320 1274 1600 1329 Thraseam
1616 1276 1907 1329 desciscen-

303 1356 418 1412 tem,
459 1351 554 1419 qui
585 1364 828 1423 generum
853 1352 985 1413 eius,
1024 1348 1324 1405 Helvidium
1352 1348 1603 1413 Priscum,
1642 1354 1701 1404 in
1723 1352 1909 1403 iisdem

298 1426 583 1494 furoribus,
603 1426 763 1479 simui
779 1424 1063 1496 Paconium
1079 1423 1440 1493 Amippinum,
1448 1429 1661 1495 paterni
1677 1421 1735 1479 i'n
1748 1428 1907 1493 prin-

302 1504 440 1570 cipes
475 1502 584 1555 odii
609 1501 859 1568 heredem,
897 1508 948 1556 et
977 1494 1215 1555 Curtium
1241 1500 1563 1564 Montanum,
1600 1503 1906 1556 detestanda

237 1576 250 1588 ‘
303 1580 540 1630 carmina
555 1581 897 1645 factitantem,
911 1577 1118 1630 eludere
1136 1579 1329 1645 inpune
1342 1579 1584 1638 sinerent.
1624 1576 1906 1645 Requirere

299 1669 354 1706 se
382 1656 441 1706 in
467 1659 652 1705 senatu
681 1652 1020 1715 consularem,
1048 1655 1107 1705 in
1124 1653 1259 1705 votis
1274 1654 1607 1716 sacerdotem,
1630 1654 1687 1705 in
1703 1655 1906 1706 iureiu-

299 1729 470 1782 rando
490 1730 678 1780 civem.-
716 1730 837 1792 nisi,
869 1734 1054 1782 contra
1078 1729 1320 1780 instituta
1340 1734 1389 1781 et
1409 1731 1719 1781 cerimonias
1736 1729 1907 1780 maio-

300 1807 435 1865 rum}
469 1803 790 1872 proditorem
821 1803 1004 1870 palam
1042 1811 1091 1856 et
1126 1803 1317 1858 hostem
1356 1802 1584 1859 Thrasea
1630 1804 1903 1856 induisset.

301 1875 534 1945 Denique
573 1884 749 1948 ageret
788 1884 1103 1941 senatorem,
1153 1884 1203 1930 et
1234 1879 1495 1945 principis
1539 1879 1907 1932 obtrectatores

297 1960 565 2020 proteqere
581 1954 782 2015 solitus,
805 1955 1018 2018 veniret,
1050 1960 1291 2015 censeret,
1315 1955 1443 2022 quid
1462 1955 1659 2020 corrigi
1673 1959 1772 2006 aut
1789 1968 1906 2005 mu-

303 2031 413 2080 tari
454 2029 634 2082 veltet:
691 2029 907 2096 facilius
933 2027 1238 2098 perlaturos
1280 2026 1491 2096 sinqula
1534 2030 1905 2096 increpantem,

301 2119 460 2172 quam
476 2118 615 2156 nunc
631 2104 894 2156 silentium
907 2105 1203 2172 perferrent
1221 2105 1396 2158 omnia
1412 2105 1728 2157 damnantis.
1800 2101 1908 2155 Pa-

303 2193 410 2231 cem
425 2177 512 2231 illi
521 2193 621 2246 per
642 2179 813 2232 orbem
837 2185 1026 2240 terrae,
1053 2193 1127 2232 an
1146 2179 1395 2232 victorias
1411 2181 1524 2231 sine
1541 2179 1732 2231 damno
1750 2193 1909 2231 emer-

303 2255 514 2317 cituum,
553 2250 870 2322 displicere?
912 2251 993 2307 Ne
1027 2254 1296 2316 hominem,
1339 2251 1485 2308 bonis
1506 2254 1737 2321 publicis
1762 2269 1910 2306 niae-

301 2335 453 2390 stum,
475 2333 524 2380 et
543 2329 636 2396 qui
649 2332 785 2396 sora,
809 2329 1033 2390 theatra,
1058 2329 1246 2396 templa
1260 2341 1362 2396 pro
1379 2329 1657 2382 solitudine
1674 2329 1905 2392 haberet,

302 2405 396 2470 qui
411 2405 747 2458 minitaretur
769 2405 1014 2460 exsilium
1040 2419 1209 2466 suum,
1232 2405 1530 2457 ambitionis
1542 2419 1746 2472 pravae
1768 2419 1909 2456 com-

299 2485 467 2543 potem
485 2482 731 2546 facerent.
782 2477 901 2534 Non
920 2480 1006 2532 im
1025 2480 1261 2532 consulta
1279 2481 1421 2540 haec,
1443 2494 1548 2535 non
1564 2481 1910 2546 maqistratus

302 2559 396 2605 aut
415 2552 698 2607 Romanam
714 2555 891 2607 urbem
905 2557 1090 2608 videri.
1128 2553 1465 2621 Abrumperet
1481 2555 1643 2606 vitam
1658 2555 1728 2608 ab
1746 2570 1811 2607 ea
1832 2557 1911 2606 ci—

303 2627 478 2687 vitate,
503 2632 651 2680 cuius
671 2633 944 2682 caritatem
964 2631 1104 2690 olim,
1117 2645 1255 2682 nunc
1274 2635 1321 2680 et
1341 2631 1640 2696 adspectum
1656 2631 1906 2681 exuisset.

411 2701 497 2752 29.
541 2699 677 2755 Cum
716 2717 812 2772 per
851 2703 979 2756 haec
1017 2711 1177 2773 atque
1208 2700 1328 2756 talia
1360 2697 1663 2767 MarcelluS,
1706 2709 1770 2756 ut
1799 2711 1913 2756 erat
