2081 3038
215 207 312 262 too
693 189 1344 256 Hls'ToRIARuu
1542 201 1815 273 (amsa.

210 317 409 368 eaecidit
437 315 730 366 trucidatus
761 309 1022 366 Corbulo?
1058 313 1380 379 splendidior
1412 315 1629 378 oriqine,
1660 329 1818 380 quam

209 405 304 442 nos
329 404 534 454 sumus‚·
571 392 768 455 fateor:
807 391 897 440 sed
925 395 973 440 et
1000 387 1140 441 Nero
1158 389 1425 440 nobilitate
1442 388 1701 438 natalium
1728 387 1817 439 Vi-

211 465 408 516 tellium
423 465 669 516 anteibat.
747 461 893 516 Satis
921 463 1100 515 clarus
1118 469 1193 514 cst
1212 464 1355 528 apud
1374 464 1647 522 timetitem,
1670 465 1816 528 quis-

209 541 328 606 quis
358 542 581 591 timetur.
659 537 724 590 Et
739 553 889 602 posse
908 538 976 588 ab
991 541 1228 588 exercitu
1246 539 1535 601 principem
1554 537 1685 601 fieri,
1714 537 1817 587 sibi

208 617 318 678 ipsc
346 612 579 665 Vitellius
596 615 912 668 documento.
935 613 1099 664 nullis
1114 613 1403 676 stipendiis,
1426 611 1574 663 nulla
1592 613 1817 662 militari
1914 677 1917 680 ὴ

207 693 368 755 sama,
397 684 595 742 Galbae
613 690 734 739 odio
746 693 1036 752 provectus.
1080 684 1159 739 Ne
1180 684 1425 738 Othonem
1444 687 1650 752 quidem
1664 687 1815 736 ducis

189 771 324 816 ·arte
349 771 444 815 aut
471 767 732 816 exercitus
761 765 830 822 vi,
859 763 950 812 sed
965 773 1320 826 prae-propera
1340 763 1507 826 ipsius
1526 762 1815 824 desperati-

211 854 304 890 one
321 841 532 898 victum,
563 839 672 890 iam
694 836 1083 888 desiderabilem
1104 842 1151 887 ct
1168 850 1413 902 magnum
1426 837 1719 900 principem
1735 838 1815 902 se-

210 917 311 966 cit:
375 927 490 964 cum
528 913 733 963 interim
767 917 970 978 sparqit
1002 911 1239 976 lcyiones,
1280 916 1523 960 emarmat
1562 910 1812 970 cohortes,

207 1003 344 1040 nova
373 989 602 1053 quotidie
629 986 758 1037 bello
785 987 984 1038 semina
1009 987 1290 1037 ministrat.
1366 981 1429 1036 Si
1454 985 1581 1050 quid
1601 987 1816 1036 ardoris

208 1078 273 1114 ac
309 1062 535 1129 ferociae
570 1061 717 1112 miles
753 1061 948 1120 habuit,
985 1062 1197 1126 popinis
1225 1066 1273 1110 et
1300 1059 1744 1110 comissationibus
1762 1065 1815 1110 et
1858 1053 1863 1058 ’

203 1139 463 1203 principis
480 1137 766 1185 imitatione
787 1137 1057 1186 deteritur.
1120 1133 1234 1186 Tibi
1250 1149 1278 1184 e
1298 1131 1494 1184 Iudaea
1512 1138 1562 1183 et
1581 1129 1744 1198 Syria
1764 1139 1814 1184 et

207 1211 436 1276 Aeqypto
459 1223 636 1260 novem
668 1209 887 1274 leqioncs
913 1211 1165 1274 integrae,
1194 1208 1343 1260 nulla
1370 1210 1485 1259 acie
1506 1207 1810 1270 exhaustae,

207 1299 311 1337 non
329 1285 593 1335 discordia
617 1289 926 1348 conruptaet
962 1284 1055 1334 sed
1070 1283 1309 1349 firmatus
1328 1295 1424 1334 usu
1442 1282 1605 1343 miles,
1624 1289 1673 1334 et
1690 1283 1815 1334 belli

207 1361 431 1412 domitor
457 1361 694 1410 externi.-
734 1359 996 1418 classium,
1026 1358 1253 1418 alarum,
1286 1357 1571 1408 cohortium
1599 1359 1811 1419 robora,

208 1441 256 1486 et
273 1435 513 1502 fidissimi
530 1448 703 1500 reyes:
741 1440 791 1484 et
811 1439 902 1484 tua
921 1438 1043 1484 ante
1062 1445 1234 1483 omnes
1252 1433 1591 1496 experientia.

316 1508 404 1563 77.
441 1507 602 1563 Nobis
620 1509 750 1563 nihil
769 1509 915 1561 ultra
931 1507 1213 1574 adroyabo,
1234 1522 1391 1574 quam
1410 1522 1477 1559 ne
1488 1513 1607 1574 post
1624 1505 1813 1560 Valen-

209 1592 308 1638 tem
345 1600 432 1646 ac,
453 1582 726 1635 Caecinam
765 1597 1109 1635 numeremur.
1186 1580 1265 1635 Ne
1302 1590 1472 1635 tamen
1504 1582 1823 1635 Mucianum·

206 1663 403 1713 socium
421 1662 694 1723 spreveris,
717 1662 844 1724 quia
861 1658 1121 1709 aemulum
1140 1672 1244 1709 non
1262 1660 1537 1722 experiris.
1609 1657 1697 1710 Me
1725 1658 1811 1710 Vi-

210 1734 350 1785 tellio
365 1739 634 1797 antepono,
657 1739 704 1784 te
723 1733 870 1783 mihi.
929 1729 1069 1783 Tuae
1086 1734 1261 1783 domui
1280 1733 1589 1798 triumphale
1606 1749 1810 1794 nomen,

207 1810 310 1861 duo
331 1810 552 1868 iuvenes,
585 1822 760 1873 capam
779 1822 888 1859 iam
904 1810 1113 1873 inoperii
1130 1808 1283 1869 alter,
1314 1815 1363 1859 et
1378 1810 1567 1873 primis
1588 1810 1815 1862 militiae

207 1886 362 1937 annis
388 1884 530 1949 apud
563 1879 899 1935 Germanicos
925 1897 1126 1949 quoque
1152 1886 1415 1935 exercitus
1436 1884 1627 1941 clarus.
1706 1886 1811 1937 Ab-

207 1960 424 2011 surdum
449 1959 628 2025 suerit,
659 1972 761 2009 non
787 1959 964 2009 cedere
991 1959 1209 2023 imperio
1231 1959 1295 2017 ei,
1329 1961 1477 2009 cuius
1496 1959 1663 2025 filium
1680 1962 1813 2011 ado·-

203 2040 451 2100 ptaturus
477 2048 650 2092 essem,
690 2036 739 2085 si
767 2036 874 2098 ipse
903 2035 1226 2098 imperarem.
1308 2028 1543 2083 Ceterum
1564 2036 1701 2084 inter
1720 2050 1815 2085 nos

207 2124 311 2161 non
331 2110 464 2161 idem
488 2104 860 2173 prosperarum
886 2110 1325 2173 adversarumque
1348 2122 1527 2159 rerum
1546 2109 1675 2159 ordo
1692 2111 1774 2159 eri
1776 2116 1810 2160 t.

208 2182 362 2245 Nam,
385 2185 434 2235 si
451 2185 721 2243 vincimus,
753 2184 1010 2243 honorem,
1036 2197 1186 2249 quem
1204 2183 1423 2239 dederis,
1444 2182 1663 2234 habebo:
1702 2186 1813 2234 dis-

208 2261 404 2311 crimen
421 2274 486 2309 ac
498 2258 737 2325 pericula
757 2274 825 2310 em
844 2272 1010 2324 aequo
1020 2258 1332 2323 partiemur.
1363 2254 1541 2315 Immo,
1552 2264 1611 2308 ut
1628 2258 1815 2309 melius

207 2340 298 2393 cst,
323 2339 379 2384 tu
399 2333 490 2384 hos
505 2336 767 2389 exercitus
785 2348 931 2399 φορεῖ
969 2332 1097 2383 mihi
1116 2332 1303 2383 bellum
1320 2338 1369 2382 ct
1386 2332 1709 2395 praeliorum
1722 2333 1813 2401 ‘in-

209 2414 352 2459 certa
371 2408 534 2459 trade.
603 2406 820 2459 Acriore
835 2408 984 2459 hodie
1003 2407 1286 2471 disciplina
1304 2406 1447 2465 victi,
1472 2420 1629 2471 quam
1646 2406 1813 2457 victo-

207 2496 308 2542 res,
329 2488 508 2548 ayunt.
573 2479 680 2532 Hos
701 2485 802 2539 ira,
827 2484 1018 2541 odium,
1037 2481 1253 2532 ultionis
1272 2482 1535 2545 cupiditas
1550 2482 1623 2530 ad
1640 2480 1813 2531 virtu-

209 2560 306 2605 tem
341 2557 606 2605 accendit:
665 2556 748 2607 illi
763 2571 860 2621 per
883 2556 1155 2623 fastidium
1182 2562 1231 2606 el
1260 2558 1639 2607 contumaciam
1664 2548 1821 2617 hebe-'

205 2634 372 2677 scunt.
411 2627 616 2692 Ape-rici
637 2636 684 2680 et
704 2630 933 2681 recludet
953 2634 1183 2681 contecta
1202 2636 1251 2680 et
1274 2631 1607 2681 tumescentia
1624 2630 1814 2679 victri-

209 2702 344 2748 cium
361 2704 594 2763 partium
612 2703 831 2756 vulnera
851 2705 1036 2755 bellum
1057 2716 1239 2767 ipsum.
1296 2701 1405 2755 Nec
1422 2704 1550 2756 mihi
1566 2705 1739 2753 maior
1756 2703 1813 2753 in
