2081 3038
277 240 378 299 320
857 243 1328 293 ANNAmUM

279 354 400 418 ique
423 358 580 417 atque
605 351 784 417 aquis,
817 357 1127 405 coneretmn.
1176 346 1287 403 Sed
1308 345 1521 403 bellum
1536 344 1895 419 Hermundu-

279 425 359 479 ris
386 438 732 496 prosperum,
757 422 928 480 Cattis
949 424 1121 481 exitio
1142 423 1267 489 fuit,
1290 424 1423 495 quia
1444 423 1680 479 victores
1697 421 1895 479 diver·-

277 517 400 555 sam
435 500 612 555 aciem
651 500 811 557 Marti
851 518 915 555 ac
951 501 1225 557 Mercurio
1259 516 1576 570 sacravere,
1620 516 1732 571 quo
1760 506 1892 554 voto

281 576 442 649 equi,
476 576 614 641 viri,
648 584 843 631 cuncta
875 576 1020 632 victa
1042 575 1317 631 occidioni
1343 575 1564 631 dantur.
1616 574 1686 630 Bt
1706 574 1892 630 minae

278 650 509 723 quidem
540 652 772 708 hostiles
798 652 860 706 in
889 652 1043 723 ipsos
1074 651 1381 709 vertebant.
1436 650 1551 707 Sed
1571 650 1769 707 civitas
1796 652 1895 708 Iu-

280 727 488 783 honum
509 729 658 783 socia
678 726 859 791 nobis,
889 726 1032 783 malo
1053 727 1338 799 inproviso
1360 724 1580 783 adflicta
1601 734 1705 781 est.
1749 728 1893 783 Nam

280 804 441 876 ignes
470 812 614 859 terra
643 802 782 858 editi
808 802 992 869 villas,
1018 821 1167 869 arva,
1198 804 1352 859 vicos
1380 802 1592 876 passim
1612 803 1895 874 conripie—

283 878 432 945 bant,
467 879 892 951 ferebanturque
920 879 978 935 in
1007 880 1130 951 ipsa
1160 878 1415 936 conditae
1442 895 1621 951 nuper
1640 878 1893 933 coloniae

279 956 515 1010 moenia.
580 956 772 1027 Neque
807 955 1091 1029 exstingui
1130 964 1411 1029 poterant:
1461 972 1571 1011 non
1598 956 1648 1009 si
1678 954 1891 1009 imbres
1937 968 1943 971 ·

279 1030 554 1096 caderent,
577 1046 685 1085 non
704 1027 1029 1087 fluvialibus
1050 1032 1231 1103 aquis,
1252 1041 1347 1088 aut
1362 1046 1475 1105 que
1494 1030 1603 1089 alio
1622 1026 1883 1086 humore:

280 1105 456 1163 donec
483 1106 672 1179 inopia
699 1105 934 1162 remedii
965 1115 1020 1162 et
1054 1108 1135 1164 ira
1171 1107 1347 1167 cladis
1385 1116 1627 1182 agrestes
1654 1106 1888 1179 quidam

283 1182 501 1237 eniinus
519 1198 653 1237 saxa
671 1182 871 1248 iacere,
896 1182 1047 1247 dein,
1072 1183 1448 1239 residentibus
1475 1180 1730 1247 flammiS,
1755 1200 1887 1255 pro-

282 1259 409 1329 pius
429 1258 744 1333 suggressi,
777 1258 894 1314 ictu
922 1258 1158 1313 fiistium
1186 1260 1427 1333 aliisque
1451 1256 1800 1324 verberibus,
1826 1267 1891 1313 ut

281 1332 426 1389 feras
443 1332 846 1389 absterrebant:
870 1343 1148 1407 postremo
1166 1336 1411 1409 tegmina
1428 1335 1642 1408 corpori
1659 1334 1891 1407 derepta

281 1408 561 1476 iniiciunt,
585 1418 792 1483 quanto
819 1410 1000 1485 magis
1025 1410 1255 1483 profana
1275 1419 1331 1467 et
1352 1428 1461 1467 usu
1482 1410 1713 1484 polluta,
1736 1418 1889 1467 tanto

284 1487 461 1560 magis
485 1487 1027 1562 oppressuravignes.
1772 1518 1775 1522 ·
1813 1551 1817 1554 ,

389 1567 478 1619 58.
501 1562 712 1618 Eodem
736 1581 881 1619 anno
909 1563 1259 1620 Ruminalem
1280 1563 1530 1620 arborem
1556 1564 1617 1618 in
1636 1562 1884 1630 comitio,

280 1655 422 1710 quae
467 1655 638 1711 super
671 1639 1015 1713 octingentos
1054 1649 1107 1695 et
1141 1639 1507 1716 quadraginta
1548 1647 1671 1694 ante
1712 1655 1889 1694 annos

281 1715 437 1768 Remi
462 1713 796 1786 Romulique
824 1714 1117 1770 infantiam
1146 1725 1373 1782 texerat,
1398 1716 1628 1772 mortuis
1659 1715 1891 1770 ramali-

277 1787 386 1844 bus
411 1798 478 1848 ,et
517 1798 796 1845 arescente
833 1798 1026 1846 trunco
1064 1791 1441 1858 deminutum,
1483 1790 1727 1865 prodigii
1764 1789 1891 1846 loco

195 1871 201 1878 ’
280 1864 532 1922 habitum
553 1873 654 1931 est,
679 1865 855 1922 donec
880 1867 939 1921 in
966 1883 1138 1922 novos
1166 1867 1309 1924 fetu-s
1336 1869 1714 1926 reviresceret.

851 2040 1309 2078 ψ--οοᾲοα-ὲ--ο

771 2164 1121 2260 unm
1197 2203 1379 2262 X1v.

381 2431 728 2473 Brevin-ium.
779 2431 885 2482 Gap.
915 2434 952 2473 1.
988 2433 1101 2474 Nero
1120 2433 1269 2472 matris
1292 2431 1466 2472 caedem
1492 2432 1648 2481 agitet,
1676 2431 1891 2474 incitante

279 2501 488 2550 Poppaea.
542 2501 582 2540 2.
608 2499 845 2550 Agrippina
868 2503 1083 2542 incestum
1108 2503 1267 2548 tentet3
1304 2509 1361 2540 an
1382 2500 1497 2540 Nero
1527 2501 1700 2550 potins?
1750 2501 1791 2542 8.
1819 2501 1892 2542 De

280 2568 410 2607 caede
427 2569 576 2608 metris
594 2569 800 2608 deliberat
817 2567 944 2609 Nero.
976 2565 1149 2608 Aniceti
1167 2568 1408 2609 consilium.
1444 2569 1485 2608 4.
1503 2565 1765 2618 Agrippinae
1786 2580 1891 2610 oum

279 2633 461 2682 Nerone,
481 2635 620 2674 scelus
639 2637 817 2684 celante,
839 2637 1099 2677 convivium.
1144 2639 1183 2678 ὅ.
1202 2635 1310 2676 Mari
1328 2637 1559 2686 mergenda
1577 2645 1703 2686 aegre
1721 2639 1887 2680 evadit.

295 2699 514 2740 ¹„murenis
537 2705 667 2742 remis
677 2705 922 2748 ‚coniicittuu
965 2705 1004 2746 6.
1031 2705 1269 2754 Agrippina
1294 2705 1549 2745 dissimulat.
1596 2707 1639 2746 7.·
1662 2705 1778 2746 Nero
1798 2709 1889 2747 tre·

331 2767 413 2815 ciat,
435 2778 532 2808 cnm
549 2769 687 2810 Burro
705 2775 750 2812 et
767 2772 926 2812 senece
947 2773 1167 2813 deliberat.
1200 2773 1410 2814 Anicetus
1428 2773 1601 2812 eaedem
1619 2772 1891 2822 Agrippinae

335 2835 459 2884 ncipit
487 2839 530 2876 et
564 2838 604 2876 8.
629 2841 861 2886 perpetrat.
906 2842 945 2880 9.
971 2839 1233 2889 Agrippinae
1254 2842 1363 2882 viles
1388 2841 1633 2890 exsequiae.
1680 2843 1744 2882 10.
1770 2842 1892 2883 Nero
