<?xml version="1.0" encoding="UTF-8"?>
<!DOCTYPE html PUBLIC "-//W3C//DTD XHTML 1.0 Transitional//EN"
    "http://www.w3.org/TR/xhtml1/DTD/xhtml1-transitional.dtd">
<html xmlns="http://www.w3.org/1999/xhtml" xml:lang="en" lang="en">
 <head>
  <title>
</title>
<meta http-equiv="Content-Type" content="text/html;charset=utf-8" />
  <meta name='ocr-system' content='tesseract 3.04.00' />
  <meta name='ocr-capabilities' content='ocr_page ocr_carea ocr_par ocr_line ocrx_word'/>
</head>
<body>
  <div class='ocr_page' id='page_1' title='image "./operaquoadextan03tacigoog_0266.png"; bbox 0 0 2081 3038; ppageno 0'>
   <div class='ocr_carea' id='block_1_1' title="bbox 270 225 1891 301">
    <p class='ocr_par' dir='ltr' id='par_1_1' title="bbox 270 225 1891 301">
     <span class='ocr_line' id='line_1_1' title="bbox 270 225 1891 301; baseline 0 -17"><span class='ocrx_word' id='word_1_1' title='bbox 270 229 369 285; x_wconf 76' lang='lat'>268</span> <span class='ocrx_word' id='word_1_2' title='bbox 741 233 1306 282; x_wconf 55' lang='lat' dir='ltr'>..intumum</span> <span class='ocrx_word' id='word_1_3' title='bbox 1436 251 1441 256; x_wconf 93' lang='lat'><em>·</em></span> <span class='ocrx_word' id='word_1_4' title='bbox 1594 225 1891 301; x_wconf 46' lang='lat' dir='ltr'>(nasei-</span> 
     </span>
    </p>
   </div>
   <div class='ocr_carea' id='block_1_2' title="bbox 267 333 1900 710">
    <p class='ocr_par' dir='ltr' id='par_1_2' title="bbox 267 333 1900 710">
     <span class='ocr_line' id='line_1_2' title="bbox 269 333 1900 408; baseline 0 -18"><span class='ocrx_word' id='word_1_5' title='bbox 269 335 530 400; x_wconf 79' lang='lat' dir='ltr'>cohortes,</span> <span class='ocrx_word' id='word_1_6' title='bbox 561 334 896 392; x_wconf 73' lang='lat' dir='ltr'><strong>exstruendis</strong></span> <span class='ocrx_word' id='word_1_7' title='bbox 930 335 1077 408; x_wconf 84' lang='lat' dir='ltr'>apud</span> <span class='ocrx_word' id='word_1_8' title='bbox 1102 333 1310 392; x_wconf 79' lang='lat' dir='ltr'>Siluras</span> <span class='ocrx_word' id='word_1_9' title='bbox 1330 335 1616 406; x_wconf 70' lang='lat' dir='ltr'>praesidiis</span> <span class='ocrx_word' id='word_1_10' title='bbox 1642 334 1900 404; x_wconf 73' lang='lat' dir='ltr'>relictas„</span> 
     </span>
     <span class='ocr_line' id='line_1_3' title="bbox 268 407 1884 483; baseline 0.002 -18"><span class='ocrx_word' id='word_1_11' title='bbox 268 407 728 475; x_wconf 80' lang='lat' dir='ltr'>circumfundunt.</span> <span class='ocrx_word' id='word_1_12' title='bbox 787 411 902 478; x_wconf 60' lang='lat' dir='ltr'>Ac,</span> <span class='ocrx_word' id='word_1_13' title='bbox 933 413 994 467; x_wconf 88' lang='lat' dir='ltr'>ni</span> <span class='ocrx_word' id='word_1_14' title='bbox 1027 411 1131 466; x_wconf 89' lang='lat' dir='ltr'>cito</span> <span class='ocrx_word' id='word_1_15' title='bbox 1156 427 1189 466; x_wconf 90' lang='lat' dir='ltr'>e</span> <span class='ocrx_word' id='word_1_16' title='bbox 1208 411 1343 468; x_wconf 83' lang='lat' dir='ltr'>vicis</span> <span class='ocrx_word' id='word_1_17' title='bbox 1372 418 1424 465; x_wconf 91' lang='lat' dir='ltr'>et</span> <span class='ocrx_word' id='word_1_18' title='bbox 1443 409 1673 466; x_wconf 80' lang='lat' dir='ltr'>castellis</span> <span class='ocrx_word' id='word_1_19' title='bbox 1688 412 1884 483; x_wconf 80' lang='lat' dir='ltr'>proxi-</span> 
     </span>
     <span class='ocr_line' id='line_1_4' title="bbox 269 485 1883 558; baseline 0 -16"><span class='ocrx_word' id='word_1_20' title='bbox 269 487 374 542; x_wconf 88' lang='lat' dir='ltr'>mis</span> <span class='ocrx_word' id='word_1_21' title='bbox 399 485 728 544; x_wconf 60' lang='lat' dir='ltr'>subventum</span> <span class='ocrx_word' id='word_1_22' title='bbox 761 486 907 552; x_wconf 75' lang='lat' dir='ltr'>foret,</span> <span class='ocrx_word' id='word_1_23' title='bbox 937 487 1123 558; x_wconf 83' lang='lat' dir='ltr'>copiae</span> <span class='ocrx_word' id='word_1_24' title='bbox 1146 493 1265 552; x_wconf 77' lang='lat' dir='ltr'>tum</span> <span class='ocrx_word' id='word_1_25' title='bbox 1292 486 1563 542; x_wconf 82' lang='lat' dir='ltr'>occidione</span> <span class='ocrx_word' id='word_1_26' title='bbox 1588 485 1883 549; x_wconf 74' lang='lat' dir='ltr'>occubuis-</span> 
     </span>
     <span class='ocr_line' id='line_1_5' title="bbox 267 559 1882 632; baseline 0.001 -17"><span class='ocrx_word' id='word_1_27' title='bbox 267 569 404 618; x_wconf 88' lang='lat' dir='ltr'>sent.</span> <span class='ocrx_word' id='word_1_28' title='bbox 484 559 786 617; x_wconf 76' lang='lat' dir='ltr'>Praefectus</span> <span class='ocrx_word' id='word_1_29' title='bbox 811 569 987 616; x_wconf 85' lang='lat' dir='ltr'>tamen</span> <span class='ocrx_word' id='word_1_30' title='bbox 1016 569 1070 616; x_wconf 91' lang='lat' dir='ltr'>et</span> <span class='ocrx_word' id='word_1_31' title='bbox 1091 569 1205 616; x_wconf 91' lang='lat' dir='ltr'>octo</span> <span class='ocrx_word' id='word_1_32' title='bbox 1232 563 1587 626; x_wconf 81' lang='lat' dir='ltr'>centuriones,</span> <span class='ocrx_word' id='word_1_33' title='bbox 1612 578 1677 619; x_wconf 83' lang='lat' dir='ltr'>ac</span> <span class='ocrx_word' id='word_1_34' title='bbox 1692 578 1882 632; x_wconf 70' lang='lat' dir='ltr'>prom7</span> 
     </span>
     <span class='ocr_line' id='line_1_6' title="bbox 267 635 1881 710; baseline -0.002 -16"><span class='ocrx_word' id='word_1_35' title='bbox 267 637 554 708; x_wconf 66' lang='lat' dir='ltr'>piissimus</span> <span class='ocrx_word' id='word_1_36' title='bbox 587 639 826 710; x_wconf 77' lang='lat' dir='ltr'>quisque</span> <span class='ocrx_word' id='word_1_37' title='bbox 857 636 1497 710; x_wconf 69' lang='lat' dir='ltr'>manipularisceeidere.</span> <span class='ocrx_word' id='word_1_38' title='bbox 1578 637 1689 690; x_wconf 86' lang='lat' dir='ltr'>Nec</span> <span class='ocrx_word' id='word_1_39' title='bbox 1706 635 1881 691; x_wconf 86' lang='lat' dir='ltr'>multo</span> 
     </span>
    </p>
   </div>
   <div class='ocr_carea' id='block_1_3' title="bbox 142 711 1882 806">
    <p class='ocr_par' dir='ltr' id='par_1_3' title="bbox 142 711 1882 806">
     <span class='ocr_line' id='line_1_7' title="bbox 142 711 1882 806; baseline -0.003 -35"><span class='ocrx_word' id='word_1_40' title='bbox 142 790 150 806; x_wconf 28' lang='grc' dir='ltr'><strong><em>θ</em></strong></span> <span class='ocrx_word' id='word_1_41' title='bbox 267 720 386 784; x_wconf 75' lang='lat' dir='ltr'>post</span> <span class='ocrx_word' id='word_1_42' title='bbox 412 711 720 784; x_wconf 75' lang='lat' dir='ltr'>pabulantis</span> <span class='ocrx_word' id='word_1_43' title='bbox 751 721 956 773; x_wconf 70' lang='lat' dir='ltr'>nesam</span> <span class='ocrx_word' id='word_1_44' title='bbox 983 713 1291 784; x_wconf 76' lang='lat' dir='ltr'>missasque</span> <span class='ocrx_word' id='word_1_45' title='bbox 1326 711 1395 768; x_wconf 84' lang='lat' dir='ltr'>ad</span> <span class='ocrx_word' id='word_1_46' title='bbox 1421 711 1729 768; x_wconf 79' lang='lat' dir='ltr'>subsidium</span> <span class='ocrx_word' id='word_1_47' title='bbox 1762 720 1882 766; x_wconf 87' lang='lat' dir='ltr'>tur-</span> 
     </span>
    </p>
   </div>
   <div class='ocr_carea' id='block_1_4' title="bbox 261 787 1937 2821">
    <p class='ocr_par' dir='ltr' id='par_1_4' title="bbox 269 787 701 862">
     <span class='ocr_line' id='line_1_8' title="bbox 269 787 701 862; baseline 0.005 -20"><span class='ocrx_word' id='word_1_48' title='bbox 269 805 386 844; x_wconf 86' lang='lat' dir='ltr'>mas</span> <span class='ocrx_word' id='word_1_49' title='bbox 401 787 701 862; x_wconf 65' lang='lat' dir='ltr'>profligant.</span> 
     </span>
    </p>

    <p class='ocr_par' dir='ltr' id='par_1_5' title="bbox 261 862 1885 2212">
     <span class='ocr_line' id='line_1_9' title="bbox 377 862 1883 934; baseline 0 -16"><span class='ocrx_word' id='word_1_50' title='bbox 377 866 461 920; x_wconf 80' lang='lat'>39.</span> <span class='ocrx_word' id='word_1_51' title='bbox 503 863 646 918; x_wconf 84' lang='lat' dir='ltr'>Tum</span> <span class='ocrx_word' id='word_1_52' title='bbox 663 864 908 920; x_wconf 82' lang='lat' dir='ltr'>Ostorius</span> <span class='ocrx_word' id='word_1_53' title='bbox 923 862 1165 920; x_wconf 77' lang='lat' dir='ltr'>cohortes</span> <span class='ocrx_word' id='word_1_54' title='bbox 1185 862 1457 934; x_wconf 79' lang='lat' dir='ltr'>expeditas</span> <span class='ocrx_word' id='word_1_55' title='bbox 1476 862 1754 934; x_wconf 88' lang='lat' dir='ltr'>opposuit:</span> <span class='ocrx_word' id='word_1_56' title='bbox 1778 879 1883 918; x_wconf 88' lang='lat' dir='ltr'>nec</span> 
     </span>
     <span class='ocr_line' id='line_1_10' title="bbox 267 937 1877 1012; baseline 0 -20"><span class='ocrx_word' id='word_1_57' title='bbox 267 937 386 994; x_wconf 87' lang='lat' dir='ltr'>ideo</span> <span class='ocrx_word' id='word_1_58' title='bbox 413 937 599 1012; x_wconf 78' lang='lat' dir='ltr'>fugam</span> <span class='ocrx_word' id='word_1_59' title='bbox 627 939 867 1004; x_wconf 75' lang='lat' dir='ltr'>sistebat,</span> <span class='ocrx_word' id='word_1_60' title='bbox 895 941 953 996; x_wconf 85' lang='lat' dir='ltr'>ni</span> <span class='ocrx_word' id='word_1_61' title='bbox 979 937 1217 1012; x_wconf 77' lang='lat' dir='ltr'>legiones</span> <span class='ocrx_word' id='word_1_62' title='bbox 1235 938 1501 1010; x_wconf 86' lang='lat' dir='ltr'>proelium</span> <span class='ocrx_word' id='word_1_63' title='bbox 1519 938 1877 1010; x_wconf 81' lang='lat' dir='ltr'>excepissent.</span> 
     </span>
     <span class='ocr_line' id='line_1_11' title="bbox 269 1011 1885 1086; baseline 0.001 -20"><span class='ocrx_word' id='word_1_64' title='bbox 269 1014 468 1070; x_wconf 85' lang='lat' dir='ltr'>Earum</span> <span class='ocrx_word' id='word_1_65' title='bbox 500 1013 688 1070; x_wconf 87' lang='lat' dir='ltr'>robore</span> <span class='ocrx_word' id='word_1_66' title='bbox 717 1022 937 1085; x_wconf 86' lang='lat' dir='ltr'>aequata</span> <span class='ocrx_word' id='word_1_67' title='bbox 963 1030 1168 1086; x_wconf 77' lang='lat' dir='ltr'>pugna,</span> <span class='ocrx_word' id='word_1_68' title='bbox 1210 1013 1335 1072; x_wconf 88' lang='lat' dir='ltr'>dein</span> <span class='ocrx_word' id='word_1_69' title='bbox 1366 1012 1523 1071; x_wconf 89' lang='lat' dir='ltr'>nobis</span> <span class='ocrx_word' id='word_1_70' title='bbox 1540 1029 1641 1084; x_wconf 88' lang='lat' dir='ltr'>pro</span> <span class='ocrx_word' id='word_1_71' title='bbox 1657 1011 1885 1068; x_wconf 87' lang='lat' dir='ltr'>meliore</span> 
     </span>
     <span class='ocr_line' id='line_1_12' title="bbox 268 1087 1882 1164; baseline 0.002 -21"><span class='ocrx_word' id='word_1_72' title='bbox 268 1087 386 1143; x_wconf 79' lang='lat' dir='ltr'>fuit.</span> <span class='ocrx_word' id='word_1_73' title='bbox 465 1087 714 1162; x_wconf 81' lang='lat' dir='ltr'>Effugere</span> <span class='ocrx_word' id='word_1_74' title='bbox 751 1089 950 1154; x_wconf 79' lang='lat' dir='ltr'>hostes,</span> <span class='ocrx_word' id='word_1_75' title='bbox 990 1087 1142 1145; x_wconf 84' lang='lat' dir='ltr'>tenui</span> <span class='ocrx_word' id='word_1_76' title='bbox 1168 1089 1386 1153; x_wconf 84' lang='lat' dir='ltr'>damno,</span> <span class='ocrx_word' id='word_1_77' title='bbox 1426 1089 1557 1160; x_wconf 82' lang='lat' dir='ltr'>quia</span> <span class='ocrx_word' id='word_1_78' title='bbox 1585 1087 1882 1164; x_wconf 62' lang='lat' dir='ltr'>inclinabat</span> 
     </span>
     <span class='ocr_line' id='line_1_13' title="bbox 267 1161 1880 1235; baseline 0 -17"><span class='ocrx_word' id='word_1_79' title='bbox 267 1162 402 1218; x_wconf 83' lang='lat' dir='ltr'>dies.</span> <span class='ocrx_word' id='word_1_80' title='bbox 481 1162 678 1218; x_wconf 86' lang='lat' dir='ltr'>Crebra</span> <span class='ocrx_word' id='word_1_81' title='bbox 697 1164 828 1219; x_wconf 85' lang='lat' dir='ltr'>hinc</span> <span class='ocrx_word' id='word_1_82' title='bbox 843 1162 1064 1234; x_wconf 85' lang='lat' dir='ltr'>proelia,</span> <span class='ocrx_word' id='word_1_83' title='bbox 1087 1172 1139 1218; x_wconf 92' lang='lat' dir='ltr'>et</span> <span class='ocrx_word' id='word_1_84' title='bbox 1156 1164 1375 1235; x_wconf 80' lang='lat' dir='ltr'>saepius</span> <span class='ocrx_word' id='word_1_85' title='bbox 1394 1163 1451 1220; x_wconf 89' lang='lat' dir='ltr'>in</span> <span class='ocrx_word' id='word_1_86' title='bbox 1472 1163 1693 1222; x_wconf 88' lang='lat' dir='ltr'>modum</span> <span class='ocrx_word' id='word_1_87' title='bbox 1715 1161 1880 1218; x_wconf 81' lang='lat' dir='ltr'>latro-</span> 
     </span>
     <span class='ocr_line' id='line_1_14' title="bbox 267 1237 1877 1312; baseline 0.003 -23"><span class='ocrx_word' id='word_1_88' title='bbox 267 1237 396 1293; x_wconf 82' lang='lat' dir='ltr'>cinii</span> <span class='ocrx_word' id='word_1_89' title='bbox 417 1253 511 1308; x_wconf 88' lang='lat' dir='ltr'>per</span> <span class='ocrx_word' id='word_1_90' title='bbox 529 1237 722 1304; x_wconf 78' lang='lat' dir='ltr'>saltuS,</span> <span class='ocrx_word' id='word_1_91' title='bbox 741 1255 837 1310; x_wconf 88' lang='lat' dir='ltr'>per</span> <span class='ocrx_word' id='word_1_92' title='bbox 855 1237 1103 1312; x_wconf 81' lang='lat' dir='ltr'>paludes,</span> <span class='ocrx_word' id='word_1_93' title='bbox 1125 1247 1185 1297; x_wconf 86' lang='lat' dir='ltr'>ut</span> <span class='ocrx_word' id='word_1_94' title='bbox 1200 1240 1403 1312; x_wconf 75' lang='lat' dir='ltr'>cuique</span> <span class='ocrx_word' id='word_1_95' title='bbox 1418 1256 1535 1295; x_wconf 84' lang='lat' dir='ltr'>sors</span> <span class='ocrx_word' id='word_1_96' title='bbox 1554 1247 1648 1294; x_wconf 87' lang='lat' dir='ltr'>aut</span> <span class='ocrx_word' id='word_1_97' title='bbox 1668 1238 1877 1308; x_wconf 80' lang='lat' dir='ltr'>virtus3</span> 
     </span>
     <span class='ocr_line' id='line_1_15' title="bbox 268 1311 1879 1387; baseline 0.002 -21"><span class='ocrx_word' id='word_1_98' title='bbox 268 1321 482 1378; x_wconf 81' lang='lat' dir='ltr'>temere,</span> <span class='ocrx_word' id='word_1_99' title='bbox 511 1314 754 1385; x_wconf 75' lang='lat' dir='ltr'>proviso:</span> <span class='ocrx_word' id='word_1_100' title='bbox 797 1314 867 1370; x_wconf 87' lang='lat' dir='ltr'>ob</span> <span class='ocrx_word' id='word_1_101' title='bbox 894 1315 1051 1381; x_wconf 83' lang='lat' dir='ltr'>iram,</span> <span class='ocrx_word' id='word_1_102' title='bbox 1082 1315 1152 1372; x_wconf 86' lang='lat' dir='ltr'>oh</span> <span class='ocrx_word' id='word_1_103' title='bbox 1177 1313 1461 1387; x_wconf 77' lang='lat' dir='ltr'>praedam:</span> <span class='ocrx_word' id='word_1_104' title='bbox 1502 1314 1679 1378; x_wconf 85' lang='lat' dir='ltr'>iussu,</span> <span class='ocrx_word' id='word_1_105' title='bbox 1702 1322 1755 1370; x_wconf 86' lang='lat' dir='ltr'>et</span> <span class='ocrx_word' id='word_1_106' title='bbox 1774 1311 1879 1370; x_wconf 85' lang='lat' dir='ltr'>ali-</span> 
     </span>
     <span class='ocr_line' id='line_1_16' title="bbox 265 1386 1879 1464; baseline -0.001 -20"><span class='ocrx_word' id='word_1_107' title='bbox 265 1386 486 1462; x_wconf 88' lang='lat' dir='ltr'>quando</span> <span class='ocrx_word' id='word_1_108' title='bbox 509 1389 714 1462; x_wconf 78' lang='lat' dir='ltr'>ignaris</span> <span class='ocrx_word' id='word_1_109' title='bbox 739 1389 990 1448; x_wconf 87' lang='lat' dir='ltr'>ducibus.</span> <span class='ocrx_word' id='word_1_110' title='bbox 1068 1389 1149 1447; x_wconf 79' lang='lat' dir='ltr'>Ac</span> <span class='ocrx_word' id='word_1_111' title='bbox 1173 1390 1460 1464; x_wconf 86' lang='lat' dir='ltr'>praecipua</span> <span class='ocrx_word' id='word_1_112' title='bbox 1488 1388 1731 1444; x_wconf 88' lang='lat' dir='ltr'>Silurum</span> <span class='ocrx_word' id='word_1_113' title='bbox 1750 1406 1879 1464; x_wconf 84' lang='lat' dir='ltr'>per-</span> 
     </span>
     <span class='ocr_line' id='line_1_17' title="bbox 266 1464 1872 1541; baseline 0.002 -23"><span class='ocrx_word' id='word_1_114' title='bbox 266 1464 486 1533; x_wconf 80' lang='lat' dir='ltr'>vicacia,</span> <span class='ocrx_word' id='word_1_115' title='bbox 499 1482 638 1539; x_wconf 84' lang='lat' dir='ltr'>quos</span> <span class='ocrx_word' id='word_1_116' title='bbox 657 1465 973 1523; x_wconf 82' lang='lat' dir='ltr'>accendebat</span> <span class='ocrx_word' id='word_1_117' title='bbox 984 1465 1199 1541; x_wconf 81' lang='lat' dir='ltr'>vulgata</span> <span class='ocrx_word' id='word_1_118' title='bbox 1218 1466 1553 1539; x_wconf 85' lang='lat' dir='ltr'>imperatoris</span> <span class='ocrx_word' id='word_1_119' title='bbox 1562 1465 1719 1521; x_wconf 83' lang='lat' dir='ltr'>Rom.</span> <span class='ocrx_word' id='word_1_120' title='bbox 1736 1482 1872 1523; x_wconf 81' lang='lat' dir='ltr'>vox:</span> 
     </span>
     <span class='ocr_line' id='line_1_18' title="bbox 265 1542 1879 1612; baseline 0 -17"><span class='ocrx_word' id='word_1_121' title='bbox 265 1549 322 1595; x_wconf 82' lang='lat' dir='ltr'>ut</span> <span class='ocrx_word' id='word_1_122' title='bbox 351 1546 612 1611; x_wconf 75' lang='lat' dir='ltr'>quondam</span> <span class='ocrx_word' id='word_1_123' title='bbox 635 1542 917 1612; x_wconf 66' lang='lat' dir='ltr'>Suyanwra·</span> <span class='ocrx_word' id='word_1_124' title='bbox 942 1548 1111 1599; x_wconf 73' lang='lat' dir='ltr'>excisi</span> <span class='ocrx_word' id='word_1_125' title='bbox 1136 1552 1231 1602; x_wconf 67' lang='lat' dir='ltr'>aut</span> <span class='ocrx_word' id='word_1_126' title='bbox 1258 1547 1314 1599; x_wconf 73' lang='lat' dir='ltr'>in</span> <span class='ocrx_word' id='word_1_127' title='bbox 1340 1543 1548 1599; x_wconf 71' lang='lat' dir='ltr'>Gallias</span> <span class='ocrx_word' id='word_1_128' title='bbox 1567 1545 1778 1599; x_wconf 80' lang='lat' dir='ltr'>traiecti</span> <span class='ocrx_word' id='word_1_129' title='bbox 1790 1548 1879 1611; x_wconf 73' lang='lat' dir='ltr'>[o-</span> 
     </span>
     <span class='ocr_line' id='line_1_19' title="bbox 264 1616 1878 1693; baseline 0.002 -22"><span class='ocrx_word' id='word_1_130' title='bbox 264 1625 397 1680; x_wconf 78' lang='lat' dir='ltr'>rent,</span> <span class='ocrx_word' id='word_1_131' title='bbox 419 1622 500 1673; x_wconf 79' lang='lat' dir='ltr'>ita</span> <span class='ocrx_word' id='word_1_132' title='bbox 517 1616 755 1673; x_wconf 77' lang='lat' dir='ltr'>Silurum</span> <span class='ocrx_word' id='word_1_133' title='bbox 772 1634 958 1673; x_wconf 72' lang='lat' dir='ltr'>mmm</span> <span class='ocrx_word' id='word_1_134' title='bbox 967 1623 1176 1687; x_wconf 69' lang='lat' dir='ltr'>penitus</span> <span class='ocrx_word' id='word_1_135' title='bbox 1194 1622 1639 1687; x_wconf 67' lang='lat' dir='ltr'>exstinguendum.</span> <span class='ocrx_word' id='word_1_136' title='bbox 1700 1616 1878 1693; x_wconf 70' lang='lat' dir='ltr'>Igitur</span> 
     </span>
     <span class='ocr_line' id='line_1_20' title="bbox 265 1690 1876 1765; baseline 0.001 -20"><span class='ocrx_word' id='word_1_137' title='bbox 265 1690 400 1745; x_wconf 82' lang='lat' dir='ltr'>duas</span> <span class='ocrx_word' id='word_1_138' title='bbox 429 1690 718 1749; x_wconf 68' lang='lat' dir='ltr'>auxiliares</span> <span class='ocrx_word' id='word_1_139' title='bbox 743 1692 1004 1759; x_wconf 87' lang='lat' dir='ltr'>cohortes,</span> <span class='ocrx_word' id='word_1_140' title='bbox 1032 1693 1255 1749; x_wconf 81' lang='lat' dir='ltr'>avaritia</span> <span class='ocrx_word' id='word_1_141' title='bbox 1277 1691 1663 1765; x_wconf 76' lang='lat' dir='ltr'>praefectorum</span> <span class='ocrx_word' id='word_1_142' title='bbox 1682 1693 1876 1747; x_wconf 86' lang='lat' dir='ltr'>incau-</span> 
     </span>
     <span class='ocr_line' id='line_1_21' title="bbox 265 1764 1876 1841; baseline 0.003 -22"><span class='ocrx_word' id='word_1_143' title='bbox 265 1766 373 1819; x_wconf 88' lang='lat' dir='ltr'>tius</span> <span class='ocrx_word' id='word_1_144' title='bbox 411 1765 756 1836; x_wconf 78' lang='lat' dir='ltr'>populantes,</span> <span class='ocrx_word' id='word_1_145' title='bbox 798 1768 1141 1840; x_wconf 79' lang='lat' dir='ltr'>intercepere.</span> <span class='ocrx_word' id='word_1_146' title='bbox 1219 1764 1509 1841; x_wconf 81' lang='lat' dir='ltr'>Spoliaque</span> <span class='ocrx_word' id='word_1_147' title='bbox 1544 1776 1596 1826; x_wconf 87' lang='lat' dir='ltr'>et</span> <span class='ocrx_word' id='word_1_148' title='bbox 1632 1768 1876 1839; x_wconf 77' lang='lat' dir='ltr'>captivos</span> 
     </span>
     <span class='ocr_line' id='line_1_22' title="bbox 264 1836 1877 1915; baseline 0.004 -22"><span class='ocrx_word' id='word_1_149' title='bbox 264 1836 556 1911; x_wconf 81' lang='lat' dir='ltr'>largiendo,</span> <span class='ocrx_word' id='word_1_150' title='bbox 589 1850 788 1897; x_wconf 75' lang='lat' dir='ltr'>ceteras</span> <span class='ocrx_word' id='word_1_151' title='bbox 806 1858 1025 1915; x_wconf 87' lang='lat' dir='ltr'>quoque</span> <span class='ocrx_word' id='word_1_152' title='bbox 1050 1844 1288 1899; x_wconf 85' lang='lat' dir='ltr'>nationes</span> <span class='ocrx_word' id='word_1_153' title='bbox 1313 1844 1383 1900; x_wconf 86' lang='lat' dir='ltr'>ad</span> <span class='ocrx_word' id='word_1_154' title='bbox 1398 1842 1745 1915; x_wconf 75' lang='lat' dir='ltr'>delectionem</span> <span class='ocrx_word' id='word_1_155' title='bbox 1766 1850 1877 1899; x_wconf 88' lang='lat' dir='ltr'>tra-</span> 
     </span>
     <span class='ocr_line' id='line_1_23' title="bbox 265 1913 1876 1985; baseline 0.005 -18"><span class='ocrx_word' id='word_1_156' title='bbox 265 1913 490 1971; x_wconf 83' lang='lat' dir='ltr'>hebant:</span> <span class='ocrx_word' id='word_1_157' title='bbox 533 1932 680 1983; x_wconf 84' lang='lat' dir='ltr'>cum,</span> <span class='ocrx_word' id='word_1_158' title='bbox 709 1916 880 1977; x_wconf 85' lang='lat' dir='ltr'>taedio</span> <span class='ocrx_word' id='word_1_159' title='bbox 898 1934 1151 1974; x_wconf 78' lang='lat' dir='ltr'>curarum</span> <span class='ocrx_word' id='word_1_160' title='bbox 1170 1917 1371 1985; x_wconf 81' lang='lat' dir='ltr'>fessus,</span> <span class='ocrx_word' id='word_1_161' title='bbox 1390 1917 1633 1976; x_wconf 84' lang='lat' dir='ltr'>Ostorius</span> <span class='ocrx_word' id='word_1_162' title='bbox 1653 1936 1876 1976; x_wconf 78' lang='lat' dir='ltr'>conces-</span> 
     </span>
     <span class='ocr_line' id='line_1_24' title="bbox 263 1989 1877 2068; baseline 0.002 -23"><span class='ocrx_word' id='word_1_163' title='bbox 263 1990 336 2045; x_wconf 81' lang='lat' dir='ltr'>sit</span> <span class='ocrx_word' id='word_1_164' title='bbox 362 1990 498 2059; x_wconf 65' lang='lat' dir='ltr'>vita,</span> <span class='ocrx_word' id='word_1_165' title='bbox 541 1989 693 2049; x_wconf 79' lang='lat' dir='ltr'>laetis</span> <span class='ocrx_word' id='word_1_166' title='bbox 719 1991 986 2058; x_wconf 71' lang='lat' dir='ltr'>hostibus,</span> <span class='ocrx_word' id='word_1_167' title='bbox 1018 2000 1293 2068; x_wconf 80' lang='lat' dir='ltr'>tamquam</span> <span class='ocrx_word' id='word_1_168' title='bbox 1318 1994 1512 2059; x_wconf 87' lang='lat' dir='ltr'>ducem</span> <span class='ocrx_word' id='word_1_169' title='bbox 1540 1991 1687 2049; x_wconf 87' lang='lat' dir='ltr'>haud</span> <span class='ocrx_word' id='word_1_170' title='bbox 1716 2011 1877 2066; x_wconf 84' lang='lat' dir='ltr'>sper-</span> 
     </span>
     <span class='ocr_line' id='line_1_25' title="bbox 262 2064 1873 2139; baseline 0.006 -21"><span class='ocrx_word' id='word_1_171' title='bbox 262 2064 524 2132; x_wconf 86' lang='lat' dir='ltr'>nendum,</span> <span class='ocrx_word' id='word_1_172' title='bbox 564 2068 664 2124; x_wconf 84' lang='lat' dir='ltr'>etsi</span> <span class='ocrx_word' id='word_1_173' title='bbox 702 2085 810 2124; x_wconf 91' lang='lat' dir='ltr'>non</span> <span class='ocrx_word' id='word_1_174' title='bbox 828 2068 1115 2139; x_wconf 89' lang='lat' dir='ltr'>proelium,</span> <span class='ocrx_word' id='word_1_175' title='bbox 1142 2076 1196 2123; x_wconf 87' lang='lat' dir='ltr'>at</span> <span class='ocrx_word' id='word_1_176' title='bbox 1222 2078 1362 2125; x_wconf 87' lang='lat' dir='ltr'>certe</span> <span class='ocrx_word' id='word_1_177' title='bbox 1384 2067 1611 2137; x_wconf 77' lang='lat' dir='ltr'>bellum,</span> <span class='ocrx_word' id='word_1_178' title='bbox 1645 2068 1873 2133; x_wconf 70' lang='lat' dir='ltr'>absum-</span> 
     </span>
     <span class='ocr_line' id='line_1_26' title="bbox 261 2141 988 2212; baseline 0.012 -18"><span class='ocrx_word' id='word_1_179' title='bbox 261 2141 476 2212; x_wconf 82' lang='lat' dir='ltr'>psisset.</span> <span class='ocrx_word' id='word_1_180' title='bbox 545 2186 552 2193; x_wconf 92' lang='lat'>.</span> <span class='ocrx_word' id='word_1_181' title='bbox 983 2196 988 2203; x_wconf 91' lang='lat'>.</span> 
     </span>
    </p>

    <p class='ocr_par' dir='ltr' id='par_1_6' title="bbox 261 2215 1937 2669">
     <span class='ocr_line' id='line_1_27' title="bbox 373 2215 1937 2293; baseline 0.001 -20"><span class='ocrx_word' id='word_1_182' title='bbox 373 2219 458 2273; x_wconf 75' lang='lat' dir='ltr'>to.</span> <span class='ocrx_word' id='word_1_183' title='bbox 500 2215 571 2273; x_wconf 80' lang='lat' dir='ltr'>At</span> <span class='ocrx_word' id='word_1_184' title='bbox 597 2216 810 2285; x_wconf 83' lang='lat' dir='ltr'>Caesar.</span> <span class='ocrx_word' id='word_1_185' title='bbox 988 2219 1061 2281; x_wconf 68' lang='lat' dir='ltr'>ita.</span> <span class='ocrx_word' id='word_1_186' title='bbox 1088 2226 1257 2275; x_wconf 76' lang='lat' dir='ltr'>morte</span> <span class='ocrx_word' id='word_1_187' title='bbox 1285 2216 1464 2293; x_wconf 77' lang='lat' dir='ltr'>legati,</span> <span class='ocrx_word' id='word_1_188' title='bbox 1506 2236 1575 2273; x_wconf 88' lang='lat' dir='ltr'>ne</span> <span class='ocrx_word' id='word_1_189' title='bbox 1591 2220 1871 2290; x_wconf 86' lang='lat' dir='ltr'>provincia</span> <span class='ocrx_word' id='word_1_190' title='bbox 1926 2258 1937 2264; x_wconf 83' lang='lat'><em>-</em></span> 
     </span>
     <span class='ocr_line' id='line_1_28' title="bbox 261 2291 1873 2366; baseline 0.002 -20"><span class='ocrx_word' id='word_1_191' title='bbox 261 2292 382 2347; x_wconf 88' lang='lat' dir='ltr'>sine</span> <span class='ocrx_word' id='word_1_192' title='bbox 407 2291 784 2360; x_wconf 69' lang='lat' dir='ltr'>remote-foret,</span> <span class='ocrx_word' id='word_1_193' title='bbox 813 2293 880 2351; x_wconf 75' lang='lat' dir='ltr'>A.</span> <span class='ocrx_word' id='word_1_194' title='bbox 957 2293 1133 2355; x_wconf 80' lang='lat' dir='ltr'>&#39;dium</span> <span class='ocrx_word' id='word_1_195' title='bbox 1154 2292 1382 2357; x_wconf 78' lang='lat' dir='ltr'>suffecit.</span> <span class='ocrx_word' id='word_1_196' title='bbox 1460 2294 1513 2349; x_wconf 87' lang='lat' dir='ltr'>Is</span> <span class='ocrx_word' id='word_1_197' title='bbox 1532 2311 1756 2366; x_wconf 83' lang='lat' dir='ltr'>propere</span> <span class='ocrx_word' id='word_1_198' title='bbox 1778 2312 1873 2349; x_wconf 83' lang='lat' dir='ltr'>ve-</span> 
     </span>
     <span class='ocr_line' id='line_1_29' title="bbox 261 2367 1871 2444; baseline 0.002 -22"><span class='ocrx_word' id='word_1_199' title='bbox 261 2374 402 2433; x_wconf 74' lang='lat' dir='ltr'>ctus,</span> <span class='ocrx_word' id='word_1_200' title='bbox 432 2369 1008 2444; x_wconf 75' lang='lat' dir='ltr'>non.tamen.integras</span> <span class='ocrx_word' id='word_1_201' title='bbox 1037 2386 1127 2425; x_wconf 90' lang='lat' dir='ltr'>res</span> <span class='ocrx_word' id='word_1_202' title='bbox 1154 2367 1379 2435; x_wconf 80' lang='lat' dir='ltr'>invenit,</span> <span class='ocrx_word' id='word_1_203' title='bbox 1404 2368 1633 2425; x_wconf 78' lang='lat' dir='ltr'>adversa</span> <span class='ocrx_word' id='word_1_204' title='bbox 1650 2370 1871 2427; x_wconf 88' lang='lat' dir='ltr'>interim</span> 
     </span>
     <span class='ocr_line' id='line_1_30' title="bbox 263 2440 1875 2519; baseline 0.004 -25"><span class='ocrx_word' id='word_1_205' title='bbox 263 2440 488 2516; x_wconf 77' lang='lat' dir='ltr'>legionis</span> <span class='ocrx_word' id='word_1_206' title='bbox 507 2446 810 2518; x_wconf 75' lang='lat' dir='ltr'>pugna,cui</span> <span class='ocrx_word' id='word_1_207' title='bbox 832 2443 1067 2502; x_wconf 79' lang='lat' dir='ltr'>Manlius</span> <span class='ocrx_word' id='word_1_208' title='bbox 1076 2443 1273 2507; x_wconf 80' lang='lat' dir='ltr'>Valens</span> <span class='ocrx_word' id='word_1_209' title='bbox 1290 2454 1548 2516; x_wconf 74' lang='lat' dir='ltr'>praeerat.</span> <span class='ocrx_word' id='word_1_210' title='bbox 1590 2442 1875 2519; x_wconf 72' lang='lat' dir='ltr'>Amtaque</span> 
     </span>
     <span class='ocr_line' id='line_1_31' title="bbox 261 2518 1874 2593; baseline 0.005 -22"><span class='ocrx_word' id='word_1_211' title='bbox 261 2525 313 2571; x_wconf 90' lang='lat' dir='ltr'>et</span> <span class='ocrx_word' id='word_1_212' title='bbox 331 2518 476 2589; x_wconf 75' lang='lat' dir='ltr'>apud</span> <span class='ocrx_word' id='word_1_213' title='bbox 487 2520 672 2577; x_wconf 76' lang='lat' dir='ltr'>hostes</span> <span class='ocrx_word' id='word_1_214' title='bbox 684 2521 807 2579; x_wconf 56' lang='lat' dir='ltr'>&gt;eius</span> <span class='ocrx_word' id='word_1_215' title='bbox 825 2522 904 2577; x_wconf 89' lang='lat' dir='ltr'>rei</span> <span class='ocrx_word' id='word_1_216' title='bbox 923 2519 1085 2586; x_wconf 77' lang='lat' dir='ltr'>fama,</span> <span class='ocrx_word' id='word_1_217' title='bbox 1108 2537 1219 2593; x_wconf 79' lang='lat' dir='ltr'>quo</span> <span class='ocrx_word' id='word_1_218' title='bbox 1238 2521 1541 2588; x_wconf 59' lang='lat' dir='ltr'>‚venientem</span> <span class='ocrx_word' id='word_1_219' title='bbox 1559 2520 1751 2577; x_wconf 87' lang='lat' dir='ltr'>ducem</span> <span class='ocrx_word' id='word_1_220' title='bbox 1773 2538 1874 2579; x_wconf 82' lang='lat' dir='ltr'>ex-</span> 
     </span>
     <span class='ocr_line' id='line_1_32' title="bbox 263 2594 1874 2669; baseline 0.004 -24"><span class='ocrx_word' id='word_1_221' title='bbox 263 2600 534 2661; x_wconf 83' lang='lat' dir='ltr'>terrerent,</span> <span class='ocrx_word' id='word_1_222' title='bbox 555 2602 718 2669; x_wconf 75' lang='lat' dir='ltr'>atque</span> <span class='ocrx_word' id='word_1_223' title='bbox 733 2594 828 2653; x_wconf 87' lang='lat' dir='ltr'>illo</span> <span class='ocrx_word' id='word_1_224' title='bbox 846 2603 1073 2669; x_wconf 80' lang='lat' dir='ltr'>augente</span> <span class='ocrx_word' id='word_1_225' title='bbox 1092 2594 1293 2662; x_wconf 73' lang='lat' dir='ltr'>audita,</span> <span class='ocrx_word' id='word_1_226' title='bbox 1312 2603 1372 2661; x_wconf 80' lang='lat' dir='ltr'>ut</span> <span class='ocrx_word' id='word_1_227' title='bbox 1390 2597 1559 2653; x_wconf 86' lang='lat' dir='ltr'>maior</span> <span class='ocrx_word' id='word_1_228' title='bbox 1581 2594 1698 2654; x_wconf 80' lang='lat' dir='ltr'>laus</span> <span class='ocrx_word' id='word_1_229' title='bbox 1720 2612 1874 2665; x_wconf 80' lang='lat' dir='ltr'>com-</span> 
     </span>
    </p>

    <p class='ocr_par' dir='ltr' id='par_1_7' title="bbox 360 2667 1873 2738">
     <span class='ocr_line' id='line_1_33' title="bbox 360 2667 1873 2738; baseline 0.003 -13"><span class='ocrx_word' id='word_1_230' title='bbox 360 2667 476 2733; x_wconf 74' lang='lat' dir='ltr'>itis,</span> <span class='ocrx_word' id='word_1_231' title='bbox 499 2668 604 2735; x_wconf 87' lang='lat' dir='ltr'>vel,</span> <span class='ocrx_word' id='word_1_232' title='bbox 643 2673 692 2727; x_wconf 83' lang='lat' dir='ltr'>si</span> <span class='ocrx_word' id='word_1_233' title='bbox 719 2671 1081 2738; x_wconf 80' lang='lat' dir='ltr'>duravissent,</span> <span class='ocrx_word' id='word_1_234' title='bbox 1125 2671 1282 2730; x_wconf 78' lang='lat' dir='ltr'>venia</span> <span class='ocrx_word' id='word_1_235' title='bbox 1306 2672 1499 2733; x_wconf 78' lang='lat' dir='ltr'>iustior</span> <span class='ocrx_word' id='word_1_236' title='bbox 1520 2672 1873 2729; x_wconf 80' lang='lat' dir='ltr'>tribueretur.</span> 
     </span>
    </p>

    <p class='ocr_par' dir='ltr' id='par_1_8' title="bbox 297 2738 1873 2821">
     <span class='ocr_line' id='line_1_34' title="bbox 297 2738 1873 2821; baseline 0.005 -26"><span class='ocrx_word' id='word_1_237' title='bbox 297 2738 464 2799; x_wconf 70' lang='lat' dir='ltr'>ilum</span> <span class='ocrx_word' id='word_1_238' title='bbox 483 2742 539 2797; x_wconf 78' lang='lat' dir='ltr'>id</span> <span class='ocrx_word' id='word_1_239' title='bbox 557 2760 776 2819; x_wconf 83' lang='lat' dir='ltr'>quoque</span> <span class='ocrx_word' id='word_1_240' title='bbox 792 2747 1054 2806; x_wconf 86' lang='lat' dir='ltr'>damnum</span> <span class='ocrx_word' id='word_1_241' title='bbox 1074 2744 1389 2815; x_wconf 77' lang='lat' dir='ltr'>intulerant3</span> <span class='ocrx_word' id='word_1_242' title='bbox 1422 2744 1637 2819; x_wconf 86' lang='lat' dir='ltr'>lateque</span> <span class='ocrx_word' id='word_1_243' title='bbox 1652 2744 1873 2821; x_wconf 88' lang='lat' dir='ltr'>persul-</span> 
     </span>
    </p>
   </div>
  </div>
 </body>
</html>
