2081 3038
297 241 397 296 220
846 243 1313 290 ANNAmum
1504 272 1530 284 ,
1628 229 1909 306 (mnaso.

296 346 444 404 tibus
462 343 670 402 Parthis
689 386 702 411 ,
725 344 1109 416 Nicephorium
1130 352 1182 400 et
1198 341 1621 399 Anthemusiada
1636 383 1649 409 ,
1677 349 1914 398 ceteras-

298 438 408 496 que
434 420 597 476 urbes
615 462 627 486 ,
670 437 809 493 quae
837 420 1217 476 Macedonibus
1254 420 1385 474 sitae
1412 419 1613 476 Graeca
1646 417 1911 474 vocabula

295 503 591 570 usurpant,
626 495 928 569 Halumque
955 503 1007 550 et
1033 494 1347 552 Artemitam
1362 536 1376 560 ,
1406 493 1649 566 Parthica
1687 493 1909 565 oppida,

300 573 523 645 recepit,
553 573 878 628 certantibus
906 571 1104 645 gaudio
1119 612 1133 637 ,
1164 570 1262 643 qui
1289 568 1650 636 Artabanum,
1680 567 1911 642 Scythas

298 650 437 706 inter
461 647 713 706 eductum
729 689 742 713 ‚
773 647 842 704 ob
861 646 1139 702 saevitiam
1166 646 1424 702 exsecrati
1441 687 1455 710 ,
1484 661 1636 700 come
1655 643 1912 700 Tiridatis

300 725 603 800 ingenium,
626 724 891 779 Romanas
911 739 1007 794 per
1027 728 1187 788 ιιι-ωε,
1210 721 1513 794 sperabant.

413 802 498 857 42.
539 798 843 855 Plurimum
861 795 1180 854 adulationis
1200 797 1540 852 Seleucenses
1558 795 1805 861 induere,
1834 796 1916 851 ci·-

302 876 440 932 vitas
458 882 664 948 potenS,
689 881 836 946 septa
855 873 1049 939 muris,
1062 889 1239 945 neque
1252 875 1310 928 in
1332 872 1621 928 barbarum
1640 877 1913 944 corrupta,

303 951 400 1007 sed
423 949 708 1008 conditoris
729 947 936 1006 Seleuci
963 950 1219 1004 retinens.
1298 948 1567 1014 Trecenti,
1596 947 1792 1020 opibus
1821 953 1919 1002 aut

306 1027 567 1099 sapientia
585 1025 795 1092 delecti,
819 1032 880 1080 ut
897 1031 1143 1080 senatus:
1184 1041 1283 1079 sua
1301 1021 1501 1096 populo
1521 1024 1635 1079 vis:
1678 1029 1749 1087 et,
1774 1039 1917 1094 quo-

307 1105 444 1158 tiens
463 1100 746 1156 concordes
765 1107 962 1174 agunt,
991 1099 1264 1172 spernitur
1283 1099 1510 1154 Parthus
1528 1117 1540 1166 ;
1584 1097 1681 1153 ubi
1699 1096 1918 1152 dissen-

306 1194 422 1232 sere
437 1218 450 1242 ‚
481 1176 614 1232 dum
634 1176 740 1232 sibi
762 1177 997 1248 quisque
1016 1181 1195 1232 contra
1216 1172 1453 1230 aemulos
1478 1173 1788 1229 subsidium
1818 1191 1917 1228 vo-

306 1259 446 1318 cant,
469 1251 668 1308 accitus
687 1251 746 1308 in
765 1257 990 1323 partem,
1022 1251 1310 1307 adversum
1329 1266 1516 1306 omnes
1536 1249 1775 1305 valescit.
1855 1247 1918 1303 Id

307 1344 481 1399 nuper
509 1327 794 1392 acciderat,
826 1324 1093 1382 Artabano
1119 1333 1373 1399 regnante
1388 1365 1401 1391 ‚
1430 1326 1527 1398 qui
1559 1324 1773 1398 plebem
1801 1323 1918 1395 pri-

309 1401 553 1459 moribus
577 1401 792 1460 tradidit
819 1420 887 1458 ex
914 1418 1014 1457 suo
1043 1418 1169 1457 usu.
1248 1402 1389 1467 Nam⁴
1413 1399 1601 1473 populi
1618 1400 1916 1471 imperium

307 1478 460 1535 iuxta
486 1475 809 1547 libertatem3
848 1493 1143 1551 paucorum
1170 1475 1461 1534 dominatio
1487 1477 1663 1553 regiae
1700 1473 1917 1531 libidini

308 1556 524 1627 propior
565 1563 665 1610 est.
743 1555 884 1611 Tum
930 1553 1301 1610 adventantem
1339 1552 1608 1609 Tiridaten
1656 1550 1921 1607 extollunt

309 1637 551 1685 veterum
571 1647 760 1703 regum
781 1629 1096 1694 honoribuS,
1119 1636 1171 1683 et
1188 1645 1325 1701 quos
1344 1646 1529 1684 recens
1548 1636 1691 1683 aetas
1711 1626 1919 1701 largius

310 1706 546 1761 invenit:
587 1704 752 1760 simul
782 1704 974 1777 probra
1002 1704 1063 1759 in
1090 1701 1420 1759 Artabanum
1451 1702 1769 1768 fundebant,
1800 1720 1920 1757 ma·-

311 1789 462 1835 terna
491 1784 692 1849 origine
714 1778 1043 1843 Arsacidem,
1076 1788 1245 1834 cetera
1272 1784 1580 1849 deqenerem.
1656 1776 1921 1833 Tiridates

309 1872 428 1910 rem
448 1852 821 1910 Seleucensem
839 1853 1038 1927 populo
1056 1855 1333 1926 permittit.
1409 1855 1554 1915 Mox.
1584 1852 1917 1919 consultans,

312 1946 548 2004 quonam
574 1929 664 1986 die
688 1928 927 1986 solennia
965 1929 1118 2002 regni
1154 1929 1485 2001 capesseret?
1522 1928 1721 1985 litteras
1751 1928 1922 1983 Phra-

311 2006 454 2062 hatis
473 2013 526 2062 et
542 2004 808 2071 Hieronis,
831 2004 929 2079 qui
948 2004 1311 2061 validissimas
1335 2004 1693 2077 praefecturas
1712 2004 1922 2060 obtine-

309 2082 440 2142 bant
455 2123 469 2147 ,
492 2080 712 2154 accipit,
733 2080 950 2136 brevem
972 2095 1176 2136 moram
1197 2080 1550 2151 precantium.
1629 2078 1921 2145 Placitum-

313 2175 421 2231 que
437 2200 449 2222 ,
471 2156 704 2229 opperiri
723 2156 868 2213 viros
886 2153 1291 2228 praepollentis:
1332 2163 1495 2227 atque
1511 2155 1725 2209 interim
1749 2153 1922 2210 Ctesi·-

312 2233 479 2305 phon,
502 2231 654 2287 sedes
675 2231 908 2303 imperii,
930 2232 1111 2303 petita.
1180 2229 1305 2295 Sed,
1328 2230 1424 2285 ubi
1439 2229 1584 2286 diem
1604 2247 1672 2285 ex
1690 2229 1778 2287 die
1796 2248 1923 2301 pro—

314 2308 563 2372 latabant,
587 2306 774 2363 multis
795 2324 972 2363 coram
993 2313 1046 2362 et
1064 2304 1499 2377 adprobantibuS,
1512 2304 1737 2370 Surena,
1749 2306 1923 2377 patrio

315 2400 480 2447 more,
503 2382 772 2437 Tiridaten
790 2382 993 2456 insigni
1013 2383 1159 2455 regio
1179 2382 1403 2436 evinxit.

429 2461 511 2513 43.
554 2456 649 2523 Ac,
671 2458 718 2511 si
739 2458 917 2513 statim
936 2457 1183 2512 interiora
1202 2464 1508 2527 ceterasque
1526 2454 1764 2511 nationes
1786 2458 1925 2526 peti-

315 2534 507 2600 visset,
546 2547 800 2605 oppressa
825 2532 1191 2588 cunctantium
1226 2530 1510 2597 dubitatio,
1552 2537 1603 2585 et
1638 2547 1827 2586 omnes
1862 2531 1925 2585 in

315 2624 488 2662 unum
515 2606 796 2664 cedebant:
847 2606 1137 2665 adsidendo
1162 2605 1467 2672 castellum,
1505 2606 1566 2661 in
1592 2604 1739 2677 quod
1754 2622 1927 2676 pecu-

319 2682 462 2733 niam
493 2690 544 2736 et
570 2681 788 2755 pellices
815 2682 1118 2739 Artabanus
1146 2680 1465 2747 contulerat,
1510 2680 1659 2735 dedit
1685 2681 1925 2751 spatium

319 2754 546 2812 exuendi
563 2765 734 2829 pacta.
814 2760 952 2815 Nam
973 2757 1261 2815 Pbrahates
1280 2762 1331 2813 et
1349 2756 1531 2824 Hiero,
1550 2764 1619 2823 et,
1643 2756 1690 2811 si
1712 2755 1813 2829 qui
1832 2753 1926 2813 alii
