<?xml version="1.0" encoding="UTF-8"?>
<!DOCTYPE html PUBLIC "-//W3C//DTD XHTML 1.0 Transitional//EN"
    "http://www.w3.org/TR/xhtml1/DTD/xhtml1-transitional.dtd">
<html xmlns="http://www.w3.org/1999/xhtml" xml:lang="en" lang="en">
 <head>
  <title>
</title>
<meta http-equiv="Content-Type" content="text/html;charset=utf-8" />
  <meta name='ocr-system' content='tesseract 3.04.00' />
  <meta name='ocr-capabilities' content='ocr_page ocr_carea ocr_par ocr_line ocrx_word'/>
</head>
<body>
  <div class='ocr_page' id='page_1' title='image "./operaquoadextan03tacigoog_0624.png"; bbox 0 0 2081 3038; ppageno 0'>
   <div class='ocr_carea' id='block_1_1' title="bbox 282 239 1880 325">
    <p class='ocr_par' dir='ltr' id='par_1_1' title="bbox 282 239 1880 325">
     <span class='ocr_line' id='line_1_1' title="bbox 282 239 1880 325; baseline -0.001 -28"><span class='ocrx_word' id='word_1_1' title='bbox 282 240 382 297; x_wconf 71' lang='lat'><strong>2⁴4</strong></span> <span class='ocrx_word' id='word_1_2' title='bbox 757 244 1408 294; x_wconf 70' lang='lat' dir='ltr'><strong>111s&#39;r0111ARUn</strong></span> <span class='ocrx_word' id='word_1_3' title='bbox 1612 239 1880 325; x_wconf 37' lang='lat' dir='ltr'><strong>(ymen.</strong></span> 
     </span>
    </p>
   </div>
   <div class='ocr_carea' id='block_1_2' title="bbox 272 344 1890 2817">
    <p class='ocr_par' dir='ltr' id='par_1_2' title="bbox 281 344 1885 571">
     <span class='ocr_line' id='line_1_2' title="bbox 281 344 1884 421; baseline 0 -18"><span class='ocrx_word' id='word_1_4' title='bbox 281 345 513 403; x_wconf 87' lang='lat' dir='ltr'><strong>Betasios</strong></span> <span class='ocrx_word' id='word_1_5' title='bbox 540 362 759 420; x_wconf 88' lang='lat' dir='ltr'><strong>quoque</strong></span> <span class='ocrx_word' id='word_1_6' title='bbox 780 364 842 402; x_wconf 89' lang='lat' dir='ltr'><strong>ac</strong></span> <span class='ocrx_word' id='word_1_7' title='bbox 859 346 1104 412; x_wconf 83' lang='lat' dir='ltr'><strong>Nervios,</strong></span> <span class='ocrx_word' id='word_1_8' title='bbox 1147 346 1204 402; x_wconf 88' lang='lat' dir='ltr'><strong>in</strong></span> <span class='ocrx_word' id='word_1_9' title='bbox 1233 344 1393 402; x_wconf 89' lang='lat' dir='ltr'><strong>fidem</strong></span> <span class='ocrx_word' id='word_1_10' title='bbox 1414 356 1673 419; x_wconf 76' lang='lat' dir='ltr'><strong>acceptoS‚</strong></span> <span class='ocrx_word' id='word_1_11' title='bbox 1718 350 1884 421; x_wconf 89' lang='lat' dir='ltr'><strong>copiis</strong></span> 
     </span>
     <span class='ocr_line' id='line_1_3' title="bbox 282 421 1885 497; baseline 0.001 -19"><span class='ocrx_word' id='word_1_12' title='bbox 282 423 397 478; x_wconf 88' lang='lat' dir='ltr'><strong>suis</strong></span> <span class='ocrx_word' id='word_1_13' title='bbox 417 422 689 479; x_wconf 81' lang='lat' dir='ltr'><strong>adiunxit:</strong></span> <span class='ocrx_word' id='word_1_14' title='bbox 731 421 921 497; x_wconf 88' lang='lat' dir='ltr'><strong>ingens</strong></span> <span class='ocrx_word' id='word_1_15' title='bbox 949 438 1150 488; x_wconf 84' lang='lat' dir='ltr'><strong>rerum,</strong></span> <span class='ocrx_word' id='word_1_16' title='bbox 1183 422 1448 494; x_wconf 86' lang='lat' dir='ltr'><strong>perculsis</strong></span> <span class='ocrx_word' id='word_1_17' title='bbox 1471 423 1749 480; x_wconf 88' lang='lat' dir='ltr'><strong>civitatum</strong></span> <span class='ocrx_word' id='word_1_18' title='bbox 1770 426 1885 479; x_wconf 88' lang='lat' dir='ltr'><strong>ani-</strong></span> 
     </span>
     <span class='ocr_line' id='line_1_4' title="bbox 281 497 1144 571; baseline -0.001 -18"><span class='ocrx_word' id='word_1_19' title='bbox 281 501 407 564; x_wconf 73' lang='lat' dir='ltr'><strong>miS,</strong></span> <span class='ocrx_word' id='word_1_20' title='bbox 429 497 515 554; x_wconf 88' lang='lat' dir='ltr'><strong>vel</strong></span> <span class='ocrx_word' id='word_1_21' title='bbox 537 505 723 571; x_wconf 90' lang='lat' dir='ltr'><strong>sponte</strong></span> <span class='ocrx_word' id='word_1_22' title='bbox 742 498 1144 553; x_wconf 84' lang='lat' dir='ltr'><strong>inclinantibus.</strong></span> 
     </span>
    </p>

    <p class='ocr_par' dir='ltr' id='par_1_3' title="bbox 278 572 1890 1770">
     <span class='ocr_line' id='line_1_5' title="bbox 391 572 1884 644; baseline 0.002 -17"><span class='ocrx_word' id='word_1_23' title='bbox 391 574 475 629; x_wconf 80' lang='lat'><strong>67.</strong></span> <span class='ocrx_word' id='word_1_24' title='bbox 518 574 719 629; x_wconf 79' lang='lat' dir='ltr'><strong>Interea</strong></span> <span class='ocrx_word' id='word_1_25' title='bbox 748 573 917 629; x_wconf 84' lang='lat' dir='ltr'><strong>lulius</strong></span> <span class='ocrx_word' id='word_1_26' title='bbox 946 572 1198 637; x_wconf 86' lang='lat' dir='ltr'><strong>Sabinus,</strong></span> <span class='ocrx_word' id='word_1_27' title='bbox 1242 572 1489 644; x_wconf 88' lang='lat' dir='ltr'><strong>proiectis</strong></span> <span class='ocrx_word' id='word_1_28' title='bbox 1529 572 1755 629; x_wconf 87' lang='lat' dir='ltr'><strong>foederis</strong></span> <span class='ocrx_word' id='word_1_29' title='bbox 1782 574 1884 630; x_wconf 88' lang='lat' dir='ltr'><strong>Ro-</strong></span> 
     </span>
     <span class='ocr_line' id='line_1_6' title="bbox 281 647 1884 714; baseline -0.001 -9"><span class='ocrx_word' id='word_1_30' title='bbox 281 650 429 705; x_wconf 87' lang='lat' dir='ltr'><strong>mani</strong></span> <span class='ocrx_word' id='word_1_31' title='bbox 466 649 848 714; x_wconf 76' lang='lat' dir='ltr'><strong>monumentiS,</strong></span> <span class='ocrx_word' id='word_1_32' title='bbox 898 648 1170 703; x_wconf 72' lang='lat' dir='ltr'><strong>Gaesarem</strong></span> <span class='ocrx_word' id='word_1_33' title='bbox 1207 664 1267 703; x_wconf 89' lang='lat' dir='ltr'><strong>se</strong></span> <span class='ocrx_word' id='word_1_34' title='bbox 1293 647 1514 704; x_wconf 87' lang='lat' dir='ltr'><strong>salutari</strong></span> <span class='ocrx_word' id='word_1_35' title='bbox 1541 649 1718 704; x_wconf 87' lang='lat' dir='ltr'><strong>iubet:</strong></span> <span class='ocrx_word' id='word_1_36' title='bbox 1770 668 1884 703; x_wconf 86' lang='lat' dir='ltr'><strong>ma-</strong></span> 
     </span>
     <span class='ocr_line' id='line_1_7' title="bbox 280 721 1884 799; baseline -0.002 -19"><span class='ocrx_word' id='word_1_37' title='bbox 280 742 555 799; x_wconf 85' lang='lat' dir='ltr'><strong>gnamque</strong></span> <span class='ocrx_word' id='word_1_38' title='bbox 583 732 633 779; x_wconf 86' lang='lat' dir='ltr'><strong>et</strong></span> <span class='ocrx_word' id='word_1_39' title='bbox 655 724 978 779; x_wconf 87' lang='lat' dir='ltr'><strong>inconditam</strong></span> <span class='ocrx_word' id='word_1_40' title='bbox 1004 721 1347 795; x_wconf 85' lang='lat' dir='ltr'><strong>popularium</strong></span> <span class='ocrx_word' id='word_1_41' title='bbox 1369 723 1580 778; x_wconf 89' lang='lat' dir='ltr'><strong>turbam</strong></span> <span class='ocrx_word' id='word_1_42' title='bbox 1603 724 1659 779; x_wconf 89' lang='lat' dir='ltr'><strong>in</strong></span> <span class='ocrx_word' id='word_1_43' title='bbox 1681 722 1884 795; x_wconf 88' lang='lat' dir='ltr'><strong>Sequa-</strong></span> 
     </span>
     <span class='ocr_line' id='line_1_8' title="bbox 283 798 1884 872; baseline -0.001 -17"><span class='ocrx_word' id='word_1_44' title='bbox 283 820 379 856; x_wconf 91' lang='lat' dir='ltr'><strong>nos</strong></span> <span class='ocrx_word' id='word_1_45' title='bbox 400 802 555 872; x_wconf 83' lang='lat' dir='ltr'><strong>rapit,</strong></span> <span class='ocrx_word' id='word_1_46' title='bbox 579 801 960 855; x_wconf 76' lang='lat' dir='ltr'><strong>conterminam</strong></span> <span class='ocrx_word' id='word_1_47' title='bbox 978 799 1245 855; x_wconf 83' lang='lat' dir='ltr'><strong>civitatem</strong></span> <span class='ocrx_word' id='word_1_48' title='bbox 1267 806 1318 853; x_wconf 90' lang='lat' dir='ltr'><strong>et</strong></span> <span class='ocrx_word' id='word_1_49' title='bbox 1338 798 1492 853; x_wconf 92' lang='lat' dir='ltr'><strong>nobis</strong></span> <span class='ocrx_word' id='word_1_50' title='bbox 1513 798 1695 853; x_wconf 84' lang='lat' dir='ltr'><strong>fidam.</strong></span> <span class='ocrx_word' id='word_1_51' title='bbox 1775 800 1884 853; x_wconf 87' lang='lat' dir='ltr'><strong>Nec</strong></span> 
     </span>
     <span class='ocr_line' id='line_1_9' title="bbox 281 872 1882 948; baseline -0.001 -18"><span class='ocrx_word' id='word_1_52' title='bbox 281 876 516 948; x_wconf 87' lang='lat' dir='ltr'><strong>Sequani</strong></span> <span class='ocrx_word' id='word_1_53' title='bbox 556 874 905 929; x_wconf 85' lang='lat' dir='ltr'><strong>detrectavere</strong></span> <span class='ocrx_word' id='word_1_54' title='bbox 942 881 1226 929; x_wconf 88' lang='lat' dir='ltr'><strong>certamen.</strong></span> <span class='ocrx_word' id='word_1_55' title='bbox 1307 874 1538 929; x_wconf 84' lang='lat' dir='ltr'><strong>Fortuna</strong></span> <span class='ocrx_word' id='word_1_56' title='bbox 1569 872 1882 929; x_wconf 85' lang='lat' dir='ltr'><strong>melioribus</strong></span> 
     </span>
     <span class='ocr_line' id='line_1_10' title="bbox 280 947 1884 1023; baseline -0.001 -18"><span class='ocrx_word' id='word_1_57' title='bbox 280 951 466 1006; x_wconf 87' lang='lat' dir='ltr'><strong>adfuit.</strong></span> <span class='ocrx_word' id='word_1_58' title='bbox 548 950 679 1005; x_wconf 90' lang='lat' dir='ltr'><strong>Fusi</strong></span> <span class='ocrx_word' id='word_1_59' title='bbox 720 950 1005 1023; x_wconf 77' lang='lat' dir='ltr'><strong>LingoneS.</strong></span> <span class='ocrx_word' id='word_1_60' title='bbox 1085 948 1318 1004; x_wconf 87' lang='lat' dir='ltr'><strong>Sabinus</strong></span> <span class='ocrx_word' id='word_1_61' title='bbox 1345 947 1654 1003; x_wconf 84' lang='lat' dir='ltr'><strong>festinatum</strong></span> <span class='ocrx_word' id='word_1_62' title='bbox 1688 956 1884 1004; x_wconf 88' lang='lat' dir='ltr'><strong>temere</strong></span> 
     </span>
     <span class='ocr_line' id='line_1_11' title="bbox 278 1022 1880 1098; baseline -0.001 -18"><span class='ocrx_word' id='word_1_63' title='bbox 278 1026 543 1098; x_wconf 86' lang='lat' dir='ltr'><strong>proelium</strong></span> <span class='ocrx_word' id='word_1_64' title='bbox 562 1025 679 1096; x_wconf 76' lang='lat' dir='ltr'><strong>pari</strong></span> <span class='ocrx_word' id='word_1_65' title='bbox 700 1022 982 1079; x_wconf 82' lang='lat' dir='ltr'><strong>formidine</strong></span> <span class='ocrx_word' id='word_1_66' title='bbox 1001 1024 1252 1079; x_wconf 86' lang='lat' dir='ltr'><strong>deseruit.</strong></span> <span class='ocrx_word' id='word_1_67' title='bbox 1319 1023 1496 1096; x_wconf 84' lang='lat' dir='ltr'><strong>thue</strong></span> <span class='ocrx_word' id='word_1_68' title='bbox 1515 1022 1712 1079; x_wconf 82' lang='lat' dir='ltr'><strong>famam</strong></span> <span class='ocrx_word' id='word_1_69' title='bbox 1733 1026 1880 1079; x_wconf 86' lang='lat' dir='ltr'><strong>exitii</strong></span> 
     </span>
     <span class='ocr_line' id='line_1_12' title="bbox 279 1098 1883 1172; baseline -0.001 -17"><span class='ocrx_word' id='word_1_70' title='bbox 279 1103 364 1155; x_wconf 86' lang='lat' dir='ltr'><strong>sui</strong></span> <span class='ocrx_word' id='word_1_71' title='bbox 388 1100 595 1165; x_wconf 81' lang='lat' dir='ltr'><strong>faceret,</strong></span> <span class='ocrx_word' id='word_1_72' title='bbox 611 1098 815 1163; x_wconf 87' lang='lat' dir='ltr'><strong>villam,</strong></span> <span class='ocrx_word' id='word_1_73' title='bbox 837 1100 895 1153; x_wconf 93' lang='lat' dir='ltr'><strong>in</strong></span> <span class='ocrx_word' id='word_1_74' title='bbox 915 1116 1081 1171; x_wconf 89' lang='lat' dir='ltr'><strong>quam</strong></span> <span class='ocrx_word' id='word_1_75' title='bbox 1103 1098 1422 1172; x_wconf 82' lang='lat' dir='ltr'><strong>perfugerat,</strong></span> <span class='ocrx_word' id='word_1_76' title='bbox 1445 1100 1728 1154; x_wconf 80' lang='lat' dir='ltr'><strong>cremavit:</strong></span> <span class='ocrx_word' id='word_1_77' title='bbox 1769 1099 1883 1154; x_wconf 89' lang='lat' dir='ltr'><strong>illic</strong></span> 
     </span>
     <span class='ocr_line' id='line_1_13' title="bbox 280 1172 1884 1247; baseline -0.001 -17"><span class='ocrx_word' id='word_1_78' title='bbox 280 1174 578 1230; x_wconf 89' lang='lat' dir='ltr'><strong>voluntaria</strong></span> <span class='ocrx_word' id='word_1_79' title='bbox 602 1180 773 1227; x_wconf 86' lang='lat' dir='ltr'><strong>morte</strong></span> <span class='ocrx_word' id='word_1_80' title='bbox 798 1174 1066 1227; x_wconf 88' lang='lat' dir='ltr'><strong>interiisse</strong></span> <span class='ocrx_word' id='word_1_81' title='bbox 1093 1173 1344 1229; x_wconf 83' lang='lat' dir='ltr'><strong>creditus.</strong></span> <span class='ocrx_word' id='word_1_82' title='bbox 1423 1172 1546 1239; x_wconf 86' lang='lat' dir='ltr'><strong>Sed,</strong></span> <span class='ocrx_word' id='word_1_83' title='bbox 1572 1174 1777 1247; x_wconf 88' lang='lat' dir='ltr'><strong>quibus</strong></span> <span class='ocrx_word' id='word_1_84' title='bbox 1797 1192 1884 1229; x_wconf 86' lang='lat' dir='ltr'><strong>ar-</strong></span> 
     </span>
     <span class='ocr_line' id='line_1_14' title="bbox 278 1247 1886 1321; baseline 0.001 -18"><span class='ocrx_word' id='word_1_85' title='bbox 278 1250 423 1305; x_wconf 86' lang='lat' dir='ltr'><strong>tibus</strong></span> <span class='ocrx_word' id='word_1_86' title='bbox 444 1247 766 1320; x_wconf 85' lang='lat' dir='ltr'><strong>latebrisque</strong></span> <span class='ocrx_word' id='word_1_87' title='bbox 784 1248 950 1304; x_wconf 86' lang='lat' dir='ltr'><strong>vitam</strong></span> <span class='ocrx_word' id='word_1_88' title='bbox 969 1265 1066 1321; x_wconf 89' lang='lat' dir='ltr'><strong>per</strong></span> <span class='ocrx_word' id='word_1_89' title='bbox 1087 1264 1279 1304; x_wconf 89' lang='lat' dir='ltr'><strong>novem</strong></span> <span class='ocrx_word' id='word_1_90' title='bbox 1299 1266 1426 1305; x_wconf 89' lang='lat' dir='ltr'><strong>mox</strong></span> <span class='ocrx_word' id='word_1_91' title='bbox 1443 1266 1611 1304; x_wconf 88' lang='lat' dir='ltr'><strong>annos</strong></span> <span class='ocrx_word' id='word_1_92' title='bbox 1630 1250 1886 1305; x_wconf 85' lang='lat' dir='ltr'><strong>traduxe-</strong></span> 
     </span>
     <span class='ocr_line' id='line_1_15' title="bbox 281 1321 1890 1398; baseline 0.001 -21"><span class='ocrx_word' id='word_1_93' title='bbox 281 1326 365 1389; x_wconf 83' lang='lat' dir='ltr'><strong>rit,</strong></span> <span class='ocrx_word' id='word_1_94' title='bbox 394 1321 556 1377; x_wconf 90' lang='lat' dir='ltr'><strong>simul</strong></span> <span class='ocrx_word' id='word_1_95' title='bbox 578 1324 872 1378; x_wconf 89' lang='lat' dir='ltr'><strong>amicorum</strong></span> <span class='ocrx_word' id='word_1_96' title='bbox 892 1325 1009 1379; x_wconf 91' lang='lat' dir='ltr'><strong>eius</strong></span> <span class='ocrx_word' id='word_1_97' title='bbox 1028 1325 1378 1379; x_wconf 81' lang='lat' dir='ltr'><strong>constantiam</strong></span> <span class='ocrx_word' id='word_1_98' title='bbox 1401 1331 1453 1379; x_wconf 90' lang='lat' dir='ltr'><strong>et</strong></span> <span class='ocrx_word' id='word_1_99' title='bbox 1471 1325 1684 1398; x_wconf 83' lang='lat' dir='ltr'><strong>insigne</strong></span> <span class='ocrx_word' id='word_1_100' title='bbox 1701 1324 1890 1397; x_wconf 60' lang='lat' dir='ltr'><strong>lippo-</strong></span> 
     </span>
     <span class='ocr_line' id='line_1_16' title="bbox 278 1398 1888 1473; baseline 0.001 -19"><span class='ocrx_word' id='word_1_101' title='bbox 278 1402 437 1455; x_wconf 91' lang='lat' dir='ltr'><strong>ninae</strong></span> <span class='ocrx_word' id='word_1_102' title='bbox 462 1399 645 1454; x_wconf 84' lang='lat' dir='ltr'><strong>uxoris</strong></span> <span class='ocrx_word' id='word_1_103' title='bbox 670 1398 1000 1471; x_wconf 88' lang='lat' dir='ltr'><strong>exemplum,</strong></span> <span class='ocrx_word' id='word_1_104' title='bbox 1034 1416 1134 1455; x_wconf 91' lang='lat' dir='ltr'><strong>suo</strong></span> <span class='ocrx_word' id='word_1_105' title='bbox 1161 1398 1274 1455; x_wconf 91' lang='lat' dir='ltr'><strong>loco</strong></span> <span class='ocrx_word' id='word_1_106' title='bbox 1292 1399 1596 1454; x_wconf 77' lang='lat' dir='ltr'><strong>reddemus.</strong></span> <span class='ocrx_word' id='word_1_107' title='bbox 1677 1398 1888 1473; x_wconf 89' lang='lat' dir='ltr'><strong>Sequa-</strong></span> 
     </span>
     <span class='ocr_line' id='line_1_17' title="bbox 280 1474 1888 1547; baseline 0.001 -17"><span class='ocrx_word' id='word_1_108' title='bbox 280 1493 472 1532; x_wconf 82' lang='lat' dir='ltr'><strong>norum</strong></span> <span class='ocrx_word' id='word_1_109' title='bbox 502 1491 751 1547; x_wconf 87' lang='lat' dir='ltr'><strong>prospera</strong></span> <span class='ocrx_word' id='word_1_110' title='bbox 782 1476 894 1531; x_wconf 90' lang='lat' dir='ltr'><strong>acie</strong></span> <span class='ocrx_word' id='word_1_111' title='bbox 922 1474 1050 1530; x_wconf 93' lang='lat' dir='ltr'><strong>belli</strong></span> <span class='ocrx_word' id='word_1_112' title='bbox 1078 1476 1292 1547; x_wconf 83' lang='lat' dir='ltr'><strong>inpetus</strong></span> <span class='ocrx_word' id='word_1_113' title='bbox 1312 1475 1471 1530; x_wconf 88' lang='lat' dir='ltr'><strong>stetit.</strong></span> <span class='ocrx_word' id='word_1_114' title='bbox 1551 1474 1888 1547; x_wconf 88' lang='lat' dir='ltr'><strong>Resipiscerc</strong></span> 
     </span>
     <span class='ocr_line' id='line_1_18' title="bbox 280 1549 1888 1624; baseline 0.001 -19"><span class='ocrx_word' id='word_1_115' title='bbox 280 1551 557 1623; x_wconf 79' lang='lat' dir='ltr'><strong>paullatim</strong></span> <span class='ocrx_word' id='word_1_116' title='bbox 580 1552 837 1616; x_wconf 82' lang='lat' dir='ltr'><strong>civitateS,</strong></span> <span class='ocrx_word' id='word_1_117' title='bbox 875 1550 1062 1624; x_wconf 84' lang='lat' dir='ltr'><strong>fasque</strong></span> <span class='ocrx_word' id='word_1_118' title='bbox 1081 1559 1133 1606; x_wconf 88' lang='lat' dir='ltr'><strong>et</strong></span> <span class='ocrx_word' id='word_1_119' title='bbox 1149 1549 1357 1605; x_wconf 84' lang='lat' dir='ltr'><strong>foedera</strong></span> <span class='ocrx_word' id='word_1_120' title='bbox 1379 1551 1657 1622; x_wconf 88' lang='lat' dir='ltr'><strong>respicere,</strong></span> <span class='ocrx_word' id='word_1_121' title='bbox 1679 1552 1888 1621; x_wconf 86' lang='lat' dir='ltr'><strong>princi-</strong></span> 
     </span>
     <span class='ocr_line' id='line_1_19' title="bbox 278 1625 1888 1698; baseline 0.001 -17"><span class='ocrx_word' id='word_1_122' title='bbox 278 1628 441 1698; x_wconf 91' lang='lat' dir='ltr'><strong>pibus</strong></span> <span class='ocrx_word' id='word_1_123' title='bbox 460 1627 671 1680; x_wconf 87' lang='lat' dir='ltr'><strong>Remis:</strong></span> <span class='ocrx_word' id='word_1_124' title='bbox 714 1627 810 1698; x_wconf 90' lang='lat' dir='ltr'><strong>qui</strong></span> <span class='ocrx_word' id='word_1_125' title='bbox 840 1643 935 1698; x_wconf 88' lang='lat' dir='ltr'><strong>per</strong></span> <span class='ocrx_word' id='word_1_126' title='bbox 956 1625 1156 1682; x_wconf 88' lang='lat' dir='ltr'><strong>Gallias</strong></span> <span class='ocrx_word' id='word_1_127' title='bbox 1177 1625 1408 1690; x_wconf 84' lang='lat' dir='ltr'><strong>edixere,</strong></span> <span class='ocrx_word' id='word_1_128' title='bbox 1429 1635 1488 1680; x_wconf 80' lang='lat' dir='ltr'><strong>ut</strong></span> <span class='ocrx_word' id='word_1_129' title='bbox 1506 1630 1678 1680; x_wconf 75' lang='lat' dir='ltr'><strong>missis</strong></span> <span class='ocrx_word' id='word_1_130' title='bbox 1698 1629 1888 1695; x_wconf 75' lang='lat' dir='ltr'><strong>leyatis</strong></span> 
     </span>
     <span class='ocr_line' id='line_1_20' title="bbox 278 1703 1728 1770; baseline -0.001 -14"><span class='ocrx_word' id='word_1_131' title='bbox 278 1707 333 1756; x_wconf 84' lang='lat' dir='ltr'><strong>in</strong></span> <span class='ocrx_word' id='word_1_132' title='bbox 356 1719 616 1755; x_wconf 82' lang='lat' dir='ltr'><strong>commune</strong></span> <span class='ocrx_word' id='word_1_133' title='bbox 638 1704 1005 1764; x_wconf 77' lang='lat' dir='ltr'><strong>consultarent,</strong></span> <span class='ocrx_word' id='word_1_134' title='bbox 1032 1705 1245 1755; x_wconf 74' lang='lat' dir='ltr'><strong>libertas</strong></span> <span class='ocrx_word' id='word_1_135' title='bbox 1263 1719 1335 1755; x_wconf 78' lang='lat' dir='ltr'><strong>an</strong></span> <span class='ocrx_word' id='word_1_136' title='bbox 1350 1719 1465 1770; x_wconf 75' lang='lat' dir='ltr'><strong>pax</strong></span> <span class='ocrx_word' id='word_1_137' title='bbox 1478 1703 1728 1769; x_wconf 75' lang='lat' dir='ltr'><strong>placeret.</strong></span> 
     </span>
    </p>

    <p class='ocr_par' dir='ltr' id='par_1_4' title="bbox 272 1774 1888 2817">
     <span class='ocr_line' id='line_1_21' title="bbox 386 1774 1883 1832; baseline 0 -2"><span class='ocrx_word' id='word_1_138' title='bbox 386 1780 471 1830; x_wconf 90' lang='grc'><strong>68.</strong></span> <span class='ocrx_word' id='word_1_139' title='bbox 514 1774 582 1830; x_wconf 83' lang='lat' dir='ltr'><strong>At</strong></span> <span class='ocrx_word' id='word_1_140' title='bbox 611 1775 808 1832; x_wconf 89' lang='lat' dir='ltr'><strong>Romae</strong></span> <span class='ocrx_word' id='word_1_141' title='bbox 832 1783 1019 1830; x_wconf 88' lang='lat' dir='ltr'><strong>cuncta</strong></span> <span class='ocrx_word' id='word_1_142' title='bbox 1038 1775 1096 1829; x_wconf 89' lang='lat' dir='ltr'><strong>in</strong></span> <span class='ocrx_word' id='word_1_143' title='bbox 1117 1775 1351 1830; x_wconf 86' lang='lat' dir='ltr'><strong>deterius</strong></span> <span class='ocrx_word' id='word_1_144' title='bbox 1371 1775 1548 1830; x_wconf 89' lang='lat' dir='ltr'><strong>audita</strong></span> <span class='ocrx_word' id='word_1_145' title='bbox 1567 1775 1883 1830; x_wconf 88' lang='lat' dir='ltr'><strong>Mucianum</strong></span> 
     </span>
     <span class='ocr_line' id='line_1_22' title="bbox 278 1850 1888 1926; baseline -0.001 -20"><span class='ocrx_word' id='word_1_146' title='bbox 278 1852 559 1926; x_wconf 83' lang='lat' dir='ltr'><strong>angebant,</strong></span> <span class='ocrx_word' id='word_1_147' title='bbox 582 1869 667 1918; x_wconf 90' lang='lat' dir='ltr'><strong>ne,</strong></span> <span class='ocrx_word' id='word_1_148' title='bbox 692 1867 1021 1924; x_wconf 86' lang='lat' dir='ltr'><strong>quamquam</strong></span> <span class='ocrx_word' id='word_1_149' title='bbox 1045 1851 1245 1922; x_wconf 83' lang='lat' dir='ltr'><strong>egregii</strong></span> <span class='ocrx_word' id='word_1_150' title='bbox 1265 1851 1427 1906; x_wconf 90' lang='lat' dir='ltr'><strong>duces</strong></span> <span class='ocrx_word' id='word_1_151' title='bbox 1447 1850 1572 1923; x_wconf 89' lang='lat' dir='ltr'><strong>(iam</strong></span> <span class='ocrx_word' id='word_1_152' title='bbox 1595 1850 1738 1904; x_wconf 88' lang='lat' dir='ltr'><strong>enim</strong></span> <span class='ocrx_word' id='word_1_153' title='bbox 1754 1850 1888 1905; x_wconf 88' lang='lat' dir='ltr'><strong>Gal-</strong></span> 
     </span>
     <span class='ocr_line' id='line_1_23' title="bbox 278 1924 1884 1999; baseline -0.001 -17"><span class='ocrx_word' id='word_1_154' title='bbox 278 1926 391 1982; x_wconf 81' lang='lat' dir='ltr'><strong>lum</strong></span> <span class='ocrx_word' id='word_1_155' title='bbox 414 1927 653 1982; x_wconf 88' lang='lat' dir='ltr'><strong>Annium</strong></span> <span class='ocrx_word' id='word_1_156' title='bbox 681 1934 731 1980; x_wconf 86' lang='lat' dir='ltr'><strong>et</strong></span> <span class='ocrx_word' id='word_1_157' title='bbox 752 1925 998 1980; x_wconf 91' lang='lat' dir='ltr'><strong>Petilium</strong></span> <span class='ocrx_word' id='word_1_158' title='bbox 1020 1924 1280 1979; x_wconf 89' lang='lat' dir='ltr'><strong>Cerialem</strong></span> <span class='ocrx_word' id='word_1_159' title='bbox 1306 1924 1585 1999; x_wconf 83' lang='lat' dir='ltr'><strong>delegerat)</strong></span> <span class='ocrx_word' id='word_1_160' title='bbox 1605 1943 1884 1980; x_wconf 89' lang='lat' dir='ltr'><strong>summam</strong></span> 
     </span>
     <span class='ocr_line' id='line_1_24' title="bbox 276 1999 1888 2074; baseline -0.002 -16"><span class='ocrx_word' id='word_1_161' title='bbox 276 2003 403 2058; x_wconf 87' lang='lat' dir='ltr'><strong>belli</strong></span> <span class='ocrx_word' id='word_1_162' title='bbox 423 2021 615 2074; x_wconf 85' lang='lat' dir='ltr'><strong>parum</strong></span> <span class='ocrx_word' id='word_1_163' title='bbox 637 2001 932 2056; x_wconf 85' lang='lat' dir='ltr'><strong>tolerarent.</strong></span> <span class='ocrx_word' id='word_1_164' title='bbox 1008 2001 1118 2054; x_wconf 92' lang='lat' dir='ltr'><strong>Nec</strong></span> <span class='ocrx_word' id='word_1_165' title='bbox 1137 1999 1485 2072; x_wconf 89' lang='lat' dir='ltr'><strong>relinquenda</strong></span> <span class='ocrx_word' id='word_1_166' title='bbox 1507 2001 1638 2054; x_wconf 86' lang='lat' dir='ltr'><strong>urbs</strong></span> <span class='ocrx_word' id='word_1_167' title='bbox 1659 2001 1778 2054; x_wconf 90' lang='lat' dir='ltr'><strong>sine</strong></span> <span class='ocrx_word' id='word_1_168' title='bbox 1799 2019 1888 2056; x_wconf 89' lang='lat' dir='ltr'><strong>re-</strong></span> 
     </span>
     <span class='ocr_line' id='line_1_25' title="bbox 278 2073 1880 2133; baseline 0 -1"><span class='ocrx_word' id='word_1_169' title='bbox 278 2087 433 2133; x_wconf 86' lang='lat' dir='ltr'><strong>ctore.</strong></span> <span class='ocrx_word' id='word_1_170' title='bbox 514 2078 580 2131; x_wconf 93' lang='lat' dir='ltr'><strong>Et</strong></span> <span class='ocrx_word' id='word_1_171' title='bbox 605 2075 892 2130; x_wconf 89' lang='lat' dir='ltr'><strong>Domitiani</strong></span> <span class='ocrx_word' id='word_1_172' title='bbox 928 2075 1217 2131; x_wconf 89' lang='lat' dir='ltr'><strong>indomitae</strong></span> <span class='ocrx_word' id='word_1_173' title='bbox 1247 2073 1496 2130; x_wconf 90' lang='lat' dir='ltr'><strong>libidines</strong></span> <span class='ocrx_word' id='word_1_174' title='bbox 1524 2075 1880 2132; x_wconf 86' lang='lat' dir='ltr'><strong>timebantur:</strong></span> 
     </span>
     <span class='ocr_line' id='line_1_26' title="bbox 277 2149 1879 2228; baseline -0.002 -21"><span class='ocrx_word' id='word_1_175' title='bbox 277 2153 559 2225; x_wconf 84' lang='lat' dir='ltr'><strong>suspectis,</strong></span> <span class='ocrx_word' id='word_1_176' title='bbox 592 2151 678 2228; x_wconf 34' lang='lat' dir='ltr'><strong>uti·</strong></span> <span class='ocrx_word' id='word_1_177' title='bbox 696 2150 958 2216; x_wconf 77' lang='lat' dir='ltr'><strong>diximuS,</strong></span> <span class='ocrx_word' id='word_1_178' title='bbox 990 2151 1170 2206; x_wconf 88' lang='lat' dir='ltr'><strong>Primo</strong></span> <span class='ocrx_word' id='word_1_179' title='bbox 1190 2149 1418 2205; x_wconf 81' lang='lat' dir='ltr'><strong>Antonio</strong></span> <span class='ocrx_word' id='word_1_180' title='bbox 1437 2150 1683 2222; x_wconf 89' lang='lat' dir='ltr'><strong>Varoque</strong></span> <span class='ocrx_word' id='word_1_181' title='bbox 1699 2150 1879 2205; x_wconf 86' lang='lat' dir='ltr'><strong>Arrio.</strong></span> 
     </span>
     <span class='ocr_line' id='line_1_27' title="bbox 276 2226 1886 2300; baseline -0.002 -16"><span class='ocrx_word' id='word_1_182' title='bbox 276 2229 469 2294; x_wconf 89' lang='lat' dir='ltr'><strong>Varus,</strong></span> <span class='ocrx_word' id='word_1_183' title='bbox 502 2226 847 2300; x_wconf 86' lang='lat' dir='ltr'><strong>praetorianis</strong></span> <span class='ocrx_word' id='word_1_184' title='bbox 874 2226 1228 2298; x_wconf 88' lang='lat' dir='ltr'><strong>praepositus,</strong></span> <span class='ocrx_word' id='word_1_185' title='bbox 1259 2226 1372 2281; x_wconf 82' lang='lat' dir='ltr'><strong>vim</strong></span> <span class='ocrx_word' id='word_1_186' title='bbox 1402 2232 1562 2296; x_wconf 85' lang='lat' dir='ltr'><strong>atque</strong></span> <span class='ocrx_word' id='word_1_187' title='bbox 1579 2241 1727 2279; x_wconf 86' lang='lat' dir='ltr'><strong>arma</strong></span> <span class='ocrx_word' id='word_1_188' title='bbox 1755 2226 1886 2280; x_wconf 92' lang='lat' dir='ltr'><strong>reti-</strong></span> 
     </span>
     <span class='ocr_line' id='line_1_28' title="bbox 278 2299 1885 2375; baseline -0.001 -18"><span class='ocrx_word' id='word_1_189' title='bbox 278 2305 452 2358; x_wconf 87' lang='lat' dir='ltr'><strong>nebat.</strong></span> <span class='ocrx_word' id='word_1_190' title='bbox 530 2303 672 2357; x_wconf 90' lang='lat' dir='ltr'><strong>Eum</strong></span> <span class='ocrx_word' id='word_1_191' title='bbox 712 2303 994 2358; x_wconf 85' lang='lat' dir='ltr'><strong>Mucianus</strong></span> <span class='ocrx_word' id='word_1_192' title='bbox 1033 2301 1256 2375; x_wconf 89' lang='lat' dir='ltr'><strong>pulsum</strong></span> <span class='ocrx_word' id='word_1_193' title='bbox 1287 2300 1419 2366; x_wconf 87' lang='lat' dir='ltr'><strong>loco,</strong></span> <span class='ocrx_word' id='word_1_194' title='bbox 1461 2317 1530 2355; x_wconf 84' lang='lat' dir='ltr'><strong>ne</strong></span> <span class='ocrx_word' id='word_1_195' title='bbox 1555 2299 1674 2354; x_wconf 89' lang='lat' dir='ltr'><strong>sine</strong></span> <span class='ocrx_word' id='word_1_196' title='bbox 1693 2300 1885 2356; x_wconf 88' lang='lat' dir='ltr'><strong>solatio</strong></span> 
     </span>
     <span class='ocr_line' id='line_1_29' title="bbox 276 2375 1880 2449; baseline -0.001 -19"><span class='ocrx_word' id='word_1_197' title='bbox 276 2385 469 2449; x_wconf 84' lang='lat' dir='ltr'><strong>ageret,</strong></span> <span class='ocrx_word' id='word_1_198' title='bbox 504 2393 743 2431; x_wconf 84' lang='lat' dir='ltr'><strong>annonae</strong></span> <span class='ocrx_word' id='word_1_199' title='bbox 760 2377 1029 2448; x_wconf 88' lang='lat' dir='ltr'><strong>praefecit.</strong></span> <span class='ocrx_word' id='word_1_200' title='bbox 1109 2378 1285 2449; x_wconf 90' lang='lat' dir='ltr'><strong>thue</strong></span> <span class='ocrx_word' id='word_1_201' title='bbox 1301 2375 1587 2430; x_wconf 88' lang='lat' dir='ltr'><strong>Domitiani</strong></span> <span class='ocrx_word' id='word_1_202' title='bbox 1609 2377 1880 2442; x_wconf 88' lang='lat' dir='ltr'><strong>animum,</strong></span> 
     </span>
     <span class='ocr_line' id='line_1_30' title="bbox 274 2449 1879 2516; baseline 0.001 -12"><span class='ocrx_word' id='word_1_203' title='bbox 274 2451 413 2506; x_wconf 84' lang='lat' dir='ltr'><strong>Varo</strong></span> <span class='ocrx_word' id='word_1_204' title='bbox 432 2451 577 2504; x_wconf 86' lang='lat' dir='ltr'><strong>haud</strong></span> <span class='ocrx_word' id='word_1_205' title='bbox 605 2450 862 2516; x_wconf 85' lang='lat' dir='ltr'><strong>alienum,</strong></span> <span class='ocrx_word' id='word_1_206' title='bbox 896 2451 1169 2515; x_wconf 88' lang='lat' dir='ltr'><strong>deleniret,</strong></span> <span class='ocrx_word' id='word_1_207' title='bbox 1193 2452 1500 2507; x_wconf 85' lang='lat' dir='ltr'><strong>Arretinum</strong></span> <span class='ocrx_word' id='word_1_208' title='bbox 1523 2449 1879 2515; x_wconf 84' lang='lat' dir='ltr'><strong>Clementem,</strong></span> 
     </span>
     <span class='ocr_line' id='line_1_31' title="bbox 274 2525 1882 2598; baseline 0.002 -22"><span class='ocrx_word' id='word_1_209' title='bbox 274 2525 457 2578; x_wconf 89' lang='lat' dir='ltr'><strong>domui</strong></span> <span class='ocrx_word' id='word_1_210' title='bbox 476 2525 790 2595; x_wconf 86' lang='lat' dir='ltr'><strong>Vespasiani</strong></span> <span class='ocrx_word' id='word_1_211' title='bbox 818 2543 913 2596; x_wconf 84' lang='lat' dir='ltr'><strong>per</strong></span> <span class='ocrx_word' id='word_1_212' title='bbox 942 2525 1264 2580; x_wconf 78' lang='lat' dir='ltr'><strong>adfinitatem</strong></span> <span class='ocrx_word' id='word_1_213' title='bbox 1287 2527 1545 2580; x_wconf 79' lang='lat' dir='ltr'><strong>innexum</strong></span> <span class='ocrx_word' id='word_1_214' title='bbox 1568 2532 1619 2579; x_wconf 90' lang='lat' dir='ltr'><strong>et</strong></span> <span class='ocrx_word' id='word_1_215' title='bbox 1632 2526 1882 2598; x_wconf 86' lang='lat' dir='ltr'><strong>gratissi-</strong></span> 
     </span>
     <span class='ocr_line' id='line_1_32' title="bbox 275 2599 1884 2671; baseline 0.002 -22"><span class='ocrx_word' id='word_1_216' title='bbox 275 2614 426 2650; x_wconf 90' lang='lat' dir='ltr'><strong>mum</strong></span> <span class='ocrx_word' id='word_1_217' title='bbox 455 2599 771 2664; x_wconf 90' lang='lat' dir='ltr'><strong>Domitiano,</strong></span> <span class='ocrx_word' id='word_1_218' title='bbox 805 2601 1149 2671; x_wconf 86' lang='lat' dir='ltr'><strong>praetorianis</strong></span> <span class='ocrx_word' id='word_1_219' title='bbox 1178 2600 1501 2670; x_wconf 85' lang='lat' dir='ltr'><strong>praeposuit,</strong></span> <span class='ocrx_word' id='word_1_220' title='bbox 1529 2609 1738 2669; x_wconf 79' lang='lat' dir='ltr'><strong>patrem</strong></span> <span class='ocrx_word' id='word_1_221' title='bbox 1767 2605 1884 2654; x_wconf 71' lang='lat' dir='ltr'><strong>cius</strong></span> 
     </span>
     <span class='ocr_line' id='line_1_33' title="bbox 272 2670 1877 2743; baseline 0.006 -24"><span class='ocrx_word' id='word_1_222' title='bbox 272 2673 367 2720; x_wconf 82' lang='lat' dir='ltr'><strong>sub</strong></span> <span class='ocrx_word' id='word_1_223' title='bbox 410 2670 537 2724; x_wconf 84' lang='lat' dir='ltr'><strong>Gaio</strong></span> <span class='ocrx_word' id='word_1_224' title='bbox 562 2673 785 2728; x_wconf 76' lang='lat' dir='ltr'><strong>Caesare</strong></span> <span class='ocrx_word' id='word_1_225' title='bbox 822 2679 1020 2743; x_wconf 75' lang='lat' dir='ltr'><strong>eqreqie</strong></span> <span class='ocrx_word' id='word_1_226' title='bbox 1056 2678 1292 2743; x_wconf 72' lang='lat' dir='ltr'><strong>sunctum</strong></span> <span class='ocrx_word' id='word_1_227' title='bbox 1319 2692 1382 2728; x_wconf 83' lang='lat' dir='ltr'><strong>ea</strong></span> <span class='ocrx_word' id='word_1_228' title='bbox 1408 2691 1554 2737; x_wconf 81' lang='lat' dir='ltr'><strong>cura,</strong></span> <span class='ocrx_word' id='word_1_229' title='bbox 1593 2674 1877 2728; x_wconf 87' lang='lat' dir='ltr'><strong>dictitans:</strong></span> 
     </span>
     <span class='ocr_line' id='line_1_34' title="bbox 276 2744 1880 2817; baseline 0.006 -25"><span class='ocrx_word' id='word_1_230' title='bbox 276 2744 465 2794; x_wconf 78' lang='lat' dir='ltr'><strong>lactum</strong></span> <span class='ocrx_word' id='word_1_231' title='bbox 492 2747 742 2801; x_wconf 66' lang='lat' dir='ltr'><strong>militibus</strong></span> <span class='ocrx_word' id='word_1_232' title='bbox 768 2752 903 2802; x_wconf 77' lang='lat' dir='ltr'><strong>idem</strong></span> <span class='ocrx_word' id='word_1_233' title='bbox 921 2765 1119 2811; x_wconf 77' lang='lat' dir='ltr'><strong>nomen,</strong></span> <span class='ocrx_word' id='word_1_234' title='bbox 1160 2757 1316 2817; x_wconf 78' lang='lat' dir='ltr'><strong>atquc</strong></span> <span class='ocrx_word' id='word_1_235' title='bbox 1333 2752 1518 2816; x_wconf 73' lang='lat' dir='ltr'><strong>ipsum,</strong></span> <span class='ocrx_word' id='word_1_236' title='bbox 1559 2765 1880 2817; x_wconf 78' lang='lat' dir='ltr'><strong>quamquam</strong></span> 
     </span>
    </p>
   </div>
   <div class='ocr_carea' id='block_1_3' title="bbox 2068 1204 2077 3003">
    <p class='ocr_par' dir='ltr' id='par_1_5' title="bbox 2068 1204 2077 3003">
     <span class='ocr_line' id='line_1_35' title="bbox 2068 1204 2077 3003; baseline 0 0"><span class='ocrx_word' id='word_1_237' title='bbox 2068 1204 2077 3003; x_wconf 95' lang='lat' dir='ltr'><strong> </strong></span> 
     </span>
    </p>
   </div>
  </div>
 </body>
</html>
