2081 3038
180 267 229 302 a.
256 265 307 304 c.
332 245 427 319 14.)
604 255 758 300 nra.
802 255 839 299 1.
882 255 1068 300 cAP.
1112 254 1356 300 ³2—34.
1719 251 1785 306 23

180 364 343 412 retur.
388 355 609 411 Cassius
630 354 881 420 Chaerea,
906 373 1031 412 mox
1051 355 1212 410 caede
1229 355 1290 410 C.
1321 356 1562 412 Caesaris
1584 373 1786 412 memo-

181 433 317 486 riam
346 430 493 503 apud
520 439 756 502 posteros
786 431 1037 502 adeptus,
1067 439 1185 486 tum
1213 431 1525 486 adulescens
1545 439 1598 486 et
1615 432 1782 488 animi

182 507 357 572 ferox,
398 507 537 561 inter
564 503 833 561 obstantes
860 513 913 560 et
938 511 1170 562 armatos
1199 504 1336 561 ferro
1355 507 1500 562 viam
1517 506 1781 578 patefecit.

182 583 297 637 Non
320 581 575 636 tribunus
594 580 760 646 ultra,
804 598 910 638 non
942 588 1239 636 castrorum
1267 580 1562 652 praefectus
1579 582 1670 636 ius
1687 581 1785 637 ob-
1863 600 1868 606 ·

182 657 369 711 tinuit:
416 655 631 730 vigilias
646 697 658 721 ,
682 656 933 712 stationes
947 697 961 721 ,
984 656 1104 710 etsi
1124 671 1234 726 qua
1255 654 1358 709 alia
1378 673 1628 726 praesens
1647 673 1784 713 usus

180 731 472 795 indixerat,
504 731 608 802 ipsi
628 730 1010 803 partiebantur.
1090 729 1172 796 Id,
1195 730 1452 784 militares
1471 731 1678 786 animos
1697 735 1781 789 al·—

182 809 289 860 tius
311 807 745 870 coniectantibus,
766 807 1121 877 praecipuum
1139 804 1404 860 indicium
1423 808 1604 880 magni
1621 813 1784 878 atque

182 880 537 953 impiacabilis
558 881 912 953 motus,quod
932 897 1112 954 neque
1129 880 1470 946 disiecti,nec
1489 897 1782 954 paucorum

182 958 437 1012 instinctu
451 997 464 1021 ,
514 956 609 1012 sed
644 957 843 1028 pariter
887 955 1246 1020 ardescerent,
1294 957 1488 1026 pariter
1533 955 1777 1024 silerent;

183 1039 319 1087 tanta
341 1031 657 1103 aequalitate
676 1039 729 1086 et
748 1033 1060 1096 constantia,
1083 1039 1145 1086 ut
1161 1031 1275 1104 regi
1295 1030 1554 1086 crederes,
1844 1049 1856 1058 ·

292 1111 379 1161 33.
422 1107 621 1161 Interea
646 1106 993 1171 Germanico,
1028 1124 1124 1178 per
1153 1105 1382 1171 Gallias,
1423 1114 1484 1160 ut
1513 1106 1776 1171 diximus,

180 1200 375 1238 census
423 1182 731 1253 accipienti,
782 1181 1077 1236 excessisse
1126 1181 1433 1254 Augustum
1449 1221 1464 1246 ,
1523 1180 1772 1236 adfertur.

184 1259 405 1329 Neptem
428 1257 547 1312 eius
562 1298 575 1321 ,
598 1255 949 1329 Agrippinam
966 1297 979 1320 ,
1010 1256 1069 1310 in
1091 1256 1454 1320 matrimonio,
1487 1255 1780 1328 pluresque

182 1351 247 1387 ex
266 1350 325 1387 ea
346 1331 541 1388 liberos
562 1331 807 1386 habebat.
885 1331 1005 1402 Ipse
1022 1331 1196 1386 Druso
1210 1371 1222 1395 ‚
1247 1329 1404 1385 fratre
1422 1331 1618 1386 Tiberii
1635 1373 1648 1397 ,
1683 1349 1780 1405 ge-

184 1409 345 1472 nitus,
366 1405 640 1480 Augustae
660 1423 851 1478 nepos:
876 1405 971 1462 sed
990 1406 1186 1461 anxius
1209 1404 1428 1462 occultis
1447 1406 1505 1460 in
1525 1423 1586 1462 se
1602 1408 1776 1477 patrui

184 1483 438 1555 aviaeque
456 1481 612 1547 odiis,
634 1498 868 1555 quorum
888 1498 1110 1538 caussae
1133 1480 1518 1553 acrioreS,quia
1535 1481 1772 1553 iniquae.

182 1558 392 1629 Quippe
418 1558 579 1613 Drusi
608 1574 801 1631 magna
830 1557 975 1629 apud
1016 1556 1278 1629 populum
1307 1556 1458 1611 Rom.
1499 1557 1774 1621 memoria,

180 1632 616 1704 credebaturque,
636 1633 684 1687 si
702 1648 883 1687 renim
901 1633 1102 1704 potitus
1120 1630 1268 1695 foret,
1291 1630 1582 1685 libertatem
1604 1630 1777 1684 reddi-

180 1719 364 1763 turus:
406 1706 551 1763 unde
586 1707 645 1763 in
682 1708 1065 1763 Germanicum
1103 1705 1276 1770 favor,
1318 1712 1371 1760 et
1405 1721 1532 1775 spes
1569 1705 1774 1763 eadem.

180 1784 317 1837 Nam
342 1783 529 1838 iuveni
555 1781 715 1837 civile
746 1783 1025 1856 ingenium
1040 1824 1056 1846 ,
1087 1782 1224 1835 mira
1249 1781 1469 1837 comitas
1497 1788 1548 1837 et
1565 1780 1774 1837 diversa

180 1877 207 1911 a
249 1858 449 1915 Tiberii
486 1874 755 1921 sermone,
796 1856 950 1913 vultu
964 1899 979 1920 ,
1020 1854 1398 1929 adrogantibus
1425 1864 1477 1911 et
1509 1854 1772 1913 obscuris.

180 1932 511 1989 Accedebant
528 1932 814 1988 muliebres
832 1932 1148 1987 offensiones
1163 1972 1178 1995 ,
1208 1930 1576 1987 novercalibus
1592 1932 1776 1987 Liviae

184 2010 235 2063 in
258 2006 609 2083 Agrippinam
640 2006 907 2075 stimulis3
948 2016 1110 2079 etque
1136 2008 1254 2077 ipsa
1273 2006 1568 2078 Agrippina
1597 2005 1777 2076 paullo

180 2084 517 2148 mmmotior,
553 2083 660 2138 nisi
686 2081 833 2153 quod
860 2090 1094 2137 castitate
1115 2090 1166 2137 et
1190 2081 1368 2135 mariti
1387 2096 1568 2135 amore
1583 2098 1776 2152 quam-

184 2159 265 2214 vis
282 2157 607 2215 indomitum
624 2157 867 2213 animum
892 2158 947 2211 in
969 2157 1172 2212 bonum
1191 2154 1445 2211 vertebat.

292 2236 377 2289 34.
418 2232 522 2288 Sed
542 2232 913 2295 Germanicus„
925 2240 1124 2303 quanto
1143 2232 1388 2289 summae
1407 2230 1522 2301 spei
1541 2230 1772 2301 propior,

182 2316 321 2363 tanto
338 2309 640 2381 impensius
657 2324 755 2378 pro
780 2306 991 2362 Tiberio
1008 2306 1126 2361 niti.
1206 2305 1478 2378 Sequanos
1503 2306 1774 2377 proximos

180 2392 231 2437 et
257 2380 539 2457 Belgarum
566 2382 807 2437 civitates
836 2383 895 2437 in
935 2382 1096 2437 verba
1133 2382 1251 2437 eius
1290 2380 1474 2453 adigit.
1551 2378 1772 2443 Dehinc,

180 2457 359 2515 audito
378 2457 649 2532 legionum
676 2456 931 2521 tumultu,
956 2458 1148 2528 raptim
1169 2454 1454 2527 profectae,
1473 2454 1662 2509 obvias
1683 2472 1777 2510 ex-

182 2539 257 2587 tra
278 2541 446 2589 castra
466 2531 655 2587 habuit
669 2572 682 2597 ,
712 2532 929 2588 deiectis
948 2532 1007 2587 in
1036 2540 1229 2587 terram
1247 2530 1418 2586 oculis
1433 2571 1446 2596 ,
1477 2528 1625 2585 velut
1650 2546 1777 2600 poe-

184 2607 419 2663 nitentia.
496 2606 783 2680 Postquam
804 2605 1005 2663 vallum
1024 2606 1171 2671 iniit,
1201 2604 1404 2661 dissoni
1434 2612 1658 2677 questus
1679 2622 1776 2659 au-

180 2682 285 2739 diri
302 2699 547 2755 coepere:
589 2690 641 2739 et
666 2680 889 2757 quidam
905 2722 917 2746 ,
946 2698 1140 2752 prensa
1162 2696 1328 2735 manu
1353 2681 1471 2736 eius
1483 2708 1500 2744 v,
1531 2697 1625 2751 per
1653 2696 1777 2749 spe-

184 2757 317 2816 dem
334 2756 679 2817 exosculandi
694 2799 707 2825 ,
738 2758 1080 2815 inseruerunt
1095 2754 1290 2828 digitos
1303 2795 1317 2820 ,
1340 2762 1399 2811 ut
1421 2772 1584 2813 vacua
1601 2751 1779 2809 denti·
