2081 3038
269 233 368 289 296
681 238 738 285 ο.
779 238 1164 285 connum
1202 236 1477 285 TAct‘rl
1608 228 1883 305 (aomar.)

267 344 530 397 rer-entur.
610 340 896 396 Proximus
923 338 1042 395 dies
1070 337 1260 397 faciem
1288 340 1541 397 victoriae
1570 338 1731 395 latius
1758 356 1883 411 ape-

266 417 396 472 ruit.
452 414 676 471 Vastum
700 416 908 487 ubique
925 415 1223 482 silentium,
1248 416 1442 473 deserti
1464 414 1647 482 cellae,
1669 414 1885 471 fuman-

266 492 339 547 tia
360 491 548 563 procul
568 500 718 556 tecta,
751 508 910 547 nemo
929 491 1355 563 exploratoribus
1372 492 1588 547 obvius.
1670 490 1883 557 Quibus

183 621 194 627 .
266 567 324 623 in
346 584 562 623 omnem
593 576 797 639 partem
819 566 1085 633 dimissis,
1113 568 1210 623 ubi
1230 569 1429 623 incerta
1454 566 1615 642 fugae
1634 568 1879 640 vestigia,

269 660 447 716 neque
463 662 699 716 usquam
719 642 1026 717 conglobari
1046 642 1225 699 hostes
1246 652 1600 715 compertum,
1631 651 1685 697 et
1700 650 1883 697 exacta

267 719 378 775 iam
407 729 603 775 aestate
629 719 811 792 spargi
840 718 1046 774 bellum
1073 720 1357 791 nequibat3
1402 720 1458 773 in
1483 719 1617 774 fines
1638 720 1885 774 Hor-esto-

265 812 392 851 rum
419 796 712 851 exercitum
733 794 966 849 deducit.
1048 794 1129 848 Ibi
1154 796 1383 867 acceptis
1404 794 1709 859 obsidibuS‚
1730 810 1885 864 prae-

268 870 403 933 fecto
431 870 623 927 classis
651 869 986 925 circumvehi
1005 869 1335 925 Britanniam
1357 872 1643 941 praecepit.
1724 870 1885 926 Datae

268 946 336 1001 ad
353 946 408 1001 id
433 948 596 1011 vires,
616 954 668 1001 et
685 954 1044 1017 praecesserat
1063 955 1249 1001 terror.
1330 946 1451 1017 Ipse
1470 946 1703 1017 peditem
1724 953 1885 1016 atque

268 1023 477 1093 equites
499 1022 639 1077 lento
655 1022 864 1085 itinere,
886 1038 997 1093 quo
1021 1037 1287 1076 novarum
1306 1022 1552 1094 gentium
1576 1020 1747 1075 animi
1766 1021 1885 1091 ipsa

269 1099 525 1152 transitus
547 1113 693 1151 mora
713 1104 1055 1161 terrerentur,
1088 1097 1145 1150 in
1166 1095 1409 1150 hibernis
1428 1095 1639 1151 locavit.
1720 1096 1791 1150 Et
1808 1096 1885 1149 si-

268 1171 383 1227 mul
422 1171 610 1225 classis
641 1170 873 1225 secunda
901 1179 1216 1242 tempestate
1242 1188 1305 1226 ac
1333 1170 1474 1225 fama
1503 1170 1885 1225 Trutulensem

265 1255 479 1319 portum
508 1246 697 1310 tenuit,
737 1244 901 1312 unde,
941 1246 1192 1319 proximo
1220 1246 1381 1301 latere
1406 1246 1713 1301 Britanniae
1752 1245 1887 1301 lecto

265 1324 434 1384 omni.
460 1320 702 1377 redierat.
1340 1386 1347 1389 ,

379 1400 462 1453 39.
507 1398 662 1452 Hunc
690 1414 870 1453 rerum
888 1413 1139 1463 cursum,
1167 1414 1504 1469 quamquam
1523 1395 1674 1451 nulla
1693 1397 1887 1452 verbo-

267 1490 389 1530 rum
421 1474 666 1529 iactantia
693 1471 933 1546 epistolis
960 1472 1239 1548 Agricolae
1268 1482 1506 1539 auctum,
1538 1480 1601 1528 ut
1626 1473 1889 1528 Domitia-

269 1569 374 1606 nus
395 1559 523 1613 erat,
548 1549 720 1607 fronte
741 1549 929 1614 laetus»,
953 1557 1165 1621 pectore
1182 1551 1399 1615 anxiuS,
1424 1550 1650 1620 excepit.
1710 1550 1889 1604 Inerat

267 1626 608 1691 conscientia,
650 1625 854 1681 derisui
893 1623 1063 1680 fuisse
1099 1642 1273 1696 nuper
1306 1624 1503 1680 falsum
1534 1641 1563 1679 e
1593 1624 1887 1680 Germania

266 1701 626 1771 triumphum,
667 1702 864 1773 emptis
893 1717 988 1772 per
1017 1701 1358 1766 commercia,
1400 1718 1633 1774 quorum
1666 1700 1887 1756 habitus

267 1785 318 1829 et
337 1776 512 1830 crines
533 1777 590 1830 in
611 1780 944 1848 captivorum
973 1777 1211 1848 speciem
1234 1775 1617 1832 formarentur:
1646 1784 1715 1831 -at
1736 1793 1887 1832 nunc

269 1868 448 1906 veram
489 1869 853 1925 magnamque
891 1852 1198 1917 victoriam,
1242 1859 1315 1906 tot
1358 1851 1601 1907 millibus
1640 1851 1886 1907 hostium

269 1928 457 1992 caesia,
486 1927 687 2000 ingenti
711 1926 848 1982 fama
870 1926 1146 1981 celebrari.
1228 1927 1287 1981 Id
1307 1927 1413 1982 sibi
1438 1925 1676 1982 maxime
1696 1927 1887 1984 sormi-

267 2002 533 2067 dolosum,
553 2004 750 2074 privati
771 2002 1008 2057 hominis
1027 2019 1226 2057 nomen
1244 2019 1409 2074 supra
1430 2004 1694 2074 principis
1714 2001 1887 2058 adtol-

266 2077 333 2132 li:
378 2077 574 2134 frustra
614 2076 790 2132 studia
830 2076 930 2132 l'ori
959 2085 1010 2132 et
1034 2077 1283 2132 civilium
1316 2080 1514 2134 artium
1543 2079 1709 2134 decus
1730 2079 1789 2134 in
1808 2080 1887 2134 si-

267 2152 491 2208 lentium
533 2161 665 2217 acta,
707 2153 756 2207 si
794 2152 1083 2208 militarem
1120 2152 1348 2227 gloriam
1390 2155 1530 2209 alius
1566 2162 1880 2226 occuparet:

266 2237 318 2282 et
355 2237 525 2282 cetera
564 2238 860 2301 utcumque
898 2227 1110 2283 facilius
1146 2228 1511 2285 dissimulari:
1560 2229 1719 2285 ducis
1755 2231 1883 2286 boni

267 2305 660 2372 imperatoriam
683 2304 934 2358 virtutem
953 2321 1092 2360 esse.
1172 2303 1393 2360 Talibus
1420 2306 1566 2361 curis
1589 2307 1881 2370 exercituS‚

265 2377 520 2448 quodque
550 2395 740 2432 saevae
759 2381 1093 2452 cogitationis
1113 2379 1377 2434 indicium
1398 2389 1529 2446 erat,
1560 2390 1766 2437 secreto
1784 2399 1887 2436 suo

264 2452 506 2515 satiatuS,
538 2455 805 2522 optimum
837 2455 892 2508 in
920 2456 1219 2526 praesentia
1248 2457 1450 2519 statuit,
1482 2473 1741 2527 reponere
1765 2458 1888 2512 odi-

264 2541 380 2588 um,
413 2525 580 2579 donec
606 2528 824 2598 inpetus
847 2527 1019 2582 famae
1038 2538 1089 2583 et
1108 2527 1257 2584 favor
1276 2532 1543 2586 exercitus
1564 2531 1887 2606 languesce-

263 2605 358 2650 ret.
439 2599 578 2653 Nam
597 2603 757 2656 etiam
779 2610 894 2657 tum
916 2603 958 2658 Α
1029 2602 1163 2658 icola
1181 2605 1511 2659 Britanniam
1532 2606 1827 2662 obtinebat.

371 2674 456 2724 40.
499 2673 669 2744 Igitur
701 2677 975 2748 triumpha
999 2679 1049 2732 ia
1070 2679 1389 2733 'ornamenta
1418 2687 1471 2734 et
1498 2679 1750 2736 inlustris
1774 2691 1887 2737 sta-

259 2748 382 2795 tuae
411 2743 665 2804 honorem
697 2757 748 2801 et
771 2751 1045 2822 quidquid
1064 2749 1459 2826 pro⁸triumpho
1480 2753 1669 2823 datur.
1709 2756 1887 2812 multo
