2081 3038
191 218 420 293 1.c.17.)
603 230 762 273 me.
803 229 865 273 11.
907 230 1090 274 CAP.
1134 230 1383 277 nav-50.
1722 226 1790 280 ’79

189 326 410 393 tributis,
427 327 685 402 mittique
705 345 776 384 ex
795 336 986 385 senatu
1005 329 1223 401 placuit,
1236 332 1332 403 qui
1352 334 1646 403 praesentia
1669 352 1793 405 spe-

187 410 336 459 otsret
357 402 751 477 rebveretque.
786 403 1032 459 Deleetus
1052 411 1133 459 est
1147 405 1221 461 M.
1245 406 1429 461 Aletus
1448 424 1479 461 e
1491 410 1789 478 praetoriis,

186 497 264 545 ne,
285 476 564 534 consulari
583 478 860 535 obtinente
876 480 1082 545 Asiam,
1106 480 1391 537 aemulatio
1405 482 1543 536 inter
1562 498 1717 555 pares
1743 492 1796 540 et

185 572 248 609 ex
263 572 326 611 eo
343 554 807 625 impedimentum
823 555 1073 611 oriretur.

286 631 374 684 48.
415 628 765 703 Magnificam
825 630 886 685 in
930 629 1215 703 publicum
1265 627 1599 703 largitionem
1645 634 1797 688 auxit

183 705 372 760 Caesar
396 703 552 759 haud
571 705 758 761 minus
773 712 924 779 grata
943 702 1273 770 liberalitate,
1292 704 1440 778 quod
1459 706 1597 761 bona
1616 705 1797 761 Aemi—

181 779 279 835 liae
305 780 524 843 Musae,
555 778 839 851 locupletis
867 779 1161 845 intestatae,
1192 780 1355 852 petita
1379 781 1439 836 in
1460 780 1672 846 liscum,
1695 781 1799 836 Ae·-

180 854 328 910 milio
347 853 577 925 Lepido,
600 856 760 909 cuius
779 871 810 908 e
828 853 1295 919 demovidebatur,
1318 862 1371 909 et
1389 854 1591 909 Patulei
1613 851 1822 912 divitis-

177 930 380 1002 equitis
407 930 642 984 Romani
672 929 1039 995 hereditatem,
1062 946 1397 1001 quamquam
1422 932 1541 1002 ipse
1565 930 1721 986 heres
1739 932 1797 985 in

179 1012 324 1075 parte
355 1004 648 1078 legeretur,
689 1003 909 1060 tradidit
931 1004 1006 1060 M.
1037 1003 1283 1070 Servilio,
1306 1020 1472 1077 quem
1499 1005 1793 1078 prioribus,

177 1097 358 1153 neque
383 1079 680 1151 suspectis,
709 1078 908 1135 tabulis
927 1078 1191 1151 seriptum
1212 1089 1563 1151 compererat3
1604 1086 1797 1137 nobili-

179 1165 336 1211 tatem
361 1160 647 1225 utriusque
658 1158 886 1223 pecunia
913 1158 1214 1220 iuvandam,
1240 1154 1527 1226 praefatus.
1606 1157 1797 1229 Neque

177 1230 532 1285 hereditatem
553 1230 882 1301 cuiusquam
902 1229 1051 1294 adiit,
1080 1228 1188 1285 nisi
1208 1247 1333 1285 cum
1361 1231 1592 1286 amicitia
1613 1248 1798 1287 meru-

177 1307 338 1361 isset:
381 1307 598 1378 ignotos
627 1310 680 1359 et
705 1304 832 1359 aliis
857 1303 1117 1370 infensos,
1144 1321 1316 1377 eoque
1334 1306 1631 1378 principem
1654 1324 1798 1361 nun—-

179 1388 464 1453 eupantes,
487 1378 675 1452 procul
693 1378 925 1437 arcebat.
973 1378 1241 1446 Ceterum,
1264 1387 1326 1435 ut
1342 1380 1621 1435 honestam
1639 1380 1799 1437 inno-

181 1456 424 1511 centium
445 1461 816 1527 paupertatem
837 1453 1053 1519 levavit,
1070 1454 1143 1509 ita
1162 1454 1414 1529 prodigos
1433 1462 1486 1509 et
1510 1456 1581 1511 ob
1598 1454 1797 1530 flagitia

181 1538 421 1606 egentes,
446 1528 728 1586 Vibidium
747 1529 1061 1596 Varronem,
1083 1530 1316 1586 Marium
1336 1531 1612 1601 Nepotem,
1631 1529 1801 1601 Appi-

183 1625 280 1662 um
296 1606 635 1678 Appianum,
659 1603 968 1660 Cornelium
987 1604 1214 1670 Sullam,
1246 1603 1312 1671 Q.
1335 1603 1611 1661 Vitellium
1630 1606 1799 1660 movit

184 1689 396 1747 senatu,
427 1689 521 1736 aut
540 1689 730 1752 sponte
748 1679 936 1735 cedere
951 1697 1149 1753 passus
1168 1687 1267 1735 est.

293 1759 381 1812 49.
427 1755 626 1810 lisdem
653 1755 986 1827 temporibus
1018 1756 1182 1811 deum
1210 1755 1386 1822 aedes,
1420 1761 1679 1811 vetustate
1704 1764 1797 1812 aut

186 1830 592 1979 RQ&
609 1826 1797 1979 ffissffisszfflffiffiffiffiffl

187 1983 502 2037 Postumius
529 1981 752 2036 dictator
783 1989 1023 2036 voverat:
1076 1980 1369 2053 eodemque
1395 1982 1453 2035 in
1480 1979 1592 2036 loeo
1610 1981 1795 2036 aedem

189 2057 394 2123 Florae,
426 2057 498 2110 ab
525 2055 694 2112 Lueio
719 2062 772 2112 et
795 2055 972 2112 Marco
990 2054 1268 2128 Publiciis,
1291 2055 1797 2121 aedilibus,·oonsti-

189 2140 388 2188 tutam:
431 2139 488 2187 et
513 2129 949 2203 lano-templum,
981 2131 1126 2202 quod
1150 2129 1295 2201 apud
1324 2130 1497 2186 forum
1524 2132 1793 2188 olitorium

188 2208 248 2262 C.
277 2205 522 2262 Duillius
549 2212 834 2271 struxerat,
868 2206 965 2277 qui
991 2207 1203 2276 primus
1230 2223 1344 2260 rem
1365 2207 1657 2261 Romanam
1674 2223 1798 2276 pro-

187 2299 345 2354 spere
371 2281 512 2336 mari
540 2281 736 2354 gessit,
769 2280 1217 2352 triumphumque
1242 2281 1486 2336 navalem
1512 2280 1581 2334 de
1607 2280 1797 2334 Poenis

187 2357 408 2412 meruit.
479 2355 608 2427 Spei
631 2355 790 2411 aedes
810 2373 843 2410 a
863 2355 1181 2411 Germanico
1198 2363 1461 2411 sacratur:
1503 2355 1645 2409 hane
1660 2351 1799 2414 Atti-

191 2431 296 2488 lius
319 2438 540 2487 voverat
555 2430 741 2486 eodem
759 2428 924 2486 bello·

297 2510 386 2562 50.
430 2505 780 2562 Adolescebat
797 2505 998 2560 interes
1016 2504 1107 2560 lex
1123 2504 1435 2561 maiestatis.
1513 2502 1582 2554 Bt
1602 2500 1803 2570 Apule-

191 2583 300 2637 iam
313 2581 600 2645 Variliam,
631 2580 830 2636 sororis
854 2580 1089 2654 Augusti
1118 2584 1353 2649 neptem,
1386 2575 1515 2646 quia
1534 2575 1803 2644 probrosis

197 2656 542 2712 sermonibus
567 2655 626 2712 d.
648 2653 958 2730 Augustum
985 2671 1051 2708 ae
1068 2653 1347 2707 Tiberium
1376 2655 1428 2703 et
1446 2656 1668 2702 matrem
1686 2648 1805 2701 eius

197 2729 496 2797 inlusisset,
507 2729 834 2804 Caesarique
851 2745 1095 2786 eonnexa
1113 2724 1372 2781 adulterio
1388 2729 1673 2785 teneretur,
1692 2733 1808 2774 ma·-
