2081 3038
317 219 412 271 ⁴⁴2
795 220 1439 269 nis-ronmnuu
1527 280 1535 287 ‚
1642 210 1915 285 (mmmm

311 322 594 386 disseruit,
624 324 981 394 praetorianos
1013 340 1185 393 nuper
1212 328 1573 377 exauctoratos
1602 322 1913 388 insectatus,

309 417 345 452 a
373 401 560 466 quibus
587 402 748 466 salsos
775 398 1281 465 rumoreffldisperai,
1309 414 1401 451 nec
1420 400 1585 451 uuum
1606 401 1777 451 civilis
1796 400 1917 451 beni

310 482 514 535 metum,
545 472 906 535 adseverabat,
937 488 1228 543 suppresso
1255 472 1567 541 Vespasiani
1601 473 1835 534 nominc,
1863 478 1917 525 et

313 548 462 618 vagis
493 564 587 618 per
613 547 804 603 urbem
835 546 1118 609 militibus,
1144 546 1240 616 qui
1270 562 1543 599 sermones
1562 542 1746 615 populi
1767 562 1915 599 coer-

311 631 506 677 cerent.
542 669 550 675 „
586 622 646 675 ld
664 622 1012 693 praecipuum
1031 620 1342 675 alimentum
1372 618 1545 675 famae
1562 626 1689 674 erat.

422 740 507 793 97.
550 736 765 792 Auxilia
796 745 970 791 tamen
992 754 1020 791 e
1048 736 1329 792 Germania
1352 732 1727 808 Britanniaque
1748 742 1800 791 et
1816 736 1917 791 Hi·-
1950 778 1953 781 .

311 814 517 884 spaniis
539 814 753 877 excivit,
784 812 1033 885 segniter,
1065 821 1115 866 et
1146 812 1507 865 necessitatem
1536 806 1911 867 dissimulans.

314 888 536 942 Perinde
559 887 712 960 legati
733 887 1144 958 provinciaeque
1170 886 1579 940 cunctabantur:
1622 880 1919 959 Hordeoni-

313 981 378 1017 us
400 960 640 1026 FlaccuS,
674 962 937 1031 suspectis
956 961 1063 1015 iam
1086 960 1315 1024 BataviS,
1338 962 1533 1015 anxius
1563 960 1776 1031 proprio
1797 960 1917 1015 bel-

315 1036 391 1105 lo;
433 1036 648 1092 Vectius
676 1034 926 1100 Bolanus,
959 1050 1237 1107 nunquam
1260 1036 1388 1089 satis
1408 1036 1587 1107 quieta
1607 1034 1912 1092 Britannia:

312 1121 362 1165 et
392 1120 615 1180 uterque
645 1110 903 1181 ambigui.
985 1111 1171 1181 Neque
1198 1126 1265 1164 ex
1289 1110 1561 1181 Hispaniis
1595 1110 1917 1181 properaba-

312 1194 417 1253 tur,
442 1183 590 1239 nullo
621 1192 734 1239 tum
753 1185 827 1239 ibi
851 1183 1137 1239 consulari.
1216 1184 1403 1239 Trium
1432 1184 1699 1259 legionum
1728 1183 1913 1257 legati,

309 1277 465 1332 pares
495 1257 612 1313 iure
641 1268 708 1323 et,
741 1260 1011 1331 prosperis
1033 1254 1229 1313 Vitellii
1260 1257 1439 1324 rebus,
1464 1259 1708 1313 certaturi
1730 1260 1797 1314 ad
1816 1260 1917 1315 ob—

311 1336 584 1407 sequium,
614 1333 892 1389 adversam
927 1335 1045 1389 eius
1074 1330 1337 1389 fortunam
1366 1351 1435 1389 ex
1462 1347 1633 1406 aequo
1657 1333 1918 1389 detrecta-

310 1410 456 1465 bant.
538 1411 596 1463 In
626 1408 800 1465 Africa
832 1408 969 1483 legio
1002 1409 1367 1481 cohortesque,
1400 1408 1629 1463 delectae
1664 1421 1695 1463 a
1726 1408 1917 1465 Clodio

309 1486 505 1551 Macro,
529 1502 656 1542 mox
674 1502 701 1539 a
726 1484 890 1541 Galba
913 1484 1187 1549 dimissae,
1210 1494 1400 1539 rursus
1418 1485 1572 1538 iussu
1586 1478 1787 1540 Vitellii
1810 1486 1918 1541 mi-

312 1559 480 1616 litiam
519 1577 720 1632 cepere.
801 1558 972 1614 Simul
1013 1569 1181 1614 cetera
1218 1554 1471 1614 iuventus
1507 1559 1665 1614 dabat
1698 1559 1916 1635 inpigre

310 1637 547 1690 nomina.
627 1634 838 1706 Quippe
876 1638 1146 1706 integrum
1186 1630 1299 1688 illic
1326 1649 1387 1688 ac
1418 1633 1758 1689 favorabilem
1789 1651 1917 1708 pro-
1944 1676 1953 1686 .

309 1707 646 1764 consulatum
674 1709 938 1773 Vitellius,
970 1704 1232 1763 famosum
1262 1709 1612 1780 invisumque
1630 1709 1917 1781 Vespasia-

311 1802 417 1839 nus
437 1793 638 1856 egerat:
681 1784 900 1855 proinde
925 1783 1055 1838 socii
1086 1779 1152 1836 de
1181 1781 1405 1855 imperio
1430 1785 1716 1858 utriusque
1734 1787 1917 1840 conie-

309 1858 546 1928 ctabant3
589 1858 682 1914 sed
702 1859 1129 1930 experimentum
1150 1865 1329 1912 contra
1350 1855 1485 1932 fuit.-

421 1973 506 2024 98.
548 1970 625 2023 Αο
651 1968 826 2040 primo
852 1965 1099 2022 Valerius
1127 1967 1319 2022 Festus
1348 1966 1552 2040 legatus
1583 1965 1761 2024 studia
1792 1986 1919 2040 pro-

313 2044 624 2098 vincialium
643 2060 768 2096 cum
789 2042 893 2096 fide
910 2043 1077 2098 iuvit:
1114 2059 1240 2098 mox
1260 2043 1495 2108 nutabat,
1518 2041 1695 2114 palam
1716 2044 1918 2113 episto-

311 2119 378 2173 lis
399 2119 691 2190 edictisque
717 2116 1014 2180 Vitellium,
1046 2113 1268 2172 occultis
1298 2118 1503 2172 nuntiis
1523 2118 1915 2188 Vespasianum

311 2193 516 2257 fovens,
549 2202 600 2246 et
628 2192 758 2246 haec
785 2191 946 2246 illave
973 2191 1313 2256 defensurus,
1351 2201 1509 2263 prout
1536 2190 1913 2248 invaluissent.

313 2267 638 2338 Deprehensi
655 2283 780 2322 cum
804 2266 991 2321 litteris
1001 2266 1297 2337 edictisque
1305 2267 1618 2338 Vespasiani
1638 2283 1733 2336 per
1742 2267 1919 2322 Rhae-

311 2345 436 2397 tiam
459 2341 720 2396 etGallias
736 2341 976 2396 'militum
995 2350 1050 2396 et
1068 2342 1441 2396 centurionum
1462 2341 1706 2412 quidam,
1732 2341 1801 2396 ad
1823 2342 1920 2396 vi-

311 2416 517 2470 tellium
541 2417 693 2470 missi
715 2426 995 2471 necantur:
1013 2415 1195 2486 plures
1216 2415 1464 2480 fefellere,
1482 2415 1915 2479 fideamioerum,

309 2499 402 2546 aut
430 2499 640 2545 suomet
663 2499 780 2544 astu
809 2489 1075 2546 occultati.
1154 2492 1228 2544 Ita
1258 2491 1457 2546 Vitellii
1488 2499 1704 2561 paratus
1730 2508 1921 2546 nosce-

309 2563 522 2629 bantur,
552 2566 867 2635 Vespasiani
894 2565 1242 2620 consiliorum
1269 2565 1525 2636 pleraque
1549 2566 1760 2636 ignota:
1806 2566 1920 2636 pri-

311 2655 463 2691 mum
485 2638 720 2694 socordia
733 2639 954 2706 Vitellii;
993 2638 1186 2694 deinde
1206 2640 1535 2694 Pannonicae
1552 2638 1739 2710 AlpeS,
1764 2657 1919 2710 prae-

311 2711 466 2764 sidiis
486 2714 742 2776 insessae,
767 2715 980 2768 nuntios
999 2713 1313 2768 retinebant.
1390 2715 1775 2784 Mare.quoque
1792 2715 1917 2769 Ete-
