2081 3038
231 226 279 265 A.
304 226 353 264 c.
379 206 475 280 το.)
681 216 833 259 mn.
875 215 981 259 111.
1024 214 1199 259 GAP.
1242 214 1288 257 1.
1331 215 1374 257 2.
1691 190 1830 257 'i't7

228 316 376 372 Italia
419 315 747 373 constantius
788 314 936 369 foret.
1016 312 1230 380 Quibus
1271 312 1502 384 opperiri
1541 310 1740 367 auxilia
1779 320 1832 365 et

229 392 434 446 trahere
454 390 655 445 bellum
678 390 975 454 videbatur,
1000 390 1432 444 Germanicarum
1453 392 1705 456 legionum
1725 393 1830 441 vim

227 473 522 535 famamque
557 464 895 528 extollebant,
939 473 986 519 et
1022 470 1292 519 advenisse
1327 480 1452 516 mox
1477 480 1592 515 cum
1631 464 1829 515 Vitellio

231 542 528 594 Britannici
544 546 807 595 exercitus
832 542 1054 594 robora:
1093 544 1224 607 ipsis
1247 556 1340 591 nec
1358 554 1626 591 numerum
1646 555 1830 605 parem

222 618 498 683 pulsarum
525 632 691 683 nuper
722 619 1005 684 leqionum;
1045 623 1110 676 et,
1144 630 1456 681 quamquam
1480 616 1730 665 atrociter
1751 615 1830 664 lo-

226 700 523 759 querentur,
545 696 790 743 minorem
817 707 923 743 esse
940 693 1083 757 apud
1101 694 1261 742 victos
1279 693 1526 742 animum.
1602 686 1716 747 Sed,
1745 691 1829 739 in-

226 770 381 819 sessis
417 770 625 818 interim
662 767 891 832 Alpibus,
933 774 1208 817 venturum
1245 781 1362 816 cum
1401 766 1564 829 copiis
1599 760 1828 815 Orientis

226 840 539 895 Mucianum
605 839 879 907 Superesse
908 838 1220 906 Vespasiano
1237 855 1398 899 mare,
1422 840 1630 896 classes,
1652 838 1832 889 studia

222 918 632 983 provinciarum,
649 932 747 983 per
767 930 899 983 quas
916 917 1054 967 velut
1074 916 1294 967 alterius
1315 915 1436 967 belli
1453 914 1634 965 molem
1655 914 1826 965 cieret.

226 990 311 1043 Ita
326 991 532 1045 salubri
558 1007 706 1043 mora
734 1006 896 1046 novas
915 993 1053 1043 vires
1074 994 1270 1059 adsere,
1298 998 1346 1041 et
1361 988 1724 1057 praesentibus
1744 988 1828 1038 ni-

226 1068 301 1117 hit
312 1069 623 1133 periturum.

334 1142 387 1195 2.
428 1139 513 1194 Ad
539 1156 599 1193 ea
628 1138 892 1194 Antonius
920 1139 1136 1193 Primus
1157 1137 1224 1211 (is
1244 1138 1534 1192 acerrimus
1555 1135 1680 1191 belli
1701 1152 1828 1191 con-

224 1214 420 1285 citator)
430 1220 806 1284 festinationem
827 1219 957 1281 ipsis
975 1218 1168 1277 utilem,
1191 1215 1390 1267 Vitellio
1409 1219 1702 1273 emit-iosom,
1714 1212 1828 1266 dis.-

224 1291 407 1344 seruit.
488 1290 613 1343 Plus
630 1294 1084 1356 socordiae‚quam
1105 1292 1343 1356 fiduciae,
1367 1295 1642 1341 accessisse
1662 1283 1826 1341 victoss

222 1350 384 1418 ri'bus.
463 1364 639 1431 Neque
668 1369 803 1417 enim
826 1368 882 1417 in
900 1368 1173 1429 procinctu
1194 1371 1240 1413 et
1262 1367 1449 1414 castris
1469 1366 1695 1414 habitos:
1732 1381 1827 1429 per

224 1443 399 1491 omnia
428 1440 617 1491 Italiae
645 1440 933 1503 municipia
960 1439 1176 1497 desides,
1201 1444 1400 1487 tantum
1421 1438 1702 1501 hospitibus
1722 1452 1828 1488 me-

226 1516 455 1574 tuendos,
489 1521 687 1580 quanto
710 1516 935 1581 ferocius
962 1518 1084 1563 ante
1111 1527 1165 1563 se
1184 1514 1394 1576 eqerint,
1421 1511 1574 1563 tanto'
1590 1514 1829 1576 cupidius

224 1590 465 1641 insolitas
493 1590 781 1654 voluptates
808 1589 1054 1638 hausisse.
1141 1581 1292 1637 Circo
1313 1601 1509 1652 quoque
1527 1601 1593 1638 ae
1617 1587 1831 1637 theatris

224 1671 272 1716 et
298 1665 609 1716 amoenitate
635 1664 781 1714 urbis
808 1663 1085 1722 emollitos,
1116 1667 1210 1712 aul
1245 1661 1624 1712 valetudinibus
1651 1665 1826 1728 sessos.

225 1737 345 1798 Sed,
386 1739 565 1789 addito
592 1739 778 1802 spatio,
817 1739 1108 1789 rediturum
1137 1743 1183 1788 et
1210 1737 1290 1787 his
1319 1737 1478 1786 robur
1502 1739 1830 1787 meditat-ione

228 1813 361 1864 belli.
434 1809 540 1863 Nec
556 1813 743 1877 procul
766 1809 1116 1871 Germaniam,
1138 1814 1274 1862 unde
1291 1813 1459 1862 vires:
1497 1810 1831 1862 Britanniam

224 1891 359 1953 freto
398 1887 608 1938 dirimi.-
657 1889 812 1938 iuxta
856 1885 1062 1939 Gallias
1101 1885 1488 1952 Hispaniasque
1497 1903 1516 1951 ,·
1571 1889 1830 1952 utrimque

225 1965 383 2021 viros,
417 1977 588 2028 equos,
622 1963 847 2014 tributa:
900 1965 1166 2028 ipsamque
1191 1961 1404 2013 Italiam
1437 1967 1485 2012 et
1513 1975 1632 2026 opes
1659 1962 1831 2016 urbis.-

224 2054 305 2096 ac,
329 2041 379 2088 si
398 2040 591 2103 inferre
608 2052 761 2087 arma
782 2038 921 2088 ultro
942 2038 1117 2095 velint,
1139 2039 1272 2088 duas
1294 2037 1498 2096 classes,
1511 2050 1833 2102 vacuumque

230 2113 499 2177 Illyricum
524 2127 691 2162 mare.
776 2110 913 2174 Quid
944 2119 1050 2162 tam
1071 2113 1306 2164 claustra
1324 2115 1573 2164 montium
1589 2115 1834 2177 profutu-

138 2175 149 2194 ”
224 2184 331 2238 ra?
370 2189 497 2254 quid
516 2193 741 2238 tractum
758 2189 817 2237 in
835 2193 1080 2238 aestatem
1097 2188 1261 2239 aliam
1281 2184 1506 2238 bellum?
1543 2189 1679 2238 unde
1699 2189 1834 2236 inte-

225 2267 327 2314 rim
352 2265 629 2332 pecuniam
657 2269 705 2312 et
744 2257 1092 2314 commeatus?
1136 2259 1274 2325 Quin
1297 2265 1472 2328 potius
1503 2277 1561 2312 eo
1587 2264 1699 2324 ipso
1718 2267 1833 2311 ute·
1920 2293 1930 2303 ·

225 2343 423 2397 rentur,
448 2339 585 2403 quod
608 2335 933 2388 Pannonicae
956 2338 1194 2402 leqiones,
1216 2339 1454 2402 dec-eptae
1470 2337 1652 2401 maqis,
1676 2349 1832 2400 quam

224 2413 408 2471 victae,
435 2425 707 2478 resurqere
723 2415 779 2463 in
799 2414 1045 2464 ultionem
1061 2418 1366 2477 properent:
1389 2409 1604 2462 Moesici
1625 2411 1833 2462 emersi-

228 2493 310 2536 tus
357 2482 589 2552 inteqra‘s
636 2489 776 2538 vir-es
824 2489 1129 2539 adtulerint.
1207 2484 1270 2538 Si
1313 2501 1558 2538 numerus
1609 2486 1832 2536 militum

224 2563 417 2624 potius,
451 2575 609 2626 quam
638 2561 906 2626 leqionum,
926 2569 1156 2628 putetur,
1176 2561 1298 2626 plus
1315 2561 1434 2612 hinc
1459 2561 1678 2620 roboris,
1701 2559 1832 2624 nihil

230 2635 533 2686 libidinum.-
600 2642 649 2687 et
690 2640 951 2704 profuisse
1000 2637 1312 2700 disciplinae
1357 2637 1526 2700 ipsum
1564 2637 1832 2700 pudorem.

224 2707 441 2777 'Equites
469 2725 591 2762 vero
617 2725 680 2762 ne
704 2718 812 2763 tum
834 2714 1039 2780 quidem
1055 2712 1249 2776 victos,·
1287 2712 1392 2770 sed,
1417 2725 1728 2778 quamquam
1744 2724 1832 2762 re-
