2081 3038
245 203 340 256 156
662 255 669 258 ,
789 207 833 252 A
852 208 900 250 N
920 208 965 252 N
987 207 1029 252 A
1053 207 1092 249 1.
1111 205 1136 248 1
1153 206 1256 250 um
1570 195 1639 270 (A.
1662 215 1715 254 u.
1740 208 1843 257 m.

232 310 369 364 fisco
406 306 734 380 petebantur.
812 307 889 361 Ea
928 308 1103 378 prima
1140 305 1350 361 Tiberio
1387 321 1510 380 erga
1561 307 1896 376 pecuniam.

241 383 469 439 alienam
488 381 761 456 diligentia
781 380 901 437 fuit.
968 380 1120 438 Sosia
1136 381 1194 436 in
1215 378 1468 435 exsilium
1487 381 1704 453 pellitur
1721 377 1848 436 Asi-

244 460 325 514 nii
342 456 483 514 Galli
503 458 760 513 sententia
776 499 789 523 ,
820 457 918 530 qui
936 464 1142 529 partem
1159 456 1421 512 bonorum
1443 455 1844 527 publicandam,

241 551 367 605 pars
388 540 447 587 ut
464 531 648 588 liberis
668 532 1077 604 relinqueretur,
1100 537 1392 587 censuerat.
1435 531 1627 586 Contra
1647 531 1720 586 M.
1744 531 1849 585 Le·-

243 609 403 679 pidus
432 616 677 679 quartam
706 606 1126 672 accusator-ihm,
1167 605 1467 661 secundum
1495 605 1850 661 necessitudi-

246 701 369 738 nem
390 682 543 756 legis,
565 689 733 737 cetera
754 681 935 736 liberis
952 682 1230 736 concessit.
1272 681 1429 736 Hunc
1446 697 1544 755 ego
1556 679 1845 754 Lepidum,

242 758 571 830 temporibus
600 756 711 812 illis
724 797 741 822 ,
782 773 1001 830 gravem
1045 763 1098 810 et
1134 757 1428 828 sapientem
1465 756 1646 812 vinnm
1677 755 1852 812 fuisse

245 833 529 905 comperio.
589 833 725 886 Nam
746 831 1003 904 pleraque
1020 831 1089 886 ab
1107 831 1282 886 saevis
1303 829 1696 889 adulationibus
1715 830 1851 887 alio-

244 925 367 964 rum
391 907 449 964 in
470 906 665 962 melius
682 905 857 962 flexit:
900 923 1079 978 neque
1105 913 1280 961 tamen
1301 908 1704 981 temperamenti
1723 923 1852 981 ege-

244 985 351 1048 bat,
375 1000 499 1038 cum
522 982 787 1054 aequabili
810 982 1116 1036 auctoritate
1134 988 1185 1036 et
1207 983 1376 1054 gratia
1406 981 1549 1053 apud
1567 981 1847 1036 Tiberium

247 1057 495 1133 viguerit.
574 1057 723 1110 Unde
744 1056 987 1111 dubitare
1004 1073 1161 1130 cogor
1175 1098 1188 1122 ,
1220 1055 1325 1111 fato
1343 1063 1395 1111 et
1413 1063 1554 1112 sorte
1571 1056 1846 1122 nascendi,

247 1141 306 1188 ut
331 1139 529 1195 cetera,
560 1133 629 1185 ita
659 1126 965 1203 principum
996 1131 1270 1187 inclinatio
1296 1131 1354 1186 in
1385 1131 1510 1197 hoe,
1543 1129 1764 1187 offensio
1787 1133 1847 1187 in

234 1207 392 1262 illos:
417 1223 485 1260 an
506 1207 579 1260 sit
596 1205 803 1278 aliquid
821 1206 879 1261 in
902 1208 1098 1262 nostris
1117 1205 1380 1271 consiliiS,
1402 1205 1681 1282 liceatque,
1708 1207 1850 1262 inter

246 1283 524 1353 abruptam
558 1283 943 1337 contumaciam
960 1323 973 1347 ,
1006 1289 1059 1336 et
1083 1280 1320 1337 deforme
1345 1279 1668 1354 ob'sequium
1684 1323 1696 1347 ,
1724 1299 1852 1353 per-

242 1374 367 1430 gere
384 1357 509 1421 iter,
540 1356 827 1412 ambitione
854 1374 915 1411 ac
932 1357 1186 1428 periculis
1211 1370 1463 1410 vacuum.
1542 1356 1612 1411 At
1627 1355 1852 1412 Messal-

247 1433 389 1489 linua
417 1430 591 1497 Cotta,
623 1431 769 1486 haud
798 1433 981 1486 minus
1010 1431 1168 1487 claris
1198 1431 1524 1497 maioribus,
1551 1431 1649 1486 sed
1667 1431 1851 1487 animo

243 1509 491 1564 diversus
506 1550 520 1573 ,
542 1509 779 1574 censuit,
804 1511 1088 1563 cavendum
1104 1510 1565 1573 senatusconsulto,
1585 1516 1646 1563 ut
1663 1526 1852 1579 quam-

242 1600 401 1655 quam
418 1588 645 1638 insontes
662 1588 1017 1653 maqistratuS,
1038 1592 1088 1638 et
1107 1586 1290 1652 culpae
1308 1587 1513 1639 alienae
1530 1588 1707 1649 nescii,
1719 1602 1851 1653 pro-

243 1662 557 1714 vincialibus
572 1676 801 1713 uxorum
820 1662 1146 1723 criminibus,
1173 1663 1392 1727 perinde
1410 1676 1566 1731 quam
1585 1664 1710 1724 suia,
1732 1662 1851 1728 plo-

245 1741 520 1789 cierentur.
1431 1745 1440 1759 ¹

352 1810 410 1863 2⁴
425 1848 438 1861 .
481 1804 673 1861 Actum
702 1806 898 1862 dehinc
923 1807 990 1863 de
1016 1807 1308 1881 Calpurnio
1333 1808 1552 1873 Pisone,
1595 1808 1761 1865 nobili
1789 1824 1852 1865 ao

246 1882 402 1937 feroci
430 1881 567 1936 viro.
646 1881 699 1935 Is
728 1898 990 1954 namque,
1022 1890 1084 1939 ut
1111 1882 1297 1949 retuli,
1327 1898 1608 1939 cessurum
1639 1901 1699 1939 se
1715 1884 1852 1939 urbe

242 1958 312 2013 ob
341 1956 592 2012 factiones
618 1964 983 2013 accusatorum
1002 1998 1016 2024 ,
1045 1960 1103 2013 in
1131 1966 1320 2013 senatu
1347 1958 1733 2024 clamitaverat,
1775 1966 1848 2025 et,

244 2040 418 2104 spreta
446 2034 677 2104 potentia
705 2030 1006 2106 Augustae,
1044 2034 1252 2089 trahere
1279 2034 1336 2088 in
1363 2035 1454 2089 ius
1476 2033 1847 2109 Urgulaniam,

243 2109 509 2179 domoque
525 2108 787 2180 principis
806 2109 983 2163 excire
1001 2125 1169 2163 ausus
1188 2116 1315 2163 erat.
1357 2108 1507 2175 Quae
1525 2109 1582 2163 in
1597 2110 1851 2181 praesens

154 2239 161 2245 ,
245 2184 492 2239 Tiberius
512 2182 738 2238 civiliter
758 2182 972 2238 habuit:
996 2183 1092 2238 sed
1112 2185 1167 2240 in
1189 2183 1702 2249 animo,revolvente
1717 2185 1848 2250 irae,

244 2260 402 2313 etiam
431 2257 478 2312 si
498 2258 733 2328 impetus
751 2258 1058 2314 offensionis
1085 2258 1386 2335 languerat,
1419 2260 1676 2316 memoria
1706 2258 1853 2315 vale-

244 2334 351 2389 bat.
431 2333 679 2388 Pisonem
698 2331 763 2399 Q.
788 2334 1023 2389 Granius
1053 2335 1239 2390 secreti
1265 2332 1531 2389 sermonis
1559 2335 1848 2400 incusavit,

244 2408 532 2464 adversum
550 2407 880 2463 maiestatem
898 2409 1097 2464 habiti:
1138 2409 1437 2483 adiecitque
1451 2451 1465 2475 ,
1495 2415 1554 2464 in
1572 2414 1722 2464 domo
1739 2414 1853 2465 eiua

243 2500 490 2538 venenum
508 2500 631 2546 osae,
652 2500 865 2553 eumque
880 2485 1058 2553 qladio
1075 2490 1368 2540 accinctum
1386 2489 1607 2540 introire
1625 2489 1851 2541 curm.

246 2557 399 2622 Quod
416 2598 429 2622 ,
458 2564 521 2611 ut
538 2559 767 2613 atrocius
788 2574 941 2625 vero,
968 2559 1307 2615 tramissumt
1353 2566 1648 2616 ceterorum
1669 2599 1683 2626 ,
1711 2575 1854 2633 quae

250 2630 415 2685 multa
443 2632 857 2689 cumulabantur
870 2676 883 2699 ,
930 2641 1174 2706 receptus
1211 2641 1292 2689 est
1328 2651 1482 2699 reum
1525 2650 1704 2707 neque
1725 2650 1854 2707 per-

247 2711 415 2771 actus,
439 2705 508 2761 ob
530 2714 752 2766 mortem
771 2717 1145 2785 opportunam.
1224 2707 1469 2768 Relatum
1500 2717 1552 2766 et
1579 2709 1646 2765 de
1665 2708 1854 2769 Cassio

2075 0 2078 200 ῐ
