2081 3038
256 226 358 282 204
823 227 1298 278 ANNALIUM
1592 219 1864 296 (suasa.

256 333 473 409 ingenio
502 341 553 389 et
576 339 816 405 comptae
844 330 1141 388 facundiae.
1205 331 1423 388 Cassius
1449 329 1647 404 plebeii
1666 333 1870 392 Romae

255 409 492 484 generis,
523 425 714 464 verum
745 406 956 480 antiqui
985 407 1337 480 honoratique
1353 449 1366 473 ,
1408 415 1458 464 et
1484 424 1669 464 severa
1696 409 1869 481 patris

256 484 542 557 disciplina
564 483 811 550 eductus,
847 481 1097 539 facilitate
1120 484 1358 555 saepiuS‚
1381 501 1548 556 quam
1577 483 1865 550 industria,

257 559 750 617 commendabatur.
830 558 969 614 Huic
1024 557 1313 614 Drusillam
1332 601 1345 624 ,
1380 559 1605 620 ,Vinicio
1648 558 1867 624 Iuliam,

260 635 578 692 Germanico
603 636 829 710 genitas,
859 633 1166 709 coniungit:
1210 650 1482 708 superque
1500 651 1561 690 ea
1581 646 1639 689 re
1656 635 1868 690 senatui

258 712 493 784 scripsit,
519 710 624 766 levi
643 728 768 766 cum
790 710 990 766 honore
1007 711 1291 766 iuvenum.
1353 709 1507 776 Dein,
1530 709 1751 784 redditis
1772 709 1871 763 ab·

258 787 460 842 sentiae
477 787 685 842 caussis
705 784 994 842 admodum
1015 787 1190 860 vagis,
1206 783 1352 840 flexit
1370 784 1438 840 ad
1455 785 1702 859 graviora
1722 792 1773 840 et
1788 783 1873 840 of-

190 863 194 870 ’
260 861 526 919 sensiones
546 860 617 917 ob
635 860 905 934 rempubl.
929 869 1160 934 coeptas,
1183 868 1352 934 utque
1370 859 1548 916 Macro
1570 859 1869 933 praefectus

260 938 710 1011 tribunorumque
729 945 780 992 et
799 939 1169 994 centurionum
1190 937 1349 1010 pauci
1366 953 1553 991 secum
1568 935 1867 1000 introirent,

259 1013 508 1086 quotiens
535 1013 743 1069 curiam
769 1011 1155 1087 ingrederetur,
1178 1011 1395 1084 petivit;
1438 1011 1681 1084 factoque
1701 1010 1866 1085 large,

259 1096 312 1143 et
329 1089 448 1144 sine
473 1089 890 1161 praescriptione
915 1089 1129 1162 generis
1155 1095 1248 1142 aut
1267 1086 1501 1153 numeri,
1522 1094 1871 1142 senatuscon-

259 1163 419 1229 sultu,
442 1180 511 1218 ne
529 1170 662 1218 tecta
681 1163 904 1236 quidem
926 1164 1100 1230 urbis,
1130 1162 1261 1220 adeo
1277 1161 1561 1235 publicum
1579 1160 1868 1220 consilium

260 1255 564 1312 numquam
583 1238 732 1303 adiit,
751 1237 924 1294 deviis
941 1238 1265 1312 plerumque
1285 1237 1569 1294 itineribus
1587 1238 1871 1314 ambigens

260 1315 488 1388 patriam
507 1320 560 1369 et
573 1311 868 1372 declinans.

375 1469 394 1521 l
407 1470 456 1523 6.
500 1466 702 1523 Interea
721 1482 916 1541 magna
937 1464 1023 1522 vis
1047 1472 1415 1523 accusatorum
1435 1481 1495 1521 in
1519 1455 1610 1524 eo's
1639 1457 1866 1539 inrupit,

261 1544 359 1618 qui
387 1542 645 1617 pecunias
674 1541 884 1598 foenore
908 1541 1250 1609 auctitabant,
1277 1542 1562 1598 adversum
1591 1540 1764 1615 legem
1784 1540 1873 1595 di-

261 1620 474 1675 ctatoris
495 1618 760 1684 Caesaris,
784 1629 891 1690 qua
918 1617 985 1673 de
1001 1616 1161 1673 modo
1182 1616 1431 1673 credendi
1450 1616 1872 1691 possidendique

260 1696 399 1750 intra
417 1693 622 1749 Italiam
644 1701 887 1754 cavetur:
911 1694 1168 1749 omissam
1188 1692 1338 1759 olim,
1362 1692 1491 1765 quia
1510 1694 1717 1764 privato
1740 1692 1874 1750 usui

261 1770 466 1825 bonum
485 1764 767 1839 publicum
787 1769 1141 1840 postponitur.
1221 1764 1359 1823 Sane
1379 1775 1533 1824 vetus
1550 1767 1674 1823 urbi
1692 1766 1873 1823 foene-

261 1844 357 1899 bre
385 1842 612 1908 malum,
645 1850 697 1898 et
720 1842 1044 1898 seditionum
1076 1842 1575 1915 discordiarumque
1612 1843 1873 1899 creberri-

263 1936 351 1975 ma
390 1934 609 1975 caussa:
669 1933 840 1991 eoque
873 1917 1242 1984 cohibebatur,
1283 1918 1523 1991 antiquis
1562 1934 1783 1993 quoque
1820 1925 1875 1975 et

262 1995 448 2051 minus
476 1993 742 2066 corruptis
771 1992 1033 2049 moribus.
1114 1994 1253 2048 Nam
1280 1994 1458 2066 primo
1482 1993 1767 2051 duodecim
1790 2001 1874 2052 ta-

261 2069 409 2127 bulis
435 2076 702 2135 sanctum,
734 2085 802 2123 ne
820 2069 946 2140 quis
964 2069 1205 2124 unciario
1225 2066 1437 2125 foenore
1456 2067 1692 2142 amplius
1717 2086 1874 2126 exer-

263 2153 421 2213 ceret,
461 2160 589 2201 cum
628 2151 780 2200 antea
819 2160 887 2200 ex
922 2140 1148 2199 libidine
1176 2142 1520 2217 locupletium
1552 2146 1868 2221 agitaretur:

263 2220 388 2277 dein
409 2222 679 2295 rogatione
697 2218 984 2275 tribunicia
1003 2218 1071 2274 ad
1092 2220 1397 2276 semuncias
1416 2218 1644 2287 redacta,
1664 2227 1877 2292 postre-

264 2314 355 2353 mo
396 2296 556 2353 vetita
597 2312 834 2351 versura.
914 2294 1208 2367 Multisque
1251 2293 1429 2369 plebis
1468 2295 1618 2351 scitis
1654 2296 1873 2353 obviam

262 2373 402 2427 itum
423 2369 724 2437 fraudibus,
739 2378 897 2444 quae,
922 2371 1113 2426 totiens
1132 2386 1422 2443 repressae,
1435 2370 1603 2427 miras
1620 2387 1717 2443 per
1732 2377 1874 2428 artes

264 2465 486 2503 rursum
502 2446 831 2504 oriebantur.
895 2444 1002 2501 Sed
1020 2454 1137 2502 tum
1156 2445 1431 2502 Gracchus
1448 2454 1679 2519 praetor,
1700 2444 1793 2503 cui
1812 2462 1873 2500 ea

265 2522 509 2594 quaestio
527 2529 796 2587 evenerat,
809 2521 1155 2577 multitudine
1166 2521 1581 2594 periclitantium
1592 2520 1871 2586 subactus,

265 2595 448 2652 retulit
483 2598 552 2654 ad
588 2604 863 2655 senatum:
924 2596 1225 2671 trepidique
1260 2604 1438 2669 patres
1481 2596 1690 2671 (neque
1726 2596 1873 2657 enim

267 2670 560 2743 quisquam
582 2673 675 2728 tali
701 2670 858 2747 culpa
879 2670 1104 2745 vacuus)
1126 2672 1338 2729 veniam
1357 2688 1387 2726 a
1408 2672 1653 2745 principe
1668 2673 1878 2745 petive-

267 2761 353 2803 re:
395 2752 465 2811 et,
497 2748 830 2815 concedente,
861 2766 1036 2805 annus
1057 2750 1114 2803 in
1140 2756 1411 2820 posterum
1430 2764 1639 2821 sexque
1656 2764 1877 2805 menses
