2081 3038
209 220 302 271 150
686 180 1339 274 msa-omnium
1534 213 1805 285 (aman,

206 342 351 389 voce,
383 322 638 387 lacrimis,
676 319 1096 375 misericordiam
1117 318 1331 387 elicere3
1375 318 1557 393 largus
1577 322 1810 392 promis-

203 402 300 465 siS,
324 406 392 464 et,
415 416 553 471 quae
574 404 759 451 natura
779 396 1157 466 trepidantium
1180 403 1279 461 est,
1305 396 1624 451 inmodicus,
1662 395 1805 463 Quin

205 483 256 531 et
279 475 550 530 Caesa-rem
571 490 629 527 se
649 471 754 527 dici
776 471 963 536 voluit,
993 478 1306 541 aspernatus
1324 480 1503 525 antea:
1542 472 1637 526 sed
1656 480 1803 537 tunc,

205 549 578 621 superstitione
599 548 853 613 nominis,
869 554 920 601 et
937 546 1065 617 quia
1088 546 1143 599 in
1166 553 1309 599 metu
1332 545 1551 601 consilia
1574 547 1810 617 pruden-

207 628 339 680 tium
382 632 431 679 et
469 623 617 698 vulgi
658 640 841 677 rumor
879 622 1025 677 iuxta
1064 620 1375 676 audiuntur.
1455 620 1723 688 Ceterum,
1748 631 1809 677 ut

203 702 381 756 omnia
411 697 698 755 inconsulti
726 699 938 768 inpetus
965 704 1167 767 coepta,
1209 697 1377 751 initiis
1400 695 1593 761 valida,
1636 699 1809 769 spatio

209 777 584 849 languescunt,
633 771 798 827 dilabi
840 770 1119 843 paullatim
1160 781 1427 826 senatores
1466 774 1805 845 equitesque,

205 854 381 923 primo
399 856 722 912 cunctanter,
748 855 798 902 et
829 845 922 901 ubi
946 848 1063 917 ipse
1084 864 1186 901 non
1207 846 1402 910 aderat,
1429 864 1551 901 mox
1573 857 1808 903 oontem-

207 930 338 998 ptim
371 935 420 979 et
450 926 566 979 sine
593 923 930 989 discrimine3
973 922 1144 977 donec
1164 922 1409 977 Vitellius
1441 922 1639 993 pudore
1659 924 1806 977 inriti

206 1010 442 1064 conatuS,
465 1016 604 1071 quae
624 1015 727 1052 non
749 996 1029 1062 dabantur,
1056 997 1280 1051 remisit.

313 1079 398 1131 59.
443 1075 508 1129 Ut
535 1081 786 1128 terrorem
819 1070 995 1126 Italiae
1024 1089 1271 1143 possessa
1303 1072 1545 1127 Mevania
1572 1090 1633 1127 ac
1661 1071 1809 1128 velut

206 1159 446 1206 renatum
468 1165 534 1203 ex
552 1150 757 1221 integro
775 1145 977 1201 bellum
999 1146 1276 1201 intulerat:
1320 1148 1390 1201 ita
1412 1146 1557 1202 haud
1577 1148 1807 1203 dubium

205 1243 327 1299 erga
349 1223 629 1279 Flavianas
649 1230 824 1294 partes
847 1222 1087 1277 studium
1109 1230 1217 1276 tam
1238 1221 1674 1293 pavidusVitellii
1696 1222 1809 1277 dis-

205 1318 388 1356 cessus
418 1298 636 1353 addidit.
689 1298 911 1352 Erectus
936 1296 1151 1351 Samnis
1173 1298 1553 1371 Pelignusque,
1578 1305 1628 1352 et
1647 1299 1808 1353 Marsi

205 1375 576 1439 aemulatione,
608 1373 754 1446 quod
783 1372 1073 1444 Campania
1102 1374 1481 1444 praevenisset,
1513 1380 1573 1427 ut
1593 1374 1649 1427 in
1672 1390 1810 1428 novo

203 1451 480 1524 obsequio,
511 1450 578 1504 ad
597 1457 784 1504 cuncta
805 1447 934 1503 belli
956 1448 1143 1502 munia
1164 1464 1311 1501 acres
1332 1456 1497 1503 erant.
1576 1447 1679 1503 Sed
1703 1447 1811 1503 foe-

204 1528 270 1582 da
304 1527 480 1581 hieme
509 1542 604 1597 per
632 1525 913 1580 transitum
945 1523 1213 1595 Apennini
1252 1522 1576 1579 conflictatus
1607 1525 1811 1579 exerci-

203 1610 310 1666 tus,
353 1609 402 1656 et
429 1602 522 1656 vix
553 1602 734 1674 quieto
761 1601 977 1673 agmine
1008 1600 1161 1654 nives
1200 1598 1573 1664 eluctantibus,
1616 1601 1805 1670 patuit,

203 1684 466 1749 quantum
488 1676 818 1730 discriminis
839 1675 1148 1729 adeundum
1174 1672 1321 1740 foret,
1352 1676 1407 1730 ni
1432 1674 1704 1730 Vitellium
1724 1693 1811 1729 re—

203 1760 282 1806 tro
307 1750 514 1805 fortuna
544 1753 814 1805 vertisset:
859 1767 997 1823 quae
1027 1748 1299 1804 Flavianis
1318 1749 1549 1804 ducibus
1578 1766 1681 1804 non
1704 1752 1813 1804 mi·-

205 1845 306 1880 nus
329 1842 504 1897 saepe,
535 1843 700 1898 quam
719 1827 868 1891 rati0,
900 1824 1088 1879 adfuit.
1170 1822 1406 1880 Obvium
1427 1823 1537 1879 illic
1557 1825 1807 1880 Petilium

204 1901 462 1956 Cerialem
492 1901 745 1966 habuere,
778 1901 971 1974 agresti
1001 1898 1149 1954 cultu
1182 1908 1234 1954 et
1252 1900 1433 1955 notitia
1456 1899 1690 1955 locorum
1710 1917 1811 1955 cu-

203 1977 398 2031 stodias
431 1975 628 2031 Vitellii
658 1975 922 2048 elapsum.
1003 1974 1309 2047 Propinqua
1349 1974 1592 2030 adfinitas
1613 1975 1807 2031 Ceriali

203 2070 327 2106 cum
366 2053 710 2123 Vespasiano,
755 2067 852 2110 nec
889 2052 1005 2122 ipse
1046 2049 1311 2123 inglorius
1336 2049 1586 2106 militiae:
1638 2067 1809 2122 eoque

203 2129 339 2182 inter
367 2127 533 2182 duces
563 2127 882 2198 adsumptus
903 2134 999 2182 est.
1080 2125 1265 2181 Flavio
1292 2141 1510 2198 quoque
1529 2123 1725 2180 Sabino
1746 2143 1809 2182 ac

202 2204 501 2258 Domitiano
522 2203 758 2274 patuisse
778 2201 1059 2275 effugium,
1085 2200 1240 2255 multi
1262 2201 1549 2267 tradide1·e;
1580 2209 1631 2254 et
1650 2201 1808 2255 missi

203 2277 269 2332 ab
290 2277 518 2332 Antonio
538 2277 713 2331 nuntii
734 2293 830 2348 per
847 2278 1024 2332 varias
1044 2275 1258 2331 fallendi
1279 2285 1417 2330 artes
1438 2276 1807 2346 penetrabant,

203 2353 379 2408 locum
400 2371 460 2407 ac
479 2351 808 2423 praesidium
829 2359 1201 2406 monstrantes
1258 2349 1490 2406 Sabinus
1510 2349 1809 2406 inhabilem

202 2428 369 2482 labori
391 2436 440 2482 et
461 2426 712 2481 audaciae
730 2425 1092 2482 valetudinem
1112 2427 1483 2483 caussabatur:
1508 2426 1813 2482 Domitiano

203 2503 382 2557 aderat
415 2503 658 2569 animus3
701 2501 796 2556 sed
825 2501 1069 2558 custodes
1096 2519 1124 2555 a
1152 2500 1364 2557 Vitellio
1392 2500 1576 2566 additi,
1612 2517 1811 2573 quam-

203 2594 369 2648 quam
389 2594 448 2630 se
473 2578 645 2631 socios
666 2576 822 2651 fugae
841 2579 1225 2649 promitterent,
1250 2584 1524 2650 tamquam
1545 2577 1812 2632 insidian-

205 2659 282 2703 tes
301 2651 645 2706 timebantur.
700 2653 874 2725 Atque
892 2655 1010 2725 ipse
1031 2651 1294 2716 Vitellius,
1320 2662 1561 2722 respectu
1580 2669 1811 2710 suarum

175 2730 200 2733 ’“
371 2724 684 2793 ·³tudinum,
703 2728 842 2784 nihil
862 2729 919 2784 in
939 2727 1301 2783 Domitianum
1322 2733 1472 2786 atrox
1489 2727 1727 2800 parabat.
