2081 3038
400 259 462 316 48
962 263 1428 330 ANNAn-ium
1543 292 1549 300 .
1721 255 1958 326 (mune,

508 365 593 418 75.
637 365 747 420 Nec
787 364 1003 420 Patrum
1046 365 1437 439 cognitionibus
1483 367 1704 420 satiatus
1720 404 1735 429 ,
1787 365 1958 419 iudici

400 439 673 497 adsidebat
691 439 751 494 in
769 457 934 496 cornu
956 439 1242 495 tribunalis
1255 482 1269 507 ,
1301 457 1370 495 ne
1395 448 1689 512 praetorem
1711 439 1895 495 curuli
1917 441 1958 494 d·

402 515 643 589 pelleret,
675 514 951 588 multaque
978 531 1042 570 eo
1059 532 1238 571 coram
1255 515 1514 572 adversus
1534 515 1800 576 ambitum
1831 523 1885 568 et
1913 534 1958 586 p«

400 591 629 648 tentiam
646 607 830 662 preces
848 590 1150 647 constituta.
1183 589 1288 645 Sed
1303 590 1436 646 dum
1456 591 1664 646 veritati
1681 589 1958 644 consulitu

403 666 617 722 libertas
661 665 1116 738 corrumpebatur.
1197 667 1338 720 Inter
1381 683 1522 739 quae
1561 666 1690 722 Pius
1728 664 1958 720 Aurelia

402 749 608 796 senator
621 781 635 806 ‚
658 748 883 813 questus
896 783 910 806 ‚
932 745 1064 796 mole
1078 743 1320 810 publicae
1333 746 1453 796 viae
1467 745 1730 810 ductuque
1745 757 1958 810 aquarn

404 820 686 885 labefactas
704 819 850 871 aedis
866 834 1008 881 suas,
1032 814 1298 872 auxilium
1318 823 1530 888 patrum
1551 815 1850 870 invocabat.
1909 816 1958 868 R·

402 890 715 948 sistentibus
752 891 943 946 aerarii
978 891 1310 962 praetoribus
1346 888 1600 948 subvenit
1623 890 1818 946 Caesar
1832 931 1846 954 ‚
1888 908 1958 961 pr·

404 968 649 1038 tiumque
666 965 881 1020 aedium
900 964 1117 1022 Aurelio
1137 965 1340 1032 tribuit,
1361 965 1654 1040 erogandae
1673 982 1770 1036 per
1787 965 1958 1020 hones

360 1041 367 1048 ’
404 1041 661 1114 pecuniae
686 1041 937 1113 cupiens:
978 1058 1146 1113 quam
1177 1043 1429 1098 virtutem
1463 1040 1558 1096 diu
1596 1041 1844 1105 retinuit,
1884 1058 1958 1095 cu:

406 1127 602 1172 ceteras
630 1123 865 1172 exueret.
944 1117 1214 1188 Propertio
1239 1115 1442 1182 Celeri,
1474 1117 1761 1188 praetorio,
1794 1117 1958 1171 venia1

405 1191 609 1256 ordinis
636 1191 706 1247 oh
731 1199 1094 1264 paupertatem
1119 1193 1346 1264 petenti,
1377 1191 1551 1246 decies
1577 1192 1881 1246 sestertium
1906 1191 1954 1245 la

406 1268 553 1340 gitus
581 1272 689 1332 est,
730 1267 859 1324 satis
885 1274 1182 1338 comperto,
1222 1275 1468 1338 paternas
1495 1267 1546 1321 ei
1572 1267 1848 1340 angustias
1867 1283 1957 1320 ess

408 1341 681 1398 Tentantis
708 1341 893 1398 eadem
919 1341 1053 1398 alios
1080 1342 1304 1414 probare
1327 1358 1576 1397 caussam
1596 1341 1806 1397 senatui
1826 1343 1958 1397 iussi

408 1417 661 1490 cupidine
696 1413 993 1474 severitatis
1006 1457 1021 1483 ,
1061 1418 1119 1472 in
1148 1417 1236 1473 his
1263 1417 1422 1472 etiam
1437 1459 1452 1483 ‚
1491 1433 1632 1489 quae
1667 1417 1768 1472 rite
1795 1416 1958 1472 facere

409 1493 650 1551 acerbus.
730 1492 883 1551 Unde
906 1493 1066 1549 ceteri
1089 1492 1367 1549 silentium
1395 1501 1447 1549 et
1483 1499 1844 1565 paupertatem
1881 1509 1958 1549 coi

411 1570 629 1627 sessioni
646 1577 699 1625 et
716 1568 972 1627 beneflcio
989 1585 1360 1643 praeposuere.
1955 1604 1957 1609 ι

520 1648 607 1701 76.
640 1644 839 1701 Eodem
860 1662 999 1701 anno
1016 1646 1290 1700 continuis
1304 1644 1573 1699 imbribus
1595 1650 1781 1699 auctus
1800 1642 1958 1699 Tiber

410 1722 567 1794 plana
587 1720 741 1776 urbis
756 1726 1117 1794 stagnaverat:
1158 1718 1481 1775 relabentem
1513 1727 1692 1774 secuta
1717 1726 1798 1774 est
1827 1718 1958 1775 aedil

410 1798 616 1851 ciorum
644 1803 695 1849 et
730 1795 1011 1851 hominum
1052 1802 1272 1870 strages.
1351 1795 1520 1869 Igitur
1555 1794 1762 1849 censuit
1788 1794 1958 1851 Asinii

412 1870 600 1927 Gallus
616 1912 629 1935 ,
660 1879 717 1925 ut
744 1873 872 1925 libri
886 1870 1134 1939 Sibyllini
1159 1874 1452 1925 adirentur.
1531 1870 1726 1925 Renuit
1741 1868 1952 1926 Tiberin

415 1944 632 2019 perinde
658 1944 842 2001 divina
872 1945 1218 2017 humanaque
1243 1945 1513 2019 obtegens.
1593 1943 1698 2000 Sed
1714 1946 1958 2001 remedim

413 2020 685 2078 coercendi
702 2018 955 2077 'fluminis
981 2020 1133 2077 Ateio
1163 2019 1403 2094 Capitoni
1435 2028 1486 2075 et
1505 2021 1566 2074 L.
1589 2020 1838 2077 Arruntio
1857 2038 1958 2077 mai

413 2098 617 2153 datum.
696 2094 951 2153 Achaiam
970 2112 1033 2151 ac
1050 2095 1411 2155 Macedoniam
1427 2138 1440 2162 ‚
1471 2112 1630 2151 onera
1659 2096 1958 2167 deprecanti:

414 2174 579 2230 levari
599 2173 657 2227 in
674 2188 927 2245 praesens
944 2171 1312 2243 proconsulari
1335 2172 1560 2243 imperio
1575 2212 1586 2236 ‚
1620 2172 1858 2245 tradique
1878 2172 1958 2227 Ca«

414 2249 521 2303 sari
539 2246 759 2319 placuit.
836 2246 1076 2303 Edendis
1103 2245 1488 2323 gladiatoribus
1505 2288 1518 2311 ,
1550 2262 1686 2319 quos
1710 2247 1957 2303 Germani*

415 2324 590 2379 fratris
626 2340 689 2378 ae
724 2338 827 2391 suo
869 2323 1088 2379 nomine
1130 2320 1417 2387 obtulerat,
1476 2322 1683 2377 Drusus
1729 2324 1958 2394 praesedi

414 2414 747 2471 quamquam
778 2396 875 2455 vili
902 2398 1168 2472 sanguine
1195 2398 1358 2453 nimis
1377 2396 1646 2471 gaudens:
1689 2398 1828 2470 quod
1847 2397 1958 2473 vulg

416 2473 836 2540 formidolosum,
858 2482 909 2529 et
927 2482 1076 2546 pater
1092 2474 1336 2547 arguisse
1354 2472 1644 2527 dicebatur.
1723 2472 1828 2529 Cur
1845 2474 1958 2528 abst

418 2551 593 2603 nuerit
611 2549 909 2621 spectaculo
926 2550 1064 2621 ipse,
1087 2550 1235 2605 varie
1258 2547 1564 2603 trahebant:
1597 2545 1689 2603 alii
1709 2548 1872 2603 taedio
1889 2566 1958 2603 co«

417 2634 531 2688 tus,
572 2624 795 2695 quidam
820 2625 1034 2681 tristitia
1061 2624 1294 2698 ingenii,
1335 2632 1386 2679 et
1415 2630 1560 2678 metu
1589 2625 1958 2696 comparationi

418 2699 546 2771 quia
564 2698 841 2773 Augustus
868 2702 1088 2757 comiter
1111 2698 1457 2755 interfuisset.
1536 2698 1658 2754 Non
1675 2700 1958 2762 crediderit!

418 2772 487 2830 ad
512 2774 875 2835 ostentandam
896 2777 1172 2833 saevitiam
1190 2816 1203 2843 ,
1234 2773 1632 2847 movendasque
1650 2774 1827 2849 populi
1845 2775 1958 2831 offer
