2081 3038
643 232 1445 293 DIALOGUS.cAr.e.m
1750 232 1849 286 ἮἨ

243 338 452 395 verscsl
495 334 634 407 coire
659 337 924 411 populum
953 344 1006 395 et
1031 336 1393 396 circumfundi
1424 352 1668 397 coronam
1690 348 1740 397 et
1760 359 1849 396 ac-

241 416 417 484 cipere
437 406 723 480 adfectum,
749 426 1133 487 quemcunque
1151 424 1323 471 orator
1344 415 1603 471 induerit!
1646 416 1850 491 Vulga-

241 498 290 545 ta
317 489 607 545 dicentium
639 490 856 563 gaudia,
880 499 932 546 et
951 492 1305 563 inperitorum
1326 505 1543 563 quoque
1560 492 1733 547 oculis
1754 510 1848 547 ex-

239 566 430 638 posita,
453 582 766 638 percenseo:
809 565 903 621 illa
922 567 1219 632 secretiora,
1239 575 1290 621 et
1308 574 1514 626 tantum
1535 568 1669 637 ipsis
1690 580 1848 622 oran-

243 642 386 695 tibus
407 642 757 707 nota,maiora
779 648 924 696 sunt.
967 640 1093 696 Sive
1111 641 1415 697 adcuratam
1436 641 1851 715 meditatamque

241 712 408 771 adfert
435 716 752 785 orationem3
796 723 876 771 est
903 717 1173 790 quoddam
1206 718 1345 772 sicut
1373 718 1549 789 ipsius
1576 716 1845 783 dictioniS,

243 794 309 845 ita
339 790 524 865 gaudii
551 791 762 863 pondus
791 800 842 847 et
869 792 1191 849 constantia:
1236 793 1351 849 sive
1383 808 1574 848 novam
1598 800 1647 846 et
1669 804 1852 847 recen-

243 878 347 922 tem
368 884 550 921 curam
593 884 695 922 non
727 869 844 922 sine
871 868 1054 941 aliqua
1074 868 1421 941 trepidatione
1441 870 1609 923 animi
1646 866 1851 923 adtule—

243 944 335 1010 rit3
366 943 482 1015 ipsa
504 936 804 999 sollicitudo
824 944 1161 999 commendat
1180 952 1432 999 eventum
1452 953 1503 999 et
1523 944 1850 999 lenocinatur

243 1018 516 1091 voluptati.
598 1018 701 1074 Sed
731 1018 1109 1091 extemporalis
1130 1020 1379 1076 audaciae
1397 1028 1557 1093 atque
1578 1020 1752 1092 ipsius
1772 1028 1849 1075 te-

240 1095 496 1150 meritatis
519 1094 600 1150 vel
622 1096 906 1168 praecipua
926 1094 1233 1151 iucunditas
1255 1104 1351 1152 est.
1395 1096 1530 1151 Nam
1552 1097 1608 1151 in
1631 1096 1849 1171 ingenio

238 1188 474 1243 quoque,
498 1173 638 1225 sicut
655 1172 711 1226 in
737 1188 884 1246 agro,
908 1184 1241 1246 quamquam
1268 1171 1369 1227 alia
1388 1172 1483 1227 diu
1504 1180 1749 1227 serantur
1770 1180 1848 1226 at-

239 1264 346 1317 que
374 1246 725 1314 elaberentur,
767 1250 994 1322 gratiora
1021 1256 1219 1314 tamen,
1262 1264 1401 1321 quae
1424 1267 1521 1305 sua
1544 1258 1729 1320 sponte
1752 1264 1847 1301 na·-

240 1328 480 1375 scuntur.
569 1348 574 1351 ·

351 1393 402 1449 7.
443 1393 730 1467 Equidem,
775 1404 834 1451 ut
859 1394 927 1451 de
953 1411 1042 1451 me
1067 1397 1185 1469 ipse
1205 1396 1385 1462 fatear,
1427 1415 1533 1452 non
1556 1414 1677 1451 eum
1700 1398 1844 1451 diem

243 1470 508 1526 laetiorem
551 1472 655 1544 egi,
699 1482 806 1544 quo
840 1468 976 1527 mihi
1005 1470 1147 1527 latus
1175 1470 1361 1527 clavus
1389 1471 1598 1527 oblatus
1629 1479 1727 1536 est,
1761 1472 1843 1526 vel

241 1562 352 1619 quo
373 1545 532 1600 homo
553 1557 744 1611 novus,
759 1554 810 1601 et
827 1547 883 1601 in
904 1539 1116 1603 civitate
1136 1547 1363 1603 minime
1381 1546 1843 1612 favorabilinatuS,

240 1629 606 1694 quaesturam,
648 1629 740 1676 aut
776 1622 1130 1689 tribunatum,
1170 1630 1263 1677 aut
1299 1631 1602 1694 praeturam
1644 1625 1841 1695 accepi,

241 1714 406 1771 quam
430 1711 538 1762 eOS,
570 1696 771 1768 quibus
801 1695 955 1763 mihi,
988 1715 1086 1770 pro
1106 1697 1465 1753 mediocritate
1485 1695 1649 1753 huius
1670 1714 1845 1771 quan-

242 1773 622 1845 tulaecumque
652 1771 708 1826 in
735 1771 958 1828 dicendo
979 1772 1263 1840 facultatiS,
1304 1781 1397 1828 aut
1420 1789 1571 1828 reum
1594 1791 1845 1846 prospere

239 1843 541 1913 defendere,
573 1853 664 1902 aut
691 1841 832 1919 apud
859 1850 1223 1905 centumviros
1242 1865 1487 1904 caussam
1508 1849 1746 1920 aliquam
1768 1848 1845 1902 fe-

243 1923 412 1978 liciter
439 1939 607 1988 orare,
642 1931 732 1978 aut
759 1920 902 1994 apud
930 1925 1227 1997 principem
1249 1926 1396 1997 ipsos
1416 1922 1537 1980 illos
1560 1922 1774 1979 libertos
1794 1932 1844 1978 et

239 2007 604 2072 procuratores
625 1999 928 2071 principum
948 2001 1084 2055 tueri
1106 2009 1157 2055 et
1174 1999 1457 2056 defendere
1474 2000 1647 2056 datur.
1701 1999 1839 2054 Tum

239 2075 377 2131 mihi
415 2091 580 2147 supra
619 2073 919 2129 tribunatus
959 2083 1008 2130 et
1034 2084 1309 2148 praeturas
1339 2085 1390 2132 et
1420 2076 1727 2133 consulatus
1748 2075 1843 2128 ad-

239 2151 490 2206 scendere
521 2149 724 2216 videor,
769 2158 880 2204 tum
909 2149 1121 2216 habere,
1162 2151 1329 2223 quod,
1370 2153 1418 2207 si
1448 2167 1551 2207 non
1583 2153 1637 2206 in
1662 2151 1843 2206 animo

237 2227 426 2292 oritur,
451 2243 548 2280 nec
567 2223 826 2280 codicillis
845 2224 998 2280 datur
1015 2243 1113 2281 nec
1133 2243 1259 2280 cum
1280 2228 1447 2300 gratia
1472 2231 1630 2282 venit.
1694 2225 1845 2292 Quae

239 2301 378 2357 fama
409 2311 460 2356 et
489 2299 608 2355 laus
633 2301 876 2356 cuiusvis
903 2303 1029 2356 artis
1058 2319 1183 2356 cum
1212 2310 1479 2357 oratorum
1506 2302 1671 2376 gloria
1694 2319 1843 2367 com-

175 2375 180 2377 ’
237 2377 472 2451 paranda
492 2383 591 2442 est,
615 2377 711 2448 qui
734 2394 838 2431 non
862 2375 1110 2432 inlustres
1132 2377 1185 2431 in
1208 2377 1344 2432 urhe
1364 2376 1559 2442 solum,
1584 2377 1727 2448 apud
1751 2393 1845 2432 ne-

235 2455 468 2528 gotiosos
498 2460 549 2508 et
577 2451 742 2506 rebus
767 2453 1014 2517 intentos,
1056 2452 1149 2506 sed
1178 2453 1339 2507 etiam
1368 2453 1511 2524 apud
1540 2454 1765 2508 iuvenes
1794 2463 1845 2508 et

236 2527 614 2594 adolescenteS,
656 2527 861 2601 quibus
888 2527 1045 2583 modo
1072 2535 1210 2583 recta
1236 2535 1289 2584 et
1309 2528 1514 2584 indoles
1535 2537 1687 2585 estet
1706 2529 1841 2586 bona

237 2619 361 2678 spes
381 2602 506 2661 sui?
558 2602 801 2671 Quorum
831 2605 1047 2659 nomina
1074 2605 1228 2677 prius
1257 2611 1502 2677 parentes
1522 2604 1704 2662 liberis
1725 2606 1841 2659 suis

235 2677 524 2755 ingerunt?
567 2697 704 2753 quos
743 2679 958 2753 saepius
985 2679 1186 2755 vulgus
1220 2697 1439 2756 quoque
1468 2683 1757 2756 inperitum
1788 2688 1841 2734 et

237 2755 505 2812 tunicatus
533 2753 622 2812 hic
649 2757 884 2831 populus
905 2765 1240 2814 transeuntes
1259 2758 1477 2890 anmine
1494 2767 1660 2826 vocat,
1686 2766 1737 2814 et
1756 2757 1841 2812 di·-
