2081 3038
300 225 402 282 285
872 227 1344 281 ANNALIUM
1659 220 1914 297 (ausos.

299 331 534 371 decedente
552 331 692 379 hoste,
711 331 838 380 capit,
859 332 957 379 igne
978 332 1109 371 delet.
1162 328 1228 369 Ob
1247 331 1352 371 haec
1368 328 1526 370 Neroni
1544 332 1588 373 et
1606 330 1688 370 diis
1707 332 1910 373 honores.

297 401 361 439 42.
381 400 430 439 P.
451 398 611 438 Suilius
629 408 728 437 reus
747 400 791 438 in
811 397 1014 437 Senecam
1033 398 1259 444 invehitur,
1296 398 1361 437 48.
1382 398 1645 447 deportatur.
1688 399 1755 439 44.
1777 399 1909 441 Octa·

296 468 393 506 vius
413 466 580 514 Sagitta
605 476 748 504 amore
766 476 917 505 vecors
943 466 1145 505 Pontium
1171 466 1524 515 tergiversantem
1550 466 1661 507 ferro
1687 469 1909 509 transver-

296 534 434 574 berat.
469 534 633 574 Liberti
653 534 762 573 mira
778 532 902 573 fides.

396 603 461 641 45.
476 602 719 651 Poppaeam
735 600 936 641 Sabinam
953 609 1099 641 amare
1111 600 1223 641 Nero
1238 601 1409 651 occipit.
1439 601 1573 643 Istius
1587 614 1737 652 genus,
1754 606 1909 655 forma.

295 681 412 720 opes,
433 680 588 718 mores,
611 670 894 715 matrimonia,
914 668 1097 709 adulter.
1144 670 1210 709 45.
1234 669 1343 710 Eius
1361 671 1541 711 maritus
1562 670 1692 718 Otho,
1716 675 1762 711 ut
1783 684 1907 713 amo-

295 741 459 786 veatur,
495 738 744 777 Lusitaniae
762 736 1021 789 praeficitur.
1071 736 1136 777 4⁷.
1158 736 1285 778 Corn.
1306 737 1439 787 Sulla,
1457 740 1640 789 principi
1658 743 1906 791 suspectus,

293 804 528 845 Massiliam
547 805 746 845 mittitur.
780 804 843 844 48.
860 800 1053 844 Puteolis
1072 805 1298 844 concordia
1317 807 1530 847 restituta.
1561 807 1625 847 49.
1642 808 1708 846 De
1726 818 1909 849 numero

293 872 578 921 gladiatorum
599 870 820 922 Syracusis
841 871 1104 911 edendorum
1124 872 1391 921 disceptatio.
1433 874 1648 913 Thraseae
1665 874 1785 913 Paeti
1813 876 1907 923 opi-

292 940 378 979 nio.
435 940 499 979 50.
519 938 758 989 Vectigalia
783 942 930 980 contra
953 938 1136 979 Neronis
1162 940 1351 990 inpetum
1377 943 1556 982 retenta.
1604 942 1674 996 51.
1701 941 1901 982 Publica·

291 1018 446 1049 norum
465 1004 668 1057 iniquitas
685 1010 937 1057 temperata.
973 1008 1036 1046 52.
1056 1008 1340 1047 Proconsules
1358 1008 1418 1047 rei
1438 1008 1638 1048 absoluti.

393 1086 456 1125 53.
476 1084 527 1124 L.
547 1082 684 1124 Vetus
702 1093 782 1133 ope
801 1082 1004 1124 Mosellae
1031 1084 1076 1122 et
1099 1082 1250 1123 Araris
1274 1082 1469 1122 Rhenum
1488 1094 1585 1123 cum
1606 1082 1777 1125 Oceano
1806 1086 1903 1125 iun-

290 1162 392 1202 gere
419 1154 554 1201 parat.
593 1150 750 1192 Obstat
765 1149 879 1191 Aelii
900 1148 1081 1192 Gracilis
1100 1149 1278 1189 invidia.
1322 1150 1386 1187 54.
1413 1148 1537 1189 Frisii
1562 1152 1684 1191 iuxta
1701 1152 1901 1194 Rhenum

291 1221 415 1260 sedes
433 1220 562 1268 figere
581 1220 740 1261 frustra
756 1221 977 1259 conantur.
1015 1219 1081 1257 55.
1095 1216 1284 1257 Eosdem
1302 1226 1428 1265 agros
1446 1216 1665 1257 Annibarii
1683 1222 1900 1269 occupant

289 1288 376 1328 fato
395 1288 561 1330 eodem.
605 1289 670 1327 56.
695 1287 887 1327 Boiocali
905 1286 1160 1325 constantia.
1199 1283 1415 1325 Ansibaril
1435 1285 1576 1325 deleti.
1621 1286 1685 1325 57.
1707 1285 1824 1326 catti
1843 1288 1898 1327 ab

288 1355 600 1395 Hermunduris
619 1356 707 1395 fere
725 1354 780 1393 ad
798 1354 978 1393 exitium
997 1348 1139 1403 gentis
1158 1352 1286 1393 caesi.
1328 1352 1458 1401 Ignes
1476 1356 1589 1394 terra
1607 1354 1709 1395 editi
1726 1356 1802 1395 vix
1820 1366 1897 1405 op·

290 1423 443 1472 pressi.
480 1423 546 1462 58.
563 1421 695 1463 Ficus
712 1422 961 1462 Ruminalis.

393 1490 524 1533 Gesta
541 1492 648 1532 haec
667 1489 789 1531 annis
809 1493 1002 1540 quatuor,
1022 1488 1123 1540 imp.
1149 1486 1325 1530 Claudio
1340 1488 1523 1540 Nerone,
1550 1487 1598 1530 L.
1620 1488 1798 1531 Antistio
1823 1488 1899 1532 Ve-

288 1563 389 1602 tere.
423 1559 472 1610 Q.
502 1559 681 1607 Volusio.
707 1559 757 1603 Ρ.
782 1557 972 1598 Comelio
988 1557 1197 1615 Scipione.
1225 1557 1333 1607 Imp.
1364 1558 1535 1612 c'laudte
1558 1557 1721 1598 Nerone
1739 1559 1817 1606 II..
1847 1559 1897 1601 L.

290 1627 516 1678 Calpurnio
535 1628 700 1687 Pisone.
730 1625 840 1676 Imp.
864 1623 1038 1666 Claudio
1057 1625 1219 1666 Nerone
1236 1623 1337 1673 III..
1366 1625 1528 1666 Valerio
1546 1627 1745 1666 Messalla
1764 1635 1869 1667 coss.

407 1733 454 1783 ⁴.
484 1722 673 1784 Prima
696 1745 840 1785 nevo
859 1729 1175 1800 principatu
1199 1745 1347 1784 mors
1363 1730 1507 1784 lunii
1526 1728 1732 1794 Silani,
1764 1746 1901 1800 pro-

289 1804 534 1859 consulis
554 1804 747 1870 Asiae‚
782 1807 976 1878 ignaro
1005 1805 1248 1868 Nerone,
1280 1821 1380 1876 per
1406 1804 1597 1859 dolum
1625 1804 1900 1878 Agrippi-

287 1897 390 1935 nae
429 1888 712 1952 patraturz·
746 1892 882 1944 non,
927 1880 1060 1952 quia
1104 1880 1325 1952 ingenii·
1350 1879 1613 1934 violentia
1656 1881 1899 1936 exitium

287 1957 625 2024 inritaverat,
659 1955 851 2042 segnis
872 1963 924 2011 et
945 1953 1416 2009 dominationibus
1438 1953 1564 2009 aliis
1580 1954 1894 2017 fastiditus,

287 2031 422 2087 adeo
461 2039 522 2088 ut
560 2031 621 2088 C.
663 2031 862 2089 Caesar
903 2033 1152 2100 pecudem
1187 2047 1403 2086 auream
1446 2045 1573 2084 eum
1611 2029 1900 2104 adpellare

285 2108 483 2162 solitus.
519 2107 620 2162 sit:
665 2123 860 2178 verum
887 2105 1229 2180 Agrippina,
1269 2103 1425 2161 fratri
1456 2105 1577 2160 eius
1606 2105 1669 2160 L.
1700 2105 1899 2162 Silano

287 2199 476 2245 necem
499 2183 706 2247 molita,
740 2181 975 2244 ultorem
997 2179 1293 2246 metuebat,
1325 2179 1516 2247 crebra
1538 2181 1698 2254 vulgi
1723 2182 1895 2250 fama,

283 2262 692 2326 anteponendum
751 2274 860 2314 esso
904 2261 1125 2317 uixdum
1178 2261 1465 2323 pueritiam
1524 2274 1725 2326 egresso
1782 2259 1900 2320 Ne·-

284 2339 430 2398 rom',
475 2343 526 2387 ot
565 2337 844 2402 imperium
877 2349 974 2399 per
1021 2334 1191 2386 aeolus
1230 2335 1443 2400 adepto,
1506 2338 1679 2388 virum
1720 2343 1903 2390 aetate

285 2415 589 2478 composita,
631 2413 906 2471 insontem,
947 2409 1194 2470 nobilem,
1242 2415 1322 2472 et,
1360 2411 1499 2476 qaod
1533 2417 1655 2464 tunc
1686 2419 1903 2477 φασια-

282 2494 454 2548 retur,
503 2499 530 2538 e
577 2482 860 2538 Caesarum
907 2485 1162 2550 posteris.-
1224 2482 1435 2554 quippe
1472 2490 1527 2538 et
1564 2481 1789 2538 Silanus
1816 2485 1897 2540 ·d.

248 2567 251 2570 ·
283 2557 520 2632 Augusti
549 2558 795 2630 abnepos
823 2564 958 2612 erat.
1019 2558 1163 2610 Haec
1188 2571 1383 2611 caussa
1410 2558 1585 2613 necis.
1649 2559 1901 2616 Ministri

285 2629 439 2687 fuere
466 2634 526 2689 P.
561 2633 745 2698 Celer,
779 2649 949 2706 eques
977 2631 1283 2700 Romanus,
1324 2640 1377 2686 et
1404 2632 1595 2687 Helius
1632 2633 1895 2700 liberine,

285 2705 365 2782 rei
405 2706 660 2764 familiari
692 2707 963 2781 principis
987 2709 1045 2760 in
1074 2706 1205 2762 Asia
1236 2705 1485 2778 inpositi.
1531 2707 1616 2763 Ab
1643 2708 1733 2763 his
1760 2727 1900 2782 pro-

285 2783 499 2837 consuli
541 2800 814 2840 venenum
856 2781 998 2838 inter
1039 2781 1232 2852 epulas
1272 2781 1459 2838 datum
1501 2793 1583 2840 est
1622 2789 1895 2858 apertius),
