2081 3038
297 174 362 222 90
782 169 1429 216 uls'roRlARUM
1616 158 1895 231 (A.o.823.

294 278 452 331 litum
475 273 726 328 laudibus
745 269 1003 328 cumulat.
1058 269 1357 324 postulante
1376 269 1632 334 exercitu,
1656 275 1717 323 ut
1738 267 1901 324 liber-

298 365 410 404 tum
431 365 594 402 suum
616 347 906 400 Asiaticum
939 347 1173 416 equestri
1201 344 1457 414 dignitate
1480 342 1901 408 donaret‚·inho·

299 434 502 478 nestam
521 421 876 478 adulationem
897 421 1201 491 compescit.
1262 420 1413 481 Dein,
1438 417 1729 474 mobilitate
1749 419 1900 492 inge-

301 500 392 563 nii,
429 497 572 568 quod
601 497 776 568 palam
805 495 1080 558 abnuerat,
1109 495 1245 548 inter
1262 504 1460 548 secreta
1480 494 1714 548 convivii
1739 492 1901 566 largi·

297 584 403 641 tur,
438 573 820 642 honoravitque
844 571 1139 624 Asiaticum
1168 568 1367 633 anulis,
1393 567 1607 625 foedum
1638 568 1899 640 mancipi-

301 667 390 703 um
413 657 462 702 et
487 646 641 702 malis
661 646 864 702 artibus
885 644 1250 699 ambitiosum.

403 726 490 778 58.
535 722 726 776 Iisdem
767 720 978 784 diebus,
1020 719 1309 772 accessisse
1341 717 1583 789 partibus
1617 727 1899 790 utramque

299 798 699 859 Mauretaniam,
730 793 1000 849 interfecto
1016 803 1351 865 procuratore
1371 793 1584 858 Albino,
1610 795 1785 850 nuntii
1805 809 1900 848 ve-

301 890 442 928 nere.
502 870 762 926 Luoeeius
782 869 1032 933 Albinus,
1057 887 1087 922 a
1107 869 1311 923 Nerone
1330 869 1687 924 Mauretaniae
1706 867 1900 923 Caesa-

298 949 462 1003 riensi
492 946 841 1018 praepositus,
871 943 1048 998 addita
1076 959 1170 1014 per
1196 942 1418 999 Galbam
1442 944 1753 1016 Tingitanae
1772 960 1899 1014 pro—

304 1024 506 1078 vinciae
534 1020 1006 1081 administratione,
1031 1018 1177 1072 haud
1202 1019 1516 1089 spernendis
1538 1018 1747 1073 viribus
1772 1036 1900 1090 age-

298 1099 404 1152 bat.
487 1095 615 1149 XIX
635 1093 893 1158 eohortes,
937 1095 1182 1164 quinque
1202 1093 1333 1158 alae,
1375 1094 1567 1165 ingens
1586 1093 1895 1149 Maurorum

301 1187 560 1226 numerus
585 1167 778 1231 aderat,
803 1185 898 1238 per
919 1167 1188 1222 latrocinia
1208 1177 1259 1222 et
1277 1176 1461 1238 raptus
1486 1177 1603 1238 apta
1624 1166 1765 1222 bello
1784 1185 1901 1221 ma-

301 1263 423 1301 nus.
504 1243 668 1299 Caeso
704 1241 892 1308 Galba,
933 1242 989 1297 in
1030 1241 1291 1296 Othonem
1331 1259 1553 1313 pronus,
1598 1259 1695 1298 nee
1721 1240 1901 1296 Africa

299 1327 595 1383 contentus,
636 1319 938 1389 Hispaniae,
981 1327 1209 1390 angusto
1228 1316 1356 1372 freto
1375 1317 1686 1388 diremptae,
1734 1318 1904 1372 inmi-

301 1397 474 1451 nebat.
530 1393 656 1448 Inde
673 1393 864 1448 Cluvio
883 1392 1020 1448 Rufo
1037 1401 1239 1446 metus:
1282 1400 1335 1446 et
1350 1390 1611 1447 decimam
1634 1390 1899 1464 legionem

299 1473 656 1547 propinquare
677 1468 835 1535 litori,
857 1477 916 1524 ut
935 1468 1371 1531 transmissurus,
1393 1467 1569 1523 iussit.
1612 1467 1901 1523 Praemissi

299 1549 652 1609 centuriones,
665 1546 762 1617 qui
773 1546 1081 1599 Maurorum
1102 1543 1309 1597 animos
1319 1542 1527 1597 Vitellio
1534 1542 1899 1598 conciliarent.

297 1626 485 1694 Neque
513 1620 744 1675 arduum
773 1619 890 1683 fuit,
924 1634 1117 1691 magna
1146 1634 1242 1688 per
1267 1619 1567 1688 provincias
1590 1618 1901 1673 Germanici

299 1690 562 1753 exercitus
582 1694 739 1749 fama.
811 1693 1169 1766 Spargebatur
1186 1693 1429 1763 insuper,
1452 1703 1626 1763 spreto
1646 1710 1903 1763 procura·

300 1772 426 1827 toris
449 1767 723 1834 vocabulo,
746 1767 1003 1823 Albinum
1025 1768 1239 1841 insigne
1258 1769 1421 1841 regis,
1453 1777 1503 1822 et
1522 1768 1683 1822 lubae
1704 1784 1903 1823 nomon

303 1865 432 1901 usur
473 1862 578 1901 are.

407 1862 492 1976 ὃς.
535 1921 608 1975 Ita
629 1920 846 1973 mutatis
865 1918 1083 1983 animis,
1105 1915 1329 1973 Asinius
1351 1912 1532 1981 Pollio,
1562 1917 1674 1972 alae
1694 1918 1905 1989 praefe—

297 2007 434 2062 ctuS,
459 2014 488 2051 e
509 1994 786 2052 fidissimis
806 1991 1018 2058 Albino,
1034 2000 1086 2047 et
1103 1993 1295 2047 Festus
1315 2009 1378 2046 ao
1390 1990 1586 2063 Scipio,
1600 1993 1903 2056 cohortium

299 2071 562 2143 praefecti,
587 2069 980 2140 opprimuntur.
1048 2069 1166 2138 Ipse
1185 2065 1434 2133 Albinus,
1458 2067 1590 2121 dum
1610 2084 1641 2122 e
1661 2069 1905 2141 Tingita—

301 2166 363 2201 na
387 2145 656 2217 provinoia
667 2142 1061 2197 Caesariensem
1074 2144 1457 2198 Mauretaniam
1474 2141 1621 2213 petit,
1636 2143 1905 2213 adpulsus

297 2222 457 2285 litori,
500 2218 809 2274 trucidatur.
891 2218 1032 2274 Uxor
1062 2219 1198 2283 eius,
1242 2234 1369 2272 cum
1400 2234 1459 2271 se
1490 2218 1904 2287 percussoribus

297 2296 594 2357 obtulisset,
627 2291 790 2347 simul
813 2292 1084 2348 interfecta
1106 2301 1210 2359 est3
1255 2290 1389 2347 nihil
1412 2308 1617 2357 eorum,
1646 2308 1789 2364 quae
1807 2294 1906 2348 fie-

299 2378 432 2434 rent,
456 2366 666 2424 Vitellio
685 2367 1017 2439 anquirente.
1055 2368 1210 2423 Brevi
1230 2367 1414 2422 auditu
1431 2367 1685 2439 quamvis
1706 2386 1905 2443 magna

299 2444 574 2507 transibat,
597 2443 753 2513 inpar
773 2442 918 2497 curis
937 2442 1295 2516 gravioribus.
1374 2443 1683 2497 Exercitum
1710 2444 1908 2499 itinere

299 2519 528 2572 terrestri
561 2533 779 2590 pergere
805 2516 982 2572 iubet:
1023 2520 1142 2589 ipse
1170 2516 1332 2571 Arare
1352 2514 1573 2573 flumine
1593 2516 1906 2583 devehitur,

299 2591 447 2646 nullo
465 2590 746 2663 principali
765 2600 972 2664 paratu,
987 2592 1083 2647 sed
1104 2600 1277 2647 vetere
1297 2600 1525 2666 egestate
1539 2592 1903 2663 conspicuus:

299 2665 464 2718 donee
492 2664 662 2719 lulius
691 2664 928 2732 Blaesus,
964 2666 1343 2741 Lugdunensis
1363 2666 1565 2722 Galliae
1594 2676 1785 2734 rector,
1810 2684 1907 2745 ge-
