2081 3038
306 257 371 308 78
567 296 576 304 .
872 256 1348 304 ANNALIUH
1645 246 1907 321 (auam.

306 367 473 417 minda
496 377 625 429 sum·
666 375 783 415 cum
810 361 1059 421 coniunx,
1089 375 1205 412 cum
1231 361 1373 428 filius
1391 362 1503 412 eius
1527 361 1797 413 servitium
1813 362 1914 413 ad-

308 441 406 492 huc
426 439 656 491 tolerent.
731 433 800 489 At
820 451 894 498 ce,
928 436 1199 487 duodecim
1225 436 1508 502 temonibus
1527 437 1764 502 petitum,
1781 437 1914 488 duco

314 515 539 575 Tiberio,
592 512 867 566 inlibatam
918 507 1298 564 Germanorum
1342 511 1567 577 gloriam
1609 511 1912 576 sev-tunicae.

307 588 439 644 Μοω
478 585 855 640 conditionibus
888 586 1072 652 aequis
1101 586 1412 638 discessum.-
1448 600 1613 654 nequo
1633 585 1912 652 pomnen,

308 665 447 732 quod
465 666 699 730 ipsorum
716 664 775 715 tn
796 675 957 714 manu
972 663 1062 723 sit,
1088 661 1347 728 intem-um
1364 660 1642 712 adversum
1658 658 1914 712 Rmnanos

310 740 514 802 bellum,
541 751 615 791 an
632 751 818 804 pacem
840 737 1170 789 tammam
1191 735 1394 788 malint.
1469 731 1812 787 His-vocibus
1831 733 1917 786 in-

310 813 531 868 stinctos
548 809 818 866 exercitus
826 807 1074 880 propriae
1081 823 1300 880 quoque
1307 824 1528 862 caussae
1537 805 1888 862 stimulabant
1901 825 1912 874 ;

310 903 437 942 cum
464 904 497 941 a
518 883 805 942 Cheruscis
826 881 1318 956 Langobardisque,
1346 899 1445 954 pro
1469 883 1690 955 antiquo
1707 881 1916 945 decore,

312 969 407 1017 aut
428 960 625 1016 recenti
656 959 921 1025 libertate3
964 965 1016 1013 et
1042 965 1242 1023 contra,
1269 955 1544 1032 augendae
1567 956 1916 1012 dominationi

311 1035 618 1092 certaretur.
697 1035 814 1088 Non
843 1032 975 1090 alias
1002 1033 1202 1088 maiore
1219 1031 1359 1088 mole
1375 1049 1718 1098 concursum,
1743 1049 1922 1104 neque

314 1110 569 1184 ambiguo
596 1110 769 1182 magis
801 1115 1019 1174 eventu,
1051 1107 1192 1163 fusis
1218 1109 1494 1180 utrimque
1517 1106 1722 1164 dextris
1739 1107 1922 1162 corni-

312 1187 437 1242 bus.
517 1183 947 1256 Sperabaturque
972 1199 1191 1238 rursum
1221 1199 1402 1256 pugna
1418 1223 1432 1250 ,
1473 1183 1532 1238 ni
1559 1181 1922 1240 Maroboduus

313 1267 484 1316 castra
505 1261 563 1316 in
582 1257 745 1315 colles
767 1257 1138 1314 subduxisset.
1218 1257 1280 1313 Id
1293 1259 1516 1332 signum
1533 1255 1770 1330 perculsi
1786 1251 1893 1313 fuit

310 1344 367 1392 et
384 1334 699 1408 transfugiis
720 1332 1003 1407 paullatim
1022 1332 1278 1399 nudatum,
1299 1335 1360 1390 in
1377 1334 1780 1389 Marcomannos
1793 1350 1925 1388 con-

314 1411 495 1478 cessit,
526 1409 785 1482 misitque
811 1407 1009 1483 legatos
1024 1407 1096 1464 ad
1115 1409 1412 1474 Tiberium,
1433 1415 1676 1464 oraturos
1695 1406 1920 1464 auxilia.

200 1522 209 1531 ·
314 1489 653 1559 Responsum
670 1492 770 1552 est,
800 1501 907 1540 non
922 1488 1039 1539 iure
1057 1501 1174 1539 eum
1196 1488 1448 1541 adversus
1471 1483 1754 1540 ωοονωοω
1765 1501 1922 1539 arma
2000 1519 2005 1523 -

317 1565 550 1619 Romana
576 1566 837 1625 invocaro,
868 1565 963 1630 qui
981 1565 1270 1631 pugnantis
1295 1566 1354 1615 iu
1379 1564 1594 1615 eundem
1611 1563 1803 1615 hostem
1819 1561 1926 1614 Ro-

318 1654 498 1693 manos
514 1639 665 1693 nulla
688 1655 783 1705 opo
800 1640 1029 1691 iuvisset.
1087 1635 1290 1693 Missus
1307 1644 1486 1691 tamen
1504 1636 1734 1702 DrusuS,
1757 1641 1820 1691 ut
1839 1652 1926 1691 re-

318 1712 565 1777 tulimus,
587 1712 707 1782 paci
727 1710 979 1766 firmator.

430 1788 515 1842 47.
562 1786 764 1843 Eodem
802 1803 943 1843 anno
978 1784 1261 1841 duodecim
1297 1784 1531 1841 celebres
1566 1785 1725 1842 Asiae
1761 1784 1927 1841 urbes

320 1860 599 1933 con-lapsae
618 1868 874 1918 nocturno
892 1868 1040 1917 motu
1061 1869 1258 1917 terrae:
1300 1878 1410 1935 quo
1436 1860 1780 1933 improvisior
1801 1876 1928 1934 gra-

319 1936 882 2070 mqubpfflbssf„
906 1934 1930 2085 affluiffiffifflffiffifflg

321 2089 479 2145 terris
498 2088 901 2145 hauriebantur.
980 2087 1195 2143 Sedisse
1212 2088 1507 2143 immensos
1527 2094 1735 2144 montes
1749 2106 1772 2141 ι·
1809 2087 1929 2141 visa

322 2165 380 2220 in
402 2162 591 2229 arduo,
626 2181 767 2237 quae
794 2162 952 2236 plana
990 2162 1212 2218 fuerint:
1255 2161 1522 2218 effulsisse
1549 2162 1688 2218 inter
1711 2161 1930 2217 ruinam

322 2241 488 2313 ignis,
513 2246 824 2294 memorant.
904 2236 1214 2309 Aspen-ima
1238 2238 1296 2293 in
1315 2237 1600 2293 Sardianos
1618 2236 1736 2293 lues
1755 2236 1932 2309 pluri-

325 2329 479 2370 mum
498 2315 557 2369 in
576 2313 790 2369 eosdem
810 2312 1202 2369 misericordiae
1221 2313 1398 2369 traxit.
1467 2313 1605 2367 Nam
1625 2313 1823 2369 centies
1843 2330 1934 2367 se-

324 2389 571 2445 stertium
590 2388 859 2460 pollicitus
878 2387 1090 2453 Caesar,
1102 2396 1173 2454 et,
1187 2394 1452 2461 quantum
1471 2388 1672 2443 aerario
1689 2395 1785 2443 aut
1801 2386 1933 2443 fisco

325 2462 645 2535 pendebant,
668 2464 725 2518 in
744 2462 1184 2534 quinquennium
1206 2464 1431 2519 remisit.
1505 2463 1778 2537 Magnetes
1795 2480 1826 2518 a
1845 2462 1934 2518 Si-

326 2536 454 2611 pylo
472 2538 705 2610 proximi
722 2536 919 2593 damno
934 2552 998 2591 ac
1014 2538 1250 2594 remedio
1268 2537 1458 2595 habiti.
1508 2538 1780 2604 Temnios,
1801 2538 1935 2595 Phi-

328 2611 669 2691 ladelphencs
683 2653 697 2677 ,
739 2612 995 2686 Aegeatas
1008 2650 1023 2675 ,
1062 2612 1502 2684 Apollonidenses
1519 2654 1534 2679 ,
1571 2614 1782 2687 quique
1817 2613 1936 2669 Mc-

328 2686 468 2741 steni
486 2702 549 2741 ac
571 2687 882 2743 Macedones
907 2687 1141 2761 Hyrcani
1169 2695 1444 2754 vocantur,
1467 2696 1520 2744 et
1537 2689 1936 2745 Hierocaesare-

331 2776 439 2825 am,
458 2759 746 2835 Myrinam,
758 2761 985 2836 Cymen,
998 2761 1269 2829 Tmolum,
1291 2762 1458 2819 levari
1476 2763 1620 2821 idem
1639 2764 1699 2821 in
1717 2771 1938 2837 tempus
