2081 3038
150 218 394 295 meno.)
576 225 716 273 un.
755 224 853 274 lv.
895 227 1057 274 cAP.
1098 227 1309 274 8—10.
1662 222 1760 277 475

143 341 326 403 patres
353 334 541 399 avique
569 331 920 383 instituerint.-
959 330 1217 383 ulteriora
1232 332 1440 395 mirari,
1455 336 1760 400 praesentia

149 411 324 476 sequi.-
364 408 521 459 bonos
547 408 886 471 imperatores
911 411 1030 457 voto
1059 412 1319 471 eaepetere,
1363 408 1761 475 qualescumque

152 485 392 536 tolerare.
469 479 590 535 Non
608 482 777 547 maqis
798 495 899 532 sua
916 482 1153 532 oratione
1179 479 1473 545 leaseam,
1497 488 1654 549 quam
1673 487 1760 535 iu-

149 561 291 612 dicio
307 562 535 618 senatus,
565 556 849 621 adflictum.
919 552 1206 608 Saevitiam
1224 554 1449 608 Neronis
1464 573 1559 623 per
1577 559 1761 609 huius-

151 635 292 687 modi
317 632 568 699 imagines
597 630 868 683 inlusisse:
907 644 1000 682 nec
1027 632 1201 683 minus
1226 631 1327 685 sibi
1356 634 1577 683 anoeiam
1607 632 1761 683 talem

150 709 466 768 amicitiam,
508 721 666 774 quam
701 706 827 757 aliis
865 705 1101 757 emiliam.
1178 704 1409 773 Denique
1448 708 1757 768 constantia,

151 785 473 853 fortitudine,
518 778 800 834 Catonibus
823 786 872 833 et
899 778 1082 832 Brutis
1115 787 1434 848 aequaretur
1460 780 1761 834 Helvidius:

151 875 206 914 se
227 873 386 910 unum
404 872 510 910 esse
529 872 598 910 em
618 856 712 907 illo
728 862 929 917 senatu,
953 857 1045 923 qui
1062 856 1219 908 simul
1237 858 1492 910 servierit.
1526 854 1761 910 Suadere

152 936 310 987 etiam
335 932 529 994 Prisco,
560 947 625 984 ne
645 946 810 998 supra
827 932 1120 997 principem
1146 933 1446 984 scanderet:
1486 947 1550 984 ne
1574 930 1761 997 Vespa-

150 1012 375 1071 sianum,
397 1023 567 1060 senem
587 1005 966 1073 triumphalem,
979 1008 1220 1058 iuvenum
1241 1007 1521 1059 liberorum
1532 1013 1757 1075 patrem,

143 1086 440 1151 praeceptis
462 1089 731 1137 coerceret.
815 1079 1078 1146 Quomodo
1095 1085 1332 1147 pessimis
1359 1082 1761 1149 imperatoribus

151 1162 263 1213 sine
279 1162 380 1228 line
399 1161 814 1219 dominationem,
837 1159 932 1219 ita,
957 1160 1194 1225 quamvis
1214 1161 1447 1225 eqreqiis,
1464 1160 1669 1212 modum
1691 1159 1761 1211 li-

155 1237 368 1288 bertatis
402 1236 628 1301 placere.
702 1231 862 1295 Haec,
903 1230 1118 1304 magnis
1156 1232 1431 1303 utrimque
1468 1232 1759 1288 contentio-

153 1307 317 1362 nibus
365 1310 577 1372 iactata,
623 1306 854 1361 diversis
893 1305 1088 1359 studiis
1127 1307 1539 1377 accipiebantur.
1616 1308 1759 1363 Vicit

150 1401 297 1455 pars,
310 1400 450 1455 quae
469 1381 646 1437 sortiri
667 1379 866 1453 legatos
887 1377 1134 1445 malebat,
1149 1382 1307 1434 etiam
1327 1382 1521 1436 mediis
1543 1390 1755 1452 patrum

153 1458 514 1514 adnitentibus
570 1455 797 1509 retinere
851 1470 1075 1508 morem.
1163 1454 1231 1507 Et
1286 1454 1758 1526 splendidissimus

153 1534 391 1607 quisque
410 1532 593 1588 eodem
613 1529 922 1595 inclinabat,
955 1537 1102 1584 metu
1123 1528 1375 1596 invidiae,
1399 1532 1446 1584 si
1466 1532 1573 1602 ipsi
1593 1530 1759 1605 elige-

153 1619 356 1664 rentur.

266 1685 317 1738 9.
359 1679 611 1737 Secutum
633 1679 780 1735 aliud
801 1687 1085 1736 certamen.
1114 1680 1384 1736 Praetores
1404 1683 1590 1737 aerarii
1612 1681 1757 1757 (nam

156 1768 273 1815 tum
293 1776 322 1813 a
343 1755 676 1830 praetoribus
695 1754 1014 1810 tractabatur
1034 1755 1319 1829 aerarium)
1327 1754 1599 1828 publicam
1621 1777 1757 1830 pau-

151 1843 410 1908 pertatem
429 1833 626 1904 questi,
650 1831 870 1886 modum
891 1831 1135 1902 inpensis
1154 1832 1568 1904 postulaverant.
1620 1835 1754 1888 Eam

152 1927 339 1967 curam
368 1906 553 1964 consul
583 1907 913 1982 designatus,
943 1908 1013 1963 ob
1042 1907 1468 1982 magnitudinem
1501 1910 1678 1963 oneris
1706 1917 1758 1964 et

153 1985 376 2042 remedii
398 1981 785 2048 difficultatem,
808 1982 1037 2056 principi
1061 1983 1379 2040 reservabat.
1454 1982 1753 2051 Helvidius,

152 2062 370 2118 arbitrio
399 2067 614 2114 senatus
635 2056 920 2133 agendum,
950 2060 1177 2114 censuit.
1259 2059 1395 2114 Cum
1419 2069 1757 2132 perrogarent

153 2137 440 2194 sententias
479 2134 754 2200 consules,
797 2132 1067 2191 Volcatius
1106 2133 1433 2189 Tertullinus
1449 2177 1461 2200 ‚
1506 2135 1755 2190 tribunus

152 2213 346 2287 plebis,
369 2210 685 2276 intercessit,
715 2227 784 2264 ne
807 2208 941 2282 quid
961 2225 1122 2281 super
1142 2217 1283 2264 tanta
1302 2227 1377 2275 re,
1399 2211 1641 2282 principe
1662 2211 1757 2265 ab-

151 2297 318 2353 sente,
342 2294 676 2342 statueretur.
719 2283 1008 2341 Censuerat
1031 2283 1326 2350 HelvidiuS,
1354 2294 1413 2341 ut
1434 2284 1754 2356 Capitolium

152 2363 368 2436 publice
406 2363 798 2427 restitueretur,
848 2359 1124 2416 adiuvaret
1160 2361 1541 2431 Vespasianus,
1620 2361 1753 2416 Eam

154 2438 468 2494 sententiam
491 2436 921 2492 modestissimus
940 2437 1177 2509 quisque
1197 2436 1426 2501 silentio,
1448 2434 1643 2491 deinde
1659 2437 1757 2492 ob-

153 2515 284 2571 livio
303 2513 616 2568 transmisit.
695 2511 884 2576 Fuere,
913 2511 1009 2582 qui
1030 2519 1082 2566 et
1101 2512 1490 2566 meminissent.

266 2592 348 2644 10.
391 2589 531 2645 Tum
559 2588 802 2644 invectus
828 2595 908 2643 est
925 2587 1207 2643 Musonius
1230 2585 1400 2641 Rufus
1424 2587 1479 2641 in
1502 2586 1755 2642 Publium

153 2664 413 2729 Celerem,
444 2681 473 2718 a
502 2681 614 2738 quo
641 2663 861 2719 Baream
889 2661 1152 2719 Soranum
1182 2661 1311 2717 falso
1332 2661 1631 2719 testimonio
1651 2665 1757 2719 cir·-

153 2747 502 2797 cumventum
545 2740 816 2816 arguebat.
896 2738 973 2794 Ea
1013 2738 1311 2814 cognitione
1350 2739 1593 2795 renovari
1632 2738 1754 2795 odia
