2081 3038
162 197 289 238 amc
314 179 433 256 70..)
613 190 1110 238 1.113.11.cA1².
1155 193 1298 239 5.s.
1702 187 1760 239 δι

162 289 463 381 habituque
490 291 587 347 vix
614 309 643 346 a
672 291 915 366 gregario
944 290 1118 346 milite
1145 291 1482 362 discrepans:
1523 308 1765 364 prorsus,

162 366 215 422 si
240 367 461 421 avaritia
484 367 711 431 abesset,
742 367 981 437 antiquis
1008 366 1241 421 ducibus
1263 383 1378 438 par.
1456 365 1766 424 Mucianum

164 458 195 495 e
231 442 493 496 contrario
529 441 919 522 magnificentia
960 449 1011 495 et
1048 458 1176 512 opes
1205 449 1256 495 et
1284 449 1470 496 cuncta
1497 458 1560 513 p1
1563 443 1766 498 ivatum

162 516 385 571 modum
407 533 753 590 supergressa
762 515 1112 571 extollebant.
1178 516 1361 587 Aptior
1383 517 1634 581 sermoni,
1657 518 1770 572 dis-

162 591 342 662 positu
370 592 701 662 provisuque
728 590 977 645 civilium
1005 608 1188 646 rerum
1218 591 1448 662 peritus:
1477 593 1764 679 egregium

161 665 495 736 principatus
517 674 1013 737 temperamentum,
1042 665 1110 731 si,
1133 666 1366 737 demptis
1387 665 1669 735 utriusque
1687 667 1771 720 vi-

162 740 273 805 tiis,
306 739 448 795 solae
477 741 699 796 virtutes
728 743 1098 797 miscerentur.
1178 740 1422 796 Ceterum
1450 739 1537 794 hic
1561 739 1764 814 Syriae,

162 814 255 870 ille
275 815 497 870 Iudaeae
516 817 870 888 praepositus,
903 816 1098 871 vicinis
1119 816 1515 887 provinciarum
1538 813 1770 870 admini-

161 891 527 955 strationibus,
558 891 762 946 invidia
790 891 1081 956 discordeS,
1111 892 1258 946 exitu
1279 890 1498 946 demum
1521 891 1765 956 Neronia,

161 965 353 1036 positis
371 965 567 1032 odiis,
552 985 607 1021 ιιι
628 966 867 1021 medium
888 966 1232 1022 consuluere:
1259 968 1498 1038 primum
1519 983 1614 1038 per
1633 964 1771 1020 ami-

162 1057 282 1096 cos:
324 1039 447 1096 dein
478 1043 762 1113 praecipua
788 1041 1097 1116 concordiae
1119 1041 1250 1098 fides
1270 1043 1442 1107 Τὶῐιιε,
1472 1059 1635 1112 prava
1655 1059 1770 1096 cer-

163 1116 362 1172 tamina
381 1119 653 1173 communi
678 1117 902 1173 utilitate
919 1116 1246 1175 aboleverat:
1275 1125 1462 1172 natura
1483 1125 1641 1189 atque
1659 1124 1770 1172 arte

162 1193 489 1279 compositus
508 1193 821 1248 adliciendis
840 1193 998 1248 etiam
1022 1193 1254 1248 Muciani
1278 1192 1535 1248 moribus.
1573 1193 1770 1248 Tribu-

162 1266 220 1320 ni
242 1269 685 1355 centurionesque
710 1277 761 1323 et
788 1267 987 1342 vulgus
1015 1268 1274 1332 militum,
1297 1268 1581 1333 industria
1605 1268 1769 1323 licen-

164 1341 256 1407 tia,
288 1359 380 1412 per
402 1342 643 1409 virtutes,
685 1359 782 1414 per
801 1343 1119 1415 voluptates,
1161 1351 1222 1398 ut
1243 1343 1444 1414 cuique
1463 1343 1764 1416 ingenium,

162 1415 614 1473 adsciscebantur.

276 1494 327 1548 6
367 1491 669 1563 Antequam
680 1493 833 1547 Titus
854 1490 1178 1556 adventaret,
1202 1498 1593 1546 sacramentum
1607 1489 1770 1547 Otho-

166 1580 263 1620 ms'
274 1576 543 1636 acceperat
560 1575 787 1639 uterque
804 1567 1092 1631 exercitus,
1116 1566 1512 1637 praecipitibus,
1540 1573 1599 1621 ut
1617 1566 1772 1621 adso-

165 1640 255 1705 let,
282 1640 507 1705 nuntiis,
530 1649 583 1695 et
600 1642 745 1697 tarda
766 1640 903 1698 mole
928 1640 1108 1696 civilis
1127 1640 1276 1705 belli,
1304 1642 1448 1713 quod
1471 1641 1626 1715 longa
1645 1658 1771 1696 con-

164 1715 343 1771 cordia
362 1715 579 1786 quietus
598 1715 791 1772 Oriens
810 1725 939 1772 tunc
957 1718 1198 1787 primum
1220 1716 1456 1788 parabat.
1525 1718 1771 1789 Namque
1825 1774 1834 1782 ,

164 1791 297 1848 olim
320 1789 651 1845 validissima
674 1792 809 1845 inter
828 1809 887 1847 se
906 1793 1110 1847 civium
1130 1810 1298 1857 arma,
1327 1792 1383 1846 in
1405 1791 1551 1848 Italia
1572 1792 1773 1848 Gallia-

167 1883 255 1929 ve,
298 1864 508 1920 viribus
544 1864 847 1921 Occidentis
884 1875 1084 1940 coepta.
1165 1868 1233 1923 Et
1260 1834 1768 1939 130mpeio‚Cassio‚

164 1942 347 2004 Bruto,
372 1939 618 2007 Antonio,
639 1959 775 2013 quos
794 1959 981 1998 omnes
1000 1949 1146 1997 trans
1165 1960 1314 1998 mare
1332 1950 1575 1997 secutum
1598 1951 1680 1996 est
1696 1942 1774 1997 ci-

167 2013 275 2070 vile
295 2014 517 2081 bellum,
553 2016 697 2071 haud
716 2019 956 2089 prosperi
976 2018 1154 2075 exitus
1175 2018 1400 2075 fuerant.
1480 2016 1774 2089 Auditique

164 2090 384 2160 saepius
410 2091 465 2145 in
496 2056 649 2166 'Syria
679 2092 981 2165 Iudaeaque
1006 2092 1278 2160 Caesares,
1319 2110 1486 2165 quam
1523 2092 1770 2163 inspecti.

165 2164 327 2221 Nulla
356 2152 553 2222 seditio
574 2166 876 2241 legionum:
920 2176 1128 2223 tantum
1151 2167 1412 2224 adversus
1433 2167 1650 2222 Parthos
1671 2167 1775 2221 mi-

166 2258 287 2306 nae,
332 2241 481 2299 vario
498 2252 713 2300 eventu.
792 2244 861 2299 Et
885 2244 1132 2315 proximo
1168 2243 1314 2299 civili
1344 2242 1774 2308 he110,turbatis

156 2314 310 2381 ¹aliis,
354 2318 671 2373 inconcussa
710 2318 787 2374 ibi
827 2336 960 2391 pax.
1022 2319 1149 2376 dein
1189 2318 1322 2375 fides
1361 2335 1484 2391 erga
1524 2317 1770 2373 Galbam.

168 2392 311 2457 Mox,
344 2401 422 2458 ut,
451 2392 717 2449 Othonem
743 2411 806 2449 ac
821 2394 1100 2450 Vitellium
1121 2393 1360 2450 scelestis
1381 2394 1546 2448 armis
1568 2410 1652 2447 res
1673 2392 1777 2447 Ro-

170 2484 356 2521 manas
387 2476 599 2539 raptum
621 2470 719 2534 ire,
743 2469 1023 2544 vulgatum
1050 2478 1149 2535 est,
1182 2487 1251 2525 ne
1269 2484 1437 2557 penes
1453 2477 1650 2524 ceteros
1671 2468 1776 2521 im·-

168 2542 305 2615 perii
344 2544 599 2613 praemia,
639 2562 803 2616 penes
840 2547 988 2617 ipsos
1018 2553 1226 2601 tantum
1256 2544 1462 2601 servitii
1489 2544 1776 2599 necessitas

170 2624 329 2683 esset,
362 2616 585 2674 fremere
613 2620 769 2675 miles
786 2629 839 2677 et
856 2623 999 2677 vires
1018 2638 1150 2677 suas
1173 2620 1602 2692 circumspicere.
1683 2618 1778 2674 Se-

170 2702 315 2765 ptem
349 2692 581 2768 legiones
608 2698 789 2753 statim
816 2705 1022 2755 etcum
1050 2697 1363 2773 ingentibus
1384 2695 1605 2753 auxiliis
1623 2693 1776 2771 Syria
