2081 3038
297 225 397 282 254
637 231 692 276 e.
734 227 1176 276 CORNELIUS
1219 228 1549 274 TAclTus

298 333 553 396 suaseris,
585 349 750 403 quam
782 348 966 387 vocare
994 329 1174 386 hostes
1204 338 1255 385 et
1274 329 1493 386 vulnera
1517 330 1727 384 mereri.
1808 327 1897 384 Pi-

297 425 456 480 grum
495 407 799 479 quinimmo
837 414 888 461 et
913 407 1058 462 iners
1096 405 1321 471 videtur,
1370 404 1563 460 sudore
1592 405 1893 478 adquirere,

297 481 442 554 quod
463 483 636 554 possis
657 483 918 555 sanguine
937 499 1140 553 parare.

411 561 492 612 ¹5.
535 556 788 624 Quotiens
819 556 956 611 bella
977 575 1082 612 non
1102 556 1307 619 ineunt,
1335 553 1566 610 multum
1592 555 1893 620 venatibuS,

298 632 420 703 plus
440 649 534 704 per
553 634 720 687 otium
743 631 1061 704 transigunt,
1086 630 1249 685 dediti
1270 647 1456 684 somno
1480 630 1723 702 ciboque.
1768 631 1897 684 For-

301 709 543 762 tissimus
574 708 808 779 quisque
839 725 900 760 ao
925 706 1367 760 bellicosissimus
1390 705 1522 759 nihil
1546 723 1729 778 agenS,
1754 705 1899 760 dele—

297 787 415 855 gata
435 783 628 839 domus
648 791 699 836 et
720 783 994 836 Penatium
1027 790 1077 835 et
1098 798 1345 853 agrorum
1369 785 1492 834 cura
1518 779 1731 834 feminis
1753 781 1871 834 seni

297 859 510 930 busque
529 866 578 911 et
597 857 965 912 infirmissimo
985 858 1183 928 cuique
1203 873 1269 910 ex
1286 853 1515 909 familia:
1542 855 1647 926 ipsi
1668 855 1892 924 hebent;

299 933 432 986 mira
454 932 756 986 diversitate
776 939 1010 995 naturae,
1026 949 1151 986 cum
1172 929 1332 983 iidem
1355 929 1598 984 homines
1619 931 1698 984 sie
1718 937 1898 985 ament

298 1008 542 1062 inertiam
563 1015 613 1060 et
637 1007 841 1061 oderint
860 1008 1114 1078 quietem.
1176 1005 1289 1060 Mos
1304 1013 1389 1058 est
1407 1005 1731 1071 civitatibus,
1758 1007 1897 1060 ultro

297 1101 358 1137 ae
395 1081 596 1136 viritim
639 1080 872 1136 conferre
912 1080 1246 1152 principibus
1287 1079 1369 1134 vel
1409 1088 1769 1136 armentorum
1809 1080 1893 1134 vel

298 1156 512 1228 frugum
525 1197 536 1219 ,
559 1156 722 1226 quod,
747 1173 842 1226 pro
861 1156 1057 1210 honore
1078 1163 1370 1226 acceptum,
1391 1156 1548 1209 etiam
1568 1158 1897 1211 necessitati-

295 1231 400 1284 bus
420 1227 686 1284 subvenit.
719 1229 962 1284 Gaudent
981 1232 1265 1302 praecipue
1284 1229 1631 1284 finitimarum
1651 1232 1895 1306 gentium

297 1303 469 1370 donis,
499 1321 638 1376 quae
670 1323 774 1360 non
804 1305 959 1360 modo
987 1323 1016 1360 a
1038 1305 1289 1379 singulis,
1314 1305 1408 1360 sed
1433 1305 1646 1376 publice
1672 1308 1898 1361 mittun-

297 1389 411 1436 tur:
460 1378 607 1434 electi
648 1382 794 1452 equi,
836 1399 1028 1455 magna
1067 1399 1232 1446 arma,
1274 1379 1519 1452 phalerae
1549 1389 1892 1454 torquesque.

297 1457 405 1510 Iam
427 1463 476 1510 et
493 1457 772 1529 pecuniam
797 1459 1030 1529 accipere
1050 1456 1353 1510 docuimus,

409 1536 489 1586 ⁴6.
532 1531 718 1587 Nullas
759 1534 1146 1589 Germanorum
1186 1532 1401 1605 populis
1446 1533 1605 1588 urbes
1645 1532 1893 1598 habitari,

297 1609 424 1661 satis
449 1616 629 1661 notum
653 1616 758 1664 est:
804 1626 868 1663 ne
887 1608 1237 1680 pati.quidem
1265 1609 1399 1662 inter
1421 1626 1477 1662 se
1495 1608 1701 1663 iunctas
1720 1608 1909 1663 sedes?

297 1681 490 1735 Colunt
514 1682 728 1737 discreti
747 1700 807 1738 ac
825 1682 1045 1748 diversi,
1091 1692 1150 1737 ut
1181 1682 1315 1747 fonS‚
1359 1692 1418 1738 ut
1438 1700 1679 1754 campuS,
1722 1693 1783 1737 ut
1806 1702 1900 1738 ne-

296 1774 420 1809 mus
457 1755 671 1827 placuit.
751 1759 908 1814 Vicos
937 1758 1127 1823 locant,
1171 1776 1276 1813 non
1318 1759 1374 1813 in
1414 1766 1652 1814 nostrum
1693 1776 1897 1814 morem

295 1833 548 1886 connexis
588 1839 638 1886 et
675 1834 1078 1889 cohaerentibus
1118 1833 1403 1888 aedificiis:
1466 1851 1619 1889 suam
1659 1835 1897 1906 quisque

294 1908 514 1961 domum
537 1910 705 1979 spatio
723 1907 1030 1971 circumdat,
1054 1908 1169 1962 sive
1190 1908 1447 1963 adversus
1469 1926 1624 1963 casus
1646 1908 1791 1981 ignis
1814 1927 1897 1963 re-

295 1982 554 2049 medium,
596 1984 712 2037 sive
738 1984 948 2037 inscitia
979 1984 1309 2038 aedificandi.
1390 1984 1468 2038 Ne
1499 1992 1893 2038 caementorum

294 2057 514 2129 quidem
553 2058 693 2127 apud
733 2056 852 2112 illos
893 2066 984 2113 aut
1021 2057 1322 2131 tegularum
1364 2076 1525 2113 usus:
1578 2060 1799 2112 materia
1829 2060 1895 2113 ad

293 2134 471 2186 omnia
501 2140 724 2187 utuntur
752 2132 967 2189 informi
997 2142 1047 2189 et
1076 2134 1202 2189 citra
1232 2134 1462 2205 speciem
1487 2142 1577 2189 aut
1596 2133 1892 2189 delectatio-

295 2225 436 2262 nem.
480 2206 746 2273 Quaedam
773 2207 882 2263 loca
904 2208 1215 2283 diligentius
1236 2208 1471 2263 inlinunt
1488 2216 1639 2271 terra,
1663 2210 1735 2263 ita
1757 2226 1895 2279 pura

295 2300 354 2336 ac
373 2281 699 2353 splendente,
731 2291 788 2338 ut
808 2284 1071 2355 picturam
1095 2302 1155 2339 ac
1174 2283 1487 2338 lineamenta
1509 2282 1740 2339 colorum
1767 2286 1897 2338 imi-

295 2365 450 2411 tetur.
529 2356 707 2413 Solent
735 2368 784 2412 et
815 2360 1183 2415 subterraneos
1211 2376 1403 2431 specus
1437 2360 1658 2431 aperire,
1692 2376 1897 2432 eosque

295 2429 463 2485 multo
492 2432 713 2502 insuper
741 2434 867 2489 fimo
895 2444 1131 2500 onerant,
1165 2433 1461 2509 suffugium
1491 2434 1655 2489 hiemi
1678 2442 1729 2488 et
1749 2452 1897 2489 rece-

295 2502 566 2573 ptaculum
605 2506 873 2581 frugibus,
922 2511 1050 2581 quia
1081 2510 1305 2582 rigorem
1340 2509 1596 2582 frigorum
1626 2510 1896 2564 eiusmodi

295 2578 422 2631 locis
441 2578 718 2636 molliunt:
761 2591 830 2648 et,
854 2584 1135 2655 siquando
1154 2584 1573 2648 hostis‘advenit,
1598 2592 1776 2655 aperta
1800 2602 1898 2656 po·-

292 2648 526 2717 pulatur,
560 2653 734 2709 abdita
763 2665 941 2712 autem
963 2666 1013 2713 et
1030 2657 1236 2713 defossa
1258 2666 1348 2713 aut
1368 2659 1695 2731 ignorantur,
1720 2667 1815 2713 aut
1834 2678 1899 2715 eo

293 2723 410 2776 inso
429 2722 638 2793 fallunt,
661 2729 806 2799 quod
826 2732 1125 2803 quaerenda
1145 2743 1287 2789 sunt.
1750 2754 1757 2761 ·
