2081 3038
292 255 360 310 54
844 257 1310 306 ANNALIUM
1493 303 1500 314 ,
1621 247 1896 320 (munes.

298 378 417 415 rum
442 363 621 414 haberi
656 362 889 429 darique.
974 360 1075 412 Ubi
1101 361 1249 412 iliam
1275 360 1500 426 qtoriam
1520 360 1901 411 trucidantium

302 436 572 496 Crassum,
604 438 994 490 exturbantium
1011 433 1316 499 Antonium3
1358 436 1407 486 si
1425 436 1739 500 mancipium
1763 429 1900 486 Cae-

296 514 454 574 saris,
482 517 553 563 tot
567 528 663 577 per
682 527 847 564 annos
867 514 1164 563 servitutem
1178 523 1492 576 perpessum,
1507 507 1713 560 Parthis
1733 511 1900 574 impc-

298 582 459 638 ruet?
496 582 826 639 Accendebat
845 582 1192 656 dedignantes
1213 589 1264 635 et
1281 581 1399 654 ipse
1413 623 1425 646 ‚
1462 579 1708 636 diversus
1729 599 1759 635 a
1780 597 1899 634 ma-

297 661 471 714 iorum
503 659 788 720 institutis;
836 675 954 712 raro
982 664 1204 721 venatu,
1244 656 1396 729 segni
1435 672 1696 728 equorum
1735 671 1894 722 cura;

298 733 545 806 quotiens
563 751 658 805 per
678 733 839 788 urbes
861 731 1143 797 incederet,
1159 731 1370 786 lecticae
1389 731 1702 805 gestamine,
1727 729 1900 784 fastu-

296 825 404 880 que
424 825 544 880 erga
569 809 763 878 patrias
785 806 988 878 epulas,
1059 805 1429 861 Inridebantur
1453 813 1504 860 et
1523 804 1709 861 Graeci
1729 804 1900 860 comi-

297 891 375 937 tes
392 925 405 947 ‚
438 900 499 938 ac
520 883 783 938 vilissima
804 881 1114 938 utensilium
1137 879 1335 936 annulo
1354 879 1560 936 clausa:
1601 879 1697 934 sed
1713 895 1900 952 prom-

296 960 373 1030 pti
394 957 589 1021 aditus,
612 956 768 1012 obvia
788 958 1025 1020 comitas,
1051 955 1474 1030 ignotaeParthis
1504 957 1744 1019 virtutes,
1760 971 1900 1010 nova

301 1033 455 1096 vitia;
498 1039 547 1084 et
567 1032 696 1103 quia
716 1032 953 1102 ipsorum
976 1030 1218 1086 moribus
1237 1029 1406 1085 aliena
1423 1071 1436 1096 ,
1467 1028 1688 1102 perinde
1709 1028 1896 1085 odium

298 1109 479 1178 pravis
500 1115 551 1159 et
570 1106 823 1162 honestiS.

412 1185 461 1235 3.
506 1180 999 1252 Igitur-Artabanum
1013 1179 1387 1236 Arsacidarum
1407 1195 1436 1234 e
1457 1180 1737 1254 sanguine,
1753 1179 1900 1250 apud

302 1255 473 1310 Dahas
494 1254 727 1330 adultus,
750 1256 973 1310 excitur.
997 1255 1282 1328 primoque
1300 1271 1590 1328 congressu
1609 1253 1786 1318 susm,
1811 1271 1898 1308 re-

298 1337 449 1402 parat
469 1331 629 1394 vireS,
653 1347 924 1404 regnoque
940 1331 1159 1401 potitur.
1202 1329 1566 1386 VictoVononi
1586 1327 1896 1404 perfugium

300 1404 551 1461 Armenia
573 1403 673 1460 ruit
686 1447 699 1470 ,
745 1422 908 1460 vacua
930 1412 1059 1459 tunc
1073 1445 1086 1470 ‚
1126 1405 1370 1476 interque
1389 1405 1703 1464 Parthorum
1723 1411 1775 1458 et
1793 1404 1900 1458 Ro-

300 1498 486 1536 manas
506 1497 632 1553 opes
652 1479 812 1536 infida
828 1523 841 1546 ‚
873 1480 943 1536 ob
962 1479 1138 1538 scelus
1159 1478 1404 1546 Antonii,
1431 1480 1529 1553 qui
1547 1479 1895 1544 Artavasden,

299 1572 479 1629 regem
510 1555 886 1612 Armeniorum
903 1597 915 1620 ‚
956 1555 1134 1627 specie
1161 1556 1424 1610 amicitiae
1449 1554 1702 1611 inlectam
1720 1596 1733 1621 ,
1773 1553 1899 1609 dein

300 1632 499 1687 catenis
526 1639 800 1687 oneratum
818 1672 831 1697 ,
870 1639 1137 1703 postremo
1165 1630 1510 1685 interfecerat.
1589 1630 1722 1684 Eius
1751 1628 1900 1684 filius

300 1706 544 1761 Artaxias
561 1748 573 1771 ‚
596 1706 848 1761 memoria
868 1706 1034 1777 patris
1055 1704 1208 1761 nobis
1225 1704 1471 1760 infensus
1486 1748 1499 1771 ,
1524 1702 1898 1759 Arsacidarum

301 1781 356 1834 vi
380 1797 548 1851 seque
574 1797 909 1853 regnumque
936 1787 1135 1835 tutatus
1164 1788 1260 1835 est.
1340 1779 1526 1836 Occiso
1554 1778 1768 1834 Artaxia
1806 1796 1902 1850 per

301 1855 483 1909 dolum
504 1854 949 1927 propinquorum,
973 1854 1128 1910 datus
1147 1873 1178 1910 a
1199 1854 1420 1910 Caesare
1437 1854 1705 1910 Armeniis
1715 1854 1903 1927 Tigra-

303 1948 397 1985 nes
414 1972 426 1994 ,
469 1928 836 2001 deductusque
863 1930 921 1984 in
951 1946 1178 2003 regnum
1209 1948 1239 1983 a
1260 1930 1470 1986 Tiberio
1487 1930 1712 1985 Nerone.
1792 1928 1903 1982 Nec

302 2005 520 2079 Tigrani
538 2004 855 2060 diuturnum
874 2004 1164 2077 imperium
1185 2003 1313 2070 fuit,
1352 2022 1528 2077 neque
1557 2002 1740 2059 liberis
1759 2002 1899 2067 eiuS‚

302 2096 635 2153 quamquam
664 2080 877 2137 sociatis
893 2122 907 2146 ,
949 2096 1097 2135 more
1127 2087 1342 2136 externo
1359 2122 1372 2145 ,
1414 2078 1471 2135 in
1500 2078 1904 2135 matrimonium

303 2172 659 2229 regnumque.
710 2164 721 2177 ‘

417 2232 465 2285 4.
508 2228 641 2285 Dein
660 2231 815 2285 iussu
826 2227 1059 2304 Augusti
1079 2229 1363 2301 impositus
1375 2227 1711 2294 Artavasdes,
1725 2235 1776 2284 et
1797 2247 1904 2285 non

302 2306 422 2359 sine
442 2304 589 2360 clade
610 2312 785 2361 nostra
804 2304 1060 2359 deiectus,
1126 2306 1265 2359 Tum
1287 2304 1346 2359 C.
1373 2303 1564 2361 Caesar
1581 2320 1908 2377 componen-
2040 2356 2041 2369 ,

304 2380 402 2433 dae
440 2377 720 2435 Armeniae
766 2378 1035 2453 deligitur.
1117 2380 1166 2433 Is
1205 2377 1612 2437 Ariobarzanem
1628 2422 1641 2444 ‚
1700 2380 1910 2455 origine

305 2454 521 2519 Medum
538 2497 551 2519 ,
596 2455 665 2511 ob
695 2455 962 2529 insignem
994 2455 1230 2527 corporis
1257 2453 1480 2511 formam
1503 2462 1553 2509 et
1573 2453 1906 2527 praeclarum

306 2529 571 2595 animum,
592 2530 895 2586 volentibus
914 2529 1186 2585 Armeniis
1204 2528 1472 2602 praefecit.
1552 2528 1910 2584 Ariobarzane

306 2611 473 2657 morte
494 2603 704 2660 fortuita
722 2606 1025 2677 absumpto,
1049 2605 1270 2676 stirpem
1291 2605 1408 2659 eius
1425 2604 1571 2659 haud
1590 2602 1906 2659 toleravere:

305 2684 609 2750 tentatoque
636 2678 863 2737 feminae
888 2682 1116 2753 imperio
1130 2721 1144 2745 ,
1184 2680 1272 2734 cui
1303 2696 1494 2735 nomen
1513 2678 1697 2745 Erato,
1739 2694 1914 2750 eaque
2040 2688 2041 2727 ῑ

308 2752 459 2815 brevi
486 2754 670 2827 pulsa,
711 2756 897 2813 incerti
928 2755 1224 2829 solutique,
1267 2761 1317 2810 et
1339 2754 1514 2830 magis
1541 2753 1658 2828 sine
1691 2750 1918 2811 domine
2040 2754 2041 2829 s
