<?xml version="1.0" encoding="UTF-8"?>
<!DOCTYPE html PUBLIC "-//W3C//DTD XHTML 1.0 Transitional//EN"
    "http://www.w3.org/TR/xhtml1/DTD/xhtml1-transitional.dtd">
<html xmlns="http://www.w3.org/1999/xhtml" xml:lang="en" lang="en">
 <head>
  <title>
</title>
<meta http-equiv="Content-Type" content="text/html;charset=utf-8" />
  <meta name='ocr-system' content='tesseract 3.04.00' />
  <meta name='ocr-capabilities' content='ocr_page ocr_carea ocr_par ocr_line ocrx_word'/>
</head>
<body>
  <div class='ocr_page' id='page_1' title='image "./operaquoadextan03tacigoog_0662.png"; bbox 0 0 2081 3038; ppageno 0'>
   <div class='ocr_carea' id='block_1_1' title="bbox 290 206 1547 261">
    <p class='ocr_par' dir='ltr' id='par_1_1' title="bbox 290 206 1547 261">
     <span class='ocr_line' id='line_1_1' title="bbox 290 206 1547 261; baseline -0.003 -1"><span class='ocrx_word' id='word_1_1' title='bbox 290 206 391 261; x_wconf 77' lang='lat'><strong>252</strong></span> <span class='ocrx_word' id='word_1_2' title='bbox 627 211 680 256; x_wconf 81' lang='grc' dir='ltr'><strong>ο.</strong></span> <span class='ocrx_word' id='word_1_3' title='bbox 723 209 1171 256; x_wconf 75' lang='lat' dir='ltr'>CORNELIUS</span> <span class='ocrx_word' id='word_1_4' title='bbox 1213 211 1547 256; x_wconf 77' lang='lat' dir='ltr'><strong>TAclTus</strong></span> 
     </span>
    </p>
   </div>
   <div class='ocr_carea' id='block_1_2' title="bbox 257 311 1900 2792">
    <p class='ocr_par' dir='ltr' id='par_1_2' title="bbox 285 311 1900 1421">
     <span class='ocr_line' id='line_1_2' title="bbox 289 311 1897 384; baseline 0.003 -18"><span class='ocrx_word' id='word_1_5' title='bbox 289 311 448 367; x_wconf 85' lang='lat' dir='ltr'><strong>certis</strong></span> <span class='ocrx_word' id='word_1_6' title='bbox 486 311 695 378; x_wconf 79' lang='lat' dir='ltr'><strong>diebuS,</strong></span> <span class='ocrx_word' id='word_1_7' title='bbox 739 329 863 368; x_wconf 90' lang='lat' dir='ltr'><strong>cum</strong></span> <span class='ocrx_word' id='word_1_8' title='bbox 902 320 994 367; x_wconf 86' lang='lat' dir='ltr'><strong>aut</strong></span> <span class='ocrx_word' id='word_1_9' title='bbox 1023 312 1299 368; x_wconf 86' lang='lat' dir='ltr'><strong>inchoatur</strong></span> <span class='ocrx_word' id='word_1_10' title='bbox 1327 311 1475 378; x_wconf 89' lang='lat' dir='ltr'><strong>luna,</strong></span> <span class='ocrx_word' id='word_1_11' title='bbox 1508 319 1599 367; x_wconf 89' lang='lat' dir='ltr'><strong>aut</strong></span> <span class='ocrx_word' id='word_1_12' title='bbox 1625 312 1897 384; x_wconf 78' lang='lat' dir='ltr'><strong>inpletur:</strong></span> 
     </span>
     <span class='ocr_line' id='line_1_3' title="bbox 290 387 1900 462; baseline 0.001 -20"><span class='ocrx_word' id='word_1_13' title='bbox 290 405 414 442; x_wconf 91' lang='lat' dir='ltr'><strong>nam</strong></span> <span class='ocrx_word' id='word_1_14' title='bbox 446 387 663 462; x_wconf 80' lang='lat' dir='ltr'><strong>agendis</strong></span> <span class='ocrx_word' id='word_1_15' title='bbox 695 389 854 443; x_wconf 83' lang='lat' dir='ltr'><strong>rebus</strong></span> <span class='ocrx_word' id='word_1_16' title='bbox 883 387 983 444; x_wconf 93' lang='lat' dir='ltr'><strong>hoc</strong></span> <span class='ocrx_word' id='word_1_17' title='bbox 1012 389 1505 460; x_wconf 85' lang='lat' dir='ltr'><strong>auspicatissimum</strong></span> <span class='ocrx_word' id='word_1_18' title='bbox 1534 389 1749 443; x_wconf 86' lang='lat' dir='ltr'><strong>initium</strong></span> <span class='ocrx_word' id='word_1_19' title='bbox 1780 408 1900 444; x_wconf 73' lang='lat' dir='ltr'><strong>cre-</strong></span> 
     </span>
     <span class='ocr_line' id='line_1_4' title="bbox 288 463 1892 529; baseline 0 -11"><span class='ocrx_word' id='word_1_20' title='bbox 288 463 440 518; x_wconf 89' lang='lat' dir='ltr'><strong>dunt.</strong></span> <span class='ocrx_word' id='word_1_21' title='bbox 521 464 629 517; x_wconf 90' lang='lat' dir='ltr'><strong>Nec</strong></span> <span class='ocrx_word' id='word_1_22' title='bbox 667 464 878 518; x_wconf 81' lang='lat' dir='ltr'><strong>dierum</strong></span> <span class='ocrx_word' id='word_1_23' title='bbox 909 481 1217 528; x_wconf 87' lang='lat' dir='ltr'><strong>numerum,</strong></span> <span class='ocrx_word' id='word_1_24' title='bbox 1259 471 1319 517; x_wconf 89' lang='lat' dir='ltr'><strong>ut</strong></span> <span class='ocrx_word' id='word_1_25' title='bbox 1345 481 1463 528; x_wconf 81' lang='lat' dir='ltr'><strong>nOS,</strong></span> <span class='ocrx_word' id='word_1_26' title='bbox 1508 463 1601 518; x_wconf 87' lang='lat' dir='ltr'><strong>sed</strong></span> <span class='ocrx_word' id='word_1_27' title='bbox 1628 466 1892 529; x_wconf 87' lang='lat' dir='ltr'><strong>noctium,</strong></span> 
     </span>
     <span class='ocr_line' id='line_1_5' title="bbox 289 539 1896 612; baseline 0.001 -20"><span class='ocrx_word' id='word_1_28' title='bbox 289 545 612 612; x_wconf 81' lang='lat' dir='ltr'><strong>computant.</strong></span> <span class='ocrx_word' id='word_1_29' title='bbox 694 539 781 593; x_wconf 88' lang='lat' dir='ltr'><strong>Sic</strong></span> <span class='ocrx_word' id='word_1_30' title='bbox 799 539 1145 602; x_wconf 88' lang='lat' dir='ltr'><strong>constituunt,</strong></span> <span class='ocrx_word' id='word_1_31' title='bbox 1170 539 1249 593; x_wconf 90' lang='lat' dir='ltr'><strong>sic</strong></span> <span class='ocrx_word' id='word_1_32' title='bbox 1268 539 1570 594; x_wconf 88' lang='lat' dir='ltr'><strong>condicunt.</strong></span> <span class='ocrx_word' id='word_1_33' title='bbox 1650 539 1772 594; x_wconf 81' lang='lat' dir='ltr'><strong>Nox</strong></span> <span class='ocrx_word' id='word_1_34' title='bbox 1792 540 1896 594; x_wconf 90' lang='lat' dir='ltr'><strong>du-</strong></span> 
     </span>
     <span class='ocr_line' id='line_1_6' title="bbox 288 613 1895 686; baseline 0.002 -19"><span class='ocrx_word' id='word_1_35' title='bbox 288 631 404 668; x_wconf 88' lang='lat' dir='ltr'><strong>cere</strong></span> <span class='ocrx_word' id='word_1_36' title='bbox 425 613 566 668; x_wconf 88' lang='lat' dir='ltr'><strong>diem</strong></span> <span class='ocrx_word' id='word_1_37' title='bbox 589 613 818 670; x_wconf 83' lang='lat' dir='ltr'><strong>videtur.</strong></span> <span class='ocrx_word' id='word_1_38' title='bbox 875 613 1013 669; x_wconf 81' lang='lat' dir='ltr'><strong>Illud</strong></span> <span class='ocrx_word' id='word_1_39' title='bbox 1035 632 1102 669; x_wconf 87' lang='lat' dir='ltr'><strong>ex</strong></span> <span class='ocrx_word' id='word_1_40' title='bbox 1121 613 1359 668; x_wconf 89' lang='lat' dir='ltr'><strong>libertate</strong></span> <span class='ocrx_word' id='word_1_41' title='bbox 1380 615 1593 679; x_wconf 83' lang='lat' dir='ltr'><strong>vitium,</strong></span> <span class='ocrx_word' id='word_1_42' title='bbox 1618 615 1764 686; x_wconf 89' lang='lat' dir='ltr'><strong>quod</strong></span> <span class='ocrx_word' id='word_1_43' title='bbox 1789 635 1895 672; x_wconf 89' lang='lat' dir='ltr'><strong>non</strong></span> 
     </span>
     <span class='ocr_line' id='line_1_7' title="bbox 287 688 1895 763; baseline 0.001 -20"><span class='ocrx_word' id='word_1_44' title='bbox 287 689 452 744; x_wconf 86' lang='lat' dir='ltr'><strong>simul</strong></span> <span class='ocrx_word' id='word_1_45' title='bbox 476 707 573 744; x_wconf 86' lang='lat' dir='ltr'><strong>nec</strong></span> <span class='ocrx_word' id='word_1_46' title='bbox 592 697 650 744; x_wconf 88' lang='lat' dir='ltr'><strong>ut</strong></span> <span class='ocrx_word' id='word_1_47' title='bbox 669 690 807 744; x_wconf 83' lang='lat' dir='ltr'><strong>iussi</strong></span> <span class='ocrx_word' id='word_1_48' title='bbox 827 690 1171 754; x_wconf 88' lang='lat' dir='ltr'><strong>conveniunt,</strong></span> <span class='ocrx_word' id='word_1_49' title='bbox 1200 688 1295 744; x_wconf 89' lang='lat' dir='ltr'><strong>sed</strong></span> <span class='ocrx_word' id='word_1_50' title='bbox 1316 697 1365 743; x_wconf 87' lang='lat' dir='ltr'><strong>et</strong></span> <span class='ocrx_word' id='word_1_51' title='bbox 1384 689 1513 763; x_wconf 74' lang='lat' dir='ltr'><strong>alter</strong></span> <span class='ocrx_word' id='word_1_52' title='bbox 1534 697 1584 744; x_wconf 89' lang='lat' dir='ltr'><strong>et</strong></span> <span class='ocrx_word' id='word_1_53' title='bbox 1601 691 1790 744; x_wconf 88' lang='lat' dir='ltr'><strong>tertius</strong></span> <span class='ocrx_word' id='word_1_54' title='bbox 1810 691 1895 745; x_wconf 89' lang='lat' dir='ltr'><strong>di-</strong></span> 
     </span>
     <span class='ocr_line' id='line_1_8' title="bbox 287 763 1890 836; baseline 0 -17"><span class='ocrx_word' id='word_1_55' title='bbox 287 784 343 819; x_wconf 91' lang='lat' dir='ltr'><strong>es</strong></span> <span class='ocrx_word' id='word_1_56' title='bbox 365 766 696 821; x_wconf 78' lang='lat' dir='ltr'><strong>cunctatione</strong></span> <span class='ocrx_word' id='word_1_57' title='bbox 716 765 1020 820; x_wconf 88' lang='lat' dir='ltr'><strong>coeuntium</strong></span> <span class='ocrx_word' id='word_1_58' title='bbox 1042 765 1363 819; x_wconf 82' lang='lat' dir='ltr'><strong>absumitur.</strong></span> <span class='ocrx_word' id='word_1_59' title='bbox 1404 765 1475 820; x_wconf 83' lang='lat' dir='ltr'><strong>Ut</strong></span> <span class='ocrx_word' id='word_1_60' title='bbox 1490 765 1648 820; x_wconf 77' lang='lat' dir='ltr'><strong>turba</strong></span> <span class='ocrx_word' id='word_1_61' title='bbox 1666 763 1890 836; x_wconf 81' lang='lat' dir='ltr'><strong>placuit,</strong></span> 
     </span>
     <span class='ocr_line' id='line_1_9' title="bbox 287 839 1893 912; baseline -0.001 -16"><span class='ocrx_word' id='word_1_62' title='bbox 287 839 570 896; x_wconf 84' lang='lat' dir='ltr'><strong>considunt</strong></span> <span class='ocrx_word' id='word_1_63' title='bbox 597 843 805 895; x_wconf 86' lang='lat' dir='ltr'><strong>armati.</strong></span> <span class='ocrx_word' id='word_1_64' title='bbox 883 839 1170 896; x_wconf 83' lang='lat' dir='ltr'><strong>Silentium</strong></span> <span class='ocrx_word' id='word_1_65' title='bbox 1204 857 1300 912; x_wconf 89' lang='lat' dir='ltr'><strong>per</strong></span> <span class='ocrx_word' id='word_1_66' title='bbox 1330 839 1645 906; x_wconf 77' lang='lat' dir='ltr'><strong>sacerdoteS,</strong></span> <span class='ocrx_word' id='word_1_67' title='bbox 1686 841 1893 912; x_wconf 89' lang='lat' dir='ltr'><strong>quibus</strong></span> 
     </span>
     <span class='ocr_line' id='line_1_10' title="bbox 286 915 1894 987; baseline 0 -17"><span class='ocrx_word' id='word_1_68' title='bbox 286 924 400 971; x_wconf 91' lang='lat' dir='ltr'><strong>tum</strong></span> <span class='ocrx_word' id='word_1_69' title='bbox 425 924 474 972; x_wconf 89' lang='lat' dir='ltr'><strong>et</strong></span> <span class='ocrx_word' id='word_1_70' title='bbox 495 917 765 974; x_wconf 83' lang='lat' dir='ltr'><strong>coercendi</strong></span> <span class='ocrx_word' id='word_1_71' title='bbox 790 917 872 970; x_wconf 86' lang='lat' dir='ltr'><strong>ius</strong></span> <span class='ocrx_word' id='word_1_72' title='bbox 895 924 991 981; x_wconf 80' lang='lat' dir='ltr'><strong>est,</strong></span> <span class='ocrx_word' id='word_1_73' title='bbox 1014 916 1326 987; x_wconf 88' lang='lat' dir='ltr'><strong>imperatur.</strong></span> <span class='ocrx_word' id='word_1_74' title='bbox 1378 917 1501 970; x_wconf 83' lang='lat' dir='ltr'><strong>Mox</strong></span> <span class='ocrx_word' id='word_1_75' title='bbox 1519 933 1616 970; x_wconf 86' lang='lat' dir='ltr'><strong>rex</strong></span> <span class='ocrx_word' id='word_1_76' title='bbox 1634 915 1718 970; x_wconf 90' lang='lat' dir='ltr'><strong>vel</strong></span> <span class='ocrx_word' id='word_1_77' title='bbox 1738 918 1894 986; x_wconf 87' lang='lat' dir='ltr'><strong>prin—</strong></span> 
     </span>
     <span class='ocr_line' id='line_1_11' title="bbox 287 990 1891 1065; baseline 0 -19"><span class='ocrx_word' id='word_1_78' title='bbox 287 1009 432 1063; x_wconf 75' lang='lat' dir='ltr'><strong>cepe,</strong></span> <span class='ocrx_word' id='word_1_79' title='bbox 473 1000 631 1063; x_wconf 87' lang='lat' dir='ltr'><strong>prout</strong></span> <span class='ocrx_word' id='word_1_80' title='bbox 651 999 790 1046; x_wconf 84' lang='lat' dir='ltr'><strong>aetas</strong></span> <span class='ocrx_word' id='word_1_81' title='bbox 812 992 1028 1065; x_wconf 87' lang='lat' dir='ltr'><strong>cuique,</strong></span> <span class='ocrx_word' id='word_1_82' title='bbox 1070 999 1229 1063; x_wconf 86' lang='lat' dir='ltr'><strong>prout</strong></span> <span class='ocrx_word' id='word_1_83' title='bbox 1247 990 1514 1056; x_wconf 80' lang='lat' dir='ltr'><strong>nobilitaS,</strong></span> <span class='ocrx_word' id='word_1_84' title='bbox 1546 999 1705 1063; x_wconf 85' lang='lat' dir='ltr'><strong>prout</strong></span> <span class='ocrx_word' id='word_1_85' title='bbox 1724 991 1891 1046; x_wconf 86' lang='lat' dir='ltr'><strong>decus</strong></span> 
     </span>
     <span class='ocr_line' id='line_1_12' title="bbox 285 1065 1892 1140; baseline 0.001 -19"><span class='ocrx_word' id='word_1_86' title='bbox 285 1066 569 1132; x_wconf 86' lang='lat' dir='ltr'><strong>bellorum,</strong></span> <span class='ocrx_word' id='word_1_87' title='bbox 611 1074 769 1140; x_wconf 81' lang='lat' dir='ltr'><strong>prout</strong></span> <span class='ocrx_word' id='word_1_88' title='bbox 802 1065 1050 1120; x_wconf 82' lang='lat' dir='ltr'><strong>facundia</strong></span> <span class='ocrx_word' id='word_1_89' title='bbox 1078 1074 1186 1132; x_wconf 80' lang='lat' dir='ltr'><strong>est,</strong></span> <span class='ocrx_word' id='word_1_90' title='bbox 1230 1066 1540 1132; x_wconf 83' lang='lat' dir='ltr'><strong>audiuntur,</strong></span> <span class='ocrx_word' id='word_1_91' title='bbox 1584 1068 1892 1122; x_wconf 86' lang='lat' dir='ltr'><strong>auctoritate</strong></span> 
     </span>
     <span class='ocr_line' id='line_1_13' title="bbox 285 1140 1893 1216; baseline 0.001 -20"><span class='ocrx_word' id='word_1_92' title='bbox 285 1141 544 1198; x_wconf 89' lang='lat' dir='ltr'><strong>suadendi</strong></span> <span class='ocrx_word' id='word_1_93' title='bbox 566 1143 758 1216; x_wconf 73' lang='lat' dir='ltr'><strong>magia,</strong></span> <span class='ocrx_word' id='word_1_94' title='bbox 782 1159 945 1213; x_wconf 86' lang='lat' dir='ltr'><strong>quam</strong></span> <span class='ocrx_word' id='word_1_95' title='bbox 969 1141 1187 1196; x_wconf 84' lang='lat' dir='ltr'><strong>iubendi</strong></span> <span class='ocrx_word' id='word_1_96' title='bbox 1208 1149 1478 1214; x_wconf 80' lang='lat' dir='ltr'><strong>potestate.</strong></span> <span class='ocrx_word' id='word_1_97' title='bbox 1538 1140 1594 1196; x_wconf 92' lang='lat' dir='ltr'><strong>Si</strong></span> <span class='ocrx_word' id='word_1_98' title='bbox 1614 1141 1893 1212; x_wconf 85' lang='lat' dir='ltr'><strong>displicuit</strong></span> 
     </span>
     <span class='ocr_line' id='line_1_14' title="bbox 286 1215 1891 1288; baseline 0.001 -18"><span class='ocrx_word' id='word_1_99' title='bbox 286 1217 564 1281; x_wconf 86' lang='lat' dir='ltr'><strong>sententia,</strong></span> <span class='ocrx_word' id='word_1_100' title='bbox 609 1216 822 1276; x_wconf 82' lang='lat' dir='ltr'><strong>fremitu</strong></span> <span class='ocrx_word' id='word_1_101' title='bbox 865 1226 1245 1287; x_wconf 72' lang='lat' dir='ltr'><strong>aspernantur-3</strong></span> <span class='ocrx_word' id='word_1_102' title='bbox 1288 1217 1374 1271; x_wconf 86' lang='lat' dir='ltr'><strong>sin</strong></span> <span class='ocrx_word' id='word_1_103' title='bbox 1402 1215 1620 1288; x_wconf 82' lang='lat' dir='ltr'><strong>placuit,</strong></span> <span class='ocrx_word' id='word_1_104' title='bbox 1644 1215 1891 1282; x_wconf 51' lang='lat' dir='ltr'><strong>„frameas</strong></span> 
     </span>
     <span class='ocr_line' id='line_1_15' title="bbox 285 1291 1891 1366; baseline 0.002 -22"><span class='ocrx_word' id='word_1_105' title='bbox 285 1291 612 1345; x_wconf 87' lang='lat' dir='ltr'><strong>concutiunt.</strong></span> <span class='ocrx_word' id='word_1_106' title='bbox 691 1292 1173 1348; x_wconf 82' lang='lat' dir='ltr'><strong>Honoratissimum</strong></span> <span class='ocrx_word' id='word_1_107' title='bbox 1202 1291 1463 1348; x_wconf 76' lang='lat' dir='ltr'><strong>adsensus</strong></span> <span class='ocrx_word' id='word_1_108' title='bbox 1482 1309 1655 1366; x_wconf 82' lang='lat' dir='ltr'><strong>genus</strong></span> <span class='ocrx_word' id='word_1_109' title='bbox 1676 1301 1773 1358; x_wconf 87' lang='lat' dir='ltr'><strong>est,</strong></span> <span class='ocrx_word' id='word_1_110' title='bbox 1804 1310 1891 1348; x_wconf 89' lang='lat' dir='ltr'><strong>ar-</strong></span> 
     </span>
     <span class='ocr_line' id='line_1_16' title="bbox 285 1366 644 1421; baseline 0.003 -1"><span class='ocrx_word' id='word_1_111' title='bbox 285 1368 389 1421; x_wconf 86' lang='lat' dir='ltr'><strong>mis</strong></span> <span class='ocrx_word' id='word_1_112' title='bbox 412 1366 644 1421; x_wconf 84' lang='lat' dir='ltr'><strong>laudare.</strong></span> 
     </span>
    </p>

    <p class='ocr_par' dir='ltr' id='par_1_3' title="bbox 257 1441 1893 2411">
     <span class='ocr_line' id='line_1_17' title="bbox 399 1441 1893 1514; baseline 0.002 -18"><span class='ocrx_word' id='word_1_113' title='bbox 399 1446 478 1498; x_wconf 71' lang='lat'><strong>¹2.</strong></span> <span class='ocrx_word' id='word_1_114' title='bbox 524 1443 668 1498; x_wconf 82' lang='lat' dir='ltr'><strong>Licet</strong></span> <span class='ocrx_word' id='word_1_115' title='bbox 697 1443 841 1514; x_wconf 88' lang='lat' dir='ltr'><strong>apud</strong></span> <span class='ocrx_word' id='word_1_116' title='bbox 866 1442 1155 1498; x_wconf 88' lang='lat' dir='ltr'><strong>concilium</strong></span> <span class='ocrx_word' id='word_1_117' title='bbox 1183 1441 1437 1496; x_wconf 85' lang='lat' dir='ltr'><strong>adcusare</strong></span> <span class='ocrx_word' id='word_1_118' title='bbox 1460 1459 1679 1514; x_wconf 89' lang='lat' dir='ltr'><strong>quoque</strong></span> <span class='ocrx_word' id='word_1_119' title='bbox 1708 1449 1759 1497; x_wconf 85' lang='lat' dir='ltr'><strong>et</strong></span> <span class='ocrx_word' id='word_1_120' title='bbox 1776 1443 1893 1499; x_wconf 81' lang='lat' dir='ltr'><strong>dis-</strong></span> 
     </span>
     <span class='ocr_line' id='line_1_18' title="bbox 285 1517 1891 1594; baseline 0.002 -23"><span class='ocrx_word' id='word_1_121' title='bbox 285 1519 487 1573; x_wconf 87' lang='lat' dir='ltr'><strong>crimen</strong></span> <span class='ocrx_word' id='word_1_122' title='bbox 513 1521 700 1594; x_wconf 85' lang='lat' dir='ltr'><strong>capitis</strong></span> <span class='ocrx_word' id='word_1_123' title='bbox 721 1518 1009 1579; x_wconf 84' lang='lat' dir='ltr'><strong>intendere.</strong></span> <span class='ocrx_word' id='word_1_124' title='bbox 1090 1517 1365 1573; x_wconf 78' lang='lat' dir='ltr'><strong>Distinet-io</strong></span> <span class='ocrx_word' id='word_1_125' title='bbox 1393 1536 1685 1589; x_wconf 89' lang='lat' dir='ltr'><strong>poenarum</strong></span> <span class='ocrx_word' id='word_1_126' title='bbox 1708 1536 1775 1574; x_wconf 87' lang='lat' dir='ltr'><strong>ex</strong></span> <span class='ocrx_word' id='word_1_127' title='bbox 1792 1519 1891 1576; x_wconf 81' lang='lat' dir='ltr'><strong>de-</strong></span> 
     </span>
     <span class='ocr_line' id='line_1_19' title="bbox 287 1593 1885 1667; baseline 0.004 -21"><span class='ocrx_word' id='word_1_128' title='bbox 287 1594 425 1648; x_wconf 82' lang='lat' dir='ltr'><strong>licto.</strong></span> <span class='ocrx_word' id='word_1_129' title='bbox 507 1595 801 1649; x_wconf 81' lang='lat' dir='ltr'><strong>Proditores</strong></span> <span class='ocrx_word' id='word_1_130' title='bbox 823 1602 873 1648; x_wconf 89' lang='lat' dir='ltr'><strong>et</strong></span> <span class='ocrx_word' id='word_1_131' title='bbox 891 1593 1195 1667; x_wconf 81' lang='lat' dir='ltr'><strong>transfugas</strong></span> <span class='ocrx_word' id='word_1_132' title='bbox 1215 1594 1495 1648; x_wconf 86' lang='lat' dir='ltr'><strong>arboribus</strong></span> <span class='ocrx_word' id='word_1_133' title='bbox 1515 1595 1885 1665; x_wconf 86' lang='lat' dir='ltr'><strong>suspendunt:</strong></span> 
     </span>
     <span class='ocr_line' id='line_1_20' title="bbox 285 1667 1886 1742; baseline 0.001 -19"><span class='ocrx_word' id='word_1_134' title='bbox 285 1670 506 1740; x_wconf 80' lang='lat' dir='ltr'><strong>ignavos</strong></span> <span class='ocrx_word' id='word_1_135' title='bbox 534 1677 585 1723; x_wconf 87' lang='lat' dir='ltr'><strong>et</strong></span> <span class='ocrx_word' id='word_1_136' title='bbox 613 1668 838 1723; x_wconf 87' lang='lat' dir='ltr'><strong>inbelles</strong></span> <span class='ocrx_word' id='word_1_137' title='bbox 857 1676 907 1722; x_wconf 87' lang='lat' dir='ltr'><strong>et</strong></span> <span class='ocrx_word' id='word_1_138' title='bbox 927 1686 1141 1739; x_wconf 85' lang='lat' dir='ltr'><strong>corpore</strong></span> <span class='ocrx_word' id='word_1_139' title='bbox 1158 1667 1389 1723; x_wconf 85' lang='lat' dir='ltr'><strong>infames</strong></span> <span class='ocrx_word' id='word_1_140' title='bbox 1409 1686 1569 1725; x_wconf 88' lang='lat' dir='ltr'><strong>coeno</strong></span> <span class='ocrx_word' id='word_1_141' title='bbox 1588 1688 1649 1723; x_wconf 87' lang='lat' dir='ltr'><strong>ae</strong></span> <span class='ocrx_word' id='word_1_142' title='bbox 1666 1670 1886 1742; x_wconf 87' lang='lat' dir='ltr'><strong>palude,</strong></span> 
     </span>
     <span class='ocr_line' id='line_1_21' title="bbox 283 1742 1889 1817; baseline 0.002 -21"><span class='ocrx_word' id='word_1_143' title='bbox 283 1742 473 1797; x_wconf 89' lang='lat' dir='ltr'><strong>iniecta</strong></span> <span class='ocrx_word' id='word_1_144' title='bbox 511 1744 734 1815; x_wconf 78' lang='lat' dir='ltr'><strong>insuper</strong></span> <span class='ocrx_word' id='word_1_145' title='bbox 763 1752 920 1808; x_wconf 88' lang='lat' dir='ltr'><strong>crate,</strong></span> <span class='ocrx_word' id='word_1_146' title='bbox 964 1752 1233 1817; x_wconf 82' lang='lat' dir='ltr'><strong>mergunt.</strong></span> <span class='ocrx_word' id='word_1_147' title='bbox 1312 1744 1601 1800; x_wconf 84' lang='lat' dir='ltr'><strong>Diversitas</strong></span> <span class='ocrx_word' id='word_1_148' title='bbox 1631 1746 1889 1817; x_wconf 88' lang='lat' dir='ltr'><strong>supplicii</strong></span> 
     </span>
     <span class='ocr_line' id='line_1_22' title="bbox 284 1816 1885 1892; baseline 0.002 -20"><span class='ocrx_word' id='word_1_149' title='bbox 284 1816 414 1872; x_wconf 88' lang='lat' dir='ltr'><strong>illuc</strong></span> <span class='ocrx_word' id='word_1_150' title='bbox 443 1819 674 1890; x_wconf 85' lang='lat' dir='ltr'><strong>respicit,</strong></span> <span class='ocrx_word' id='word_1_151' title='bbox 719 1820 989 1890; x_wconf 73' lang='lat' dir='ltr'><strong>tamquam</strong></span> <span class='ocrx_word' id='word_1_152' title='bbox 1019 1820 1215 1873; x_wconf 80' lang='lat' dir='ltr'><strong>scelera</strong></span> <span class='ocrx_word' id='word_1_153' title='bbox 1236 1820 1442 1874; x_wconf 84' lang='lat' dir='ltr'><strong>ostendi</strong></span> <span class='ocrx_word' id='word_1_154' title='bbox 1461 1828 1711 1892; x_wconf 84' lang='lat' dir='ltr'><strong>oporteat,</strong></span> <span class='ocrx_word' id='word_1_155' title='bbox 1753 1821 1885 1875; x_wconf 86' lang='lat' dir='ltr'><strong>dum</strong></span> 
     </span>
     <span class='ocr_line' id='line_1_23' title="bbox 283 1893 1887 1967; baseline 0.002 -20"><span class='ocrx_word' id='word_1_156' title='bbox 283 1895 602 1964; x_wconf 86' lang='lat' dir='ltr'><strong>puniuntur,</strong></span> <span class='ocrx_word' id='word_1_157' title='bbox 629 1893 822 1967; x_wconf 77' lang='lat' dir='ltr'><strong>flagitia</strong></span> <span class='ocrx_word' id='word_1_158' title='bbox 843 1894 1113 1949; x_wconf 84' lang='lat' dir='ltr'><strong>abscondi.</strong></span> <span class='ocrx_word' id='word_1_159' title='bbox 1176 1894 1278 1949; x_wconf 88' lang='lat' dir='ltr'><strong>Sed</strong></span> <span class='ocrx_word' id='word_1_160' title='bbox 1300 1903 1349 1949; x_wconf 88' lang='lat' dir='ltr'><strong>et</strong></span> <span class='ocrx_word' id='word_1_161' title='bbox 1367 1894 1657 1951; x_wconf 83' lang='lat' dir='ltr'><strong>levioribus</strong></span> <span class='ocrx_word' id='word_1_162' title='bbox 1676 1895 1887 1951; x_wconf 87' lang='lat' dir='ltr'><strong>delictis</strong></span> 
     </span>
     <span class='ocr_line' id='line_1_24' title="bbox 257 1969 1885 2042; baseline 0.001 -19"><span class='ocrx_word' id='word_1_163' title='bbox 257 1981 378 2039; x_wconf 55' lang='lat' dir='ltr'><strong>‘pro</strong></span> <span class='ocrx_word' id='word_1_164' title='bbox 401 1969 554 2025; x_wconf 89' lang='lat' dir='ltr'><strong>modo</strong></span> <span class='ocrx_word' id='word_1_165' title='bbox 577 1986 760 2040; x_wconf 86' lang='lat' dir='ltr'><strong>poena.</strong></span> <span class='ocrx_word' id='word_1_166' title='bbox 836 1970 1113 2040; x_wconf 86' lang='lat' dir='ltr'><strong>Equorum</strong></span> <span class='ocrx_word' id='word_1_167' title='bbox 1134 1988 1495 2042; x_wconf 62' lang='lat' dir='ltr'><strong>pecorumque</strong></span> <span class='ocrx_word' id='word_1_168' title='bbox 1515 1988 1741 2027; x_wconf 89' lang='lat' dir='ltr'><strong>numero</strong></span> <span class='ocrx_word' id='word_1_169' title='bbox 1760 1989 1885 2026; x_wconf 89' lang='lat' dir='ltr'><strong>con-</strong></span> 
     </span>
     <span class='ocr_line' id='line_1_25' title="bbox 285 2044 1888 2119; baseline 0.001 -20"><span class='ocrx_word' id='word_1_170' title='bbox 285 2044 406 2100; x_wconf 88' lang='lat' dir='ltr'><strong>victi</strong></span> <span class='ocrx_word' id='word_1_171' title='bbox 451 2045 762 2099; x_wconf 77' lang='lat' dir='ltr'><strong>multantur.</strong></span> <span class='ocrx_word' id='word_1_172' title='bbox 843 2044 970 2099; x_wconf 88' lang='lat' dir='ltr'><strong>Pars</strong></span> <span class='ocrx_word' id='word_1_173' title='bbox 1009 2045 1209 2100; x_wconf 88' lang='lat' dir='ltr'><strong>multae</strong></span> <span class='ocrx_word' id='word_1_174' title='bbox 1238 2046 1351 2119; x_wconf 83' lang='lat' dir='ltr'><strong>regi</strong></span> <span class='ocrx_word' id='word_1_175' title='bbox 1381 2044 1465 2102; x_wconf 85' lang='lat' dir='ltr'><strong>vel</strong></span> <span class='ocrx_word' id='word_1_176' title='bbox 1497 2046 1717 2111; x_wconf 84' lang='lat' dir='ltr'><strong>civitati,</strong></span> <span class='ocrx_word' id='word_1_177' title='bbox 1760 2064 1888 2117; x_wconf 77' lang='lat' dir='ltr'><strong>pars</strong></span> 
     </span>
     <span class='ocr_line' id='line_1_26' title="bbox 284 2118 1883 2193; baseline 0.001 -20"><span class='ocrx_word' id='word_1_178' title='bbox 284 2121 408 2190; x_wconf 88' lang='lat' dir='ltr'><strong>ipsi,</strong></span> <span class='ocrx_word' id='word_1_179' title='bbox 449 2122 545 2193; x_wconf 88' lang='lat' dir='ltr'><strong>qui</strong></span> <span class='ocrx_word' id='word_1_180' title='bbox 575 2118 893 2184; x_wconf 82' lang='lat' dir='ltr'><strong>vindicatur,</strong></span> <span class='ocrx_word' id='word_1_181' title='bbox 935 2119 1020 2175; x_wconf 86' lang='lat' dir='ltr'><strong>vel</strong></span> <span class='ocrx_word' id='word_1_182' title='bbox 1052 2122 1370 2192; x_wconf 84' lang='lat' dir='ltr'><strong>propinquis</strong></span> <span class='ocrx_word' id='word_1_183' title='bbox 1410 2122 1528 2175; x_wconf 86' lang='lat' dir='ltr'><strong>eius</strong></span> <span class='ocrx_word' id='word_1_184' title='bbox 1567 2120 1883 2175; x_wconf 84' lang='lat' dir='ltr'><strong>exsolvitur.</strong></span> 
     </span>
     <span class='ocr_line' id='line_1_27' title="bbox 280 2194 1887 2269; baseline 0.001 -22"><span class='ocrx_word' id='word_1_185' title='bbox 280 2196 569 2269; x_wconf 80' lang='lat' dir='ltr'><strong>Eliguntur</strong></span> <span class='ocrx_word' id='word_1_186' title='bbox 594 2196 648 2249; x_wconf 92' lang='lat' dir='ltr'><strong>in</strong></span> <span class='ocrx_word' id='word_1_187' title='bbox 669 2194 862 2249; x_wconf 88' lang='lat' dir='ltr'><strong>iisdem</strong></span> <span class='ocrx_word' id='word_1_188' title='bbox 889 2196 1129 2250; x_wconf 83' lang='lat' dir='ltr'><strong>conciliis</strong></span> <span class='ocrx_word' id='word_1_189' title='bbox 1146 2202 1198 2249; x_wconf 89' lang='lat' dir='ltr'><strong>et</strong></span> <span class='ocrx_word' id='word_1_190' title='bbox 1216 2197 1505 2268; x_wconf 75' lang='lat' dir='ltr'><strong>principeS,</strong></span> <span class='ocrx_word' id='word_1_191' title='bbox 1530 2197 1627 2269; x_wconf 89' lang='lat' dir='ltr'><strong>qui</strong></span> <span class='ocrx_word' id='word_1_192' title='bbox 1646 2197 1765 2251; x_wconf 87' lang='lat' dir='ltr'><strong>iura</strong></span> <span class='ocrx_word' id='word_1_193' title='bbox 1788 2212 1887 2267; x_wconf 90' lang='lat' dir='ltr'><strong>per</strong></span> 
     </span>
     <span class='ocr_line' id='line_1_28' title="bbox 281 2270 1883 2345; baseline 0.002 -21"><span class='ocrx_word' id='word_1_194' title='bbox 281 2288 444 2345; x_wconf 82' lang='lat' dir='ltr'><strong>pagos</strong></span> <span class='ocrx_word' id='word_1_195' title='bbox 469 2272 720 2341; x_wconf 82' lang='lat' dir='ltr'><strong>vicosque</strong></span> <span class='ocrx_word' id='word_1_196' title='bbox 739 2270 984 2325; x_wconf 78' lang='lat' dir='ltr'><strong>reddunt.</strong></span> <span class='ocrx_word' id='word_1_197' title='bbox 1043 2271 1261 2325; x_wconf 82' lang='lat' dir='ltr'><strong>Centeni</strong></span> <span class='ocrx_word' id='word_1_198' title='bbox 1282 2272 1515 2345; x_wconf 82' lang='lat' dir='ltr'><strong>singulis</strong></span> <span class='ocrx_word' id='word_1_199' title='bbox 1534 2288 1602 2327; x_wconf 87' lang='lat' dir='ltr'><strong>ex</strong></span> <span class='ocrx_word' id='word_1_200' title='bbox 1619 2270 1776 2343; x_wconf 85' lang='lat' dir='ltr'><strong>plebe</strong></span> <span class='ocrx_word' id='word_1_201' title='bbox 1798 2289 1883 2327; x_wconf 92' lang='lat' dir='ltr'><strong>co-</strong></span> 
     </span>
     <span class='ocr_line' id='line_1_29' title="bbox 283 2345 1580 2411; baseline 0.002 -12"><span class='ocrx_word' id='word_1_202' title='bbox 283 2347 458 2408; x_wconf 82' lang='lat' dir='ltr'><strong>mites,</strong></span> <span class='ocrx_word' id='word_1_203' title='bbox 483 2346 764 2399; x_wconf 88' lang='lat' dir='ltr'><strong>consilium</strong></span> <span class='ocrx_word' id='word_1_204' title='bbox 789 2345 952 2401; x_wconf 89' lang='lat' dir='ltr'><strong>simul</strong></span> <span class='ocrx_word' id='word_1_205' title='bbox 974 2353 1026 2401; x_wconf 87' lang='lat' dir='ltr'><strong>et</strong></span> <span class='ocrx_word' id='word_1_206' title='bbox 1044 2346 1346 2411; x_wconf 75' lang='lat' dir='ltr'><strong>auetoritaS,</strong></span> <span class='ocrx_word' id='word_1_207' title='bbox 1370 2347 1580 2401; x_wconf 87' lang='lat' dir='ltr'><strong>adsunt.</strong></span> 
     </span>
    </p>

    <p class='ocr_par' dir='ltr' id='par_1_4' title="bbox 281 2420 1886 2719">
     <span class='ocr_line' id='line_1_30' title="bbox 395 2420 1882 2495; baseline 0.001 -22"><span class='ocrx_word' id='word_1_208' title='bbox 395 2424 476 2473; x_wconf 71' lang='lat'><strong>⁴3.</strong></span> <span class='ocrx_word' id='word_1_209' title='bbox 511 2420 656 2473; x_wconf 92' lang='lat' dir='ltr'><strong>Nihil</strong></span> <span class='ocrx_word' id='word_1_210' title='bbox 679 2428 855 2475; x_wconf 88' lang='lat' dir='ltr'><strong>autem</strong></span> <span class='ocrx_word' id='word_1_211' title='bbox 876 2439 1051 2493; x_wconf 90' lang='lat' dir='ltr'><strong>neque</strong></span> <span class='ocrx_word' id='word_1_212' title='bbox 1068 2420 1315 2493; x_wconf 89' lang='lat' dir='ltr'><strong>publicae</strong></span> <span class='ocrx_word' id='word_1_213' title='bbox 1336 2438 1511 2495; x_wconf 90' lang='lat' dir='ltr'><strong>neque</strong></span> <span class='ocrx_word' id='word_1_214' title='bbox 1526 2422 1763 2493; x_wconf 87' lang='lat' dir='ltr'><strong>privatae</strong></span> <span class='ocrx_word' id='word_1_215' title='bbox 1784 2424 1882 2487; x_wconf 88' lang='lat' dir='ltr'><strong>rei,</strong></span> 
     </span>
     <span class='ocr_line' id='line_1_31' title="bbox 283 2494 1886 2569; baseline 0.002 -22"><span class='ocrx_word' id='word_1_216' title='bbox 283 2494 388 2547; x_wconf 91' lang='lat' dir='ltr'><strong>nisi</strong></span> <span class='ocrx_word' id='word_1_217' title='bbox 429 2496 635 2559; x_wconf 86' lang='lat' dir='ltr'><strong>armati,</strong></span> <span class='ocrx_word' id='word_1_218' title='bbox 679 2503 862 2569; x_wconf 82' lang='lat' dir='ltr'><strong>agunt.</strong></span> <span class='ocrx_word' id='word_1_219' title='bbox 942 2495 1046 2550; x_wconf 90' lang='lat' dir='ltr'><strong>Sed</strong></span> <span class='ocrx_word' id='word_1_220' title='bbox 1066 2514 1212 2551; x_wconf 85' lang='lat' dir='ltr'><strong>arma</strong></span> <span class='ocrx_word' id='word_1_221' title='bbox 1242 2514 1457 2551; x_wconf 87' lang='lat' dir='ltr'><strong>sumere</strong></span> <span class='ocrx_word' id='word_1_222' title='bbox 1485 2514 1590 2552; x_wconf 91' lang='lat' dir='ltr'><strong>non</strong></span> <span class='ocrx_word' id='word_1_223' title='bbox 1619 2505 1739 2551; x_wconf 90' lang='lat' dir='ltr'><strong>ante</strong></span> <span class='ocrx_word' id='word_1_224' title='bbox 1760 2500 1886 2551; x_wconf 87' lang='lat' dir='ltr'><strong>cui-</strong></span> 
     </span>
     <span class='ocr_line' id='line_1_32' title="bbox 281 2570 1862 2647; baseline 0.004 -28"><span class='ocrx_word' id='word_1_225' title='bbox 281 2584 447 2637; x_wconf 87' lang='lat' dir='ltr'><strong>quam</strong></span> <span class='ocrx_word' id='word_1_226' title='bbox 487 2570 680 2633; x_wconf 85' lang='lat' dir='ltr'><strong>moris,</strong></span> <span class='ocrx_word' id='word_1_227' title='bbox 729 2588 896 2641; x_wconf 88' lang='lat' dir='ltr'><strong>quarn</strong></span> <span class='ocrx_word' id='word_1_228' title='bbox 937 2572 1124 2625; x_wconf 87' lang='lat' dir='ltr'><strong>civitas</strong></span> <span class='ocrx_word' id='word_1_229' title='bbox 1169 2571 1519 2627; x_wconf 82' lang='lat' dir='ltr'><strong>suffecturum</strong></span> <span class='ocrx_word' id='word_1_230' title='bbox 1554 2572 1862 2647; x_wconf 83' lang='lat' dir='ltr'><strong>probaverit</strong></span> 
     </span>
     <span class='ocr_line' id='line_1_33' title="bbox 283 2642 1881 2719; baseline 0.006 -27"><span class='ocrx_word' id='word_1_231' title='bbox 283 2642 421 2693; x_wconf 91' lang='lat' dir='ltr'><strong>Tum</strong></span> <span class='ocrx_word' id='word_1_232' title='bbox 453 2644 508 2695; x_wconf 89' lang='lat' dir='ltr'><strong>in</strong></span> <span class='ocrx_word' id='word_1_233' title='bbox 537 2644 655 2712; x_wconf 90' lang='lat' dir='ltr'><strong>ipso</strong></span> <span class='ocrx_word' id='word_1_234' title='bbox 681 2645 903 2699; x_wconf 87' lang='lat' dir='ltr'><strong>concilio</strong></span> <span class='ocrx_word' id='word_1_235' title='bbox 924 2645 1005 2701; x_wconf 88' lang='lat' dir='ltr'><strong>vel</strong></span> <span class='ocrx_word' id='word_1_236' title='bbox 1033 2647 1341 2719; x_wconf 79' lang='lat' dir='ltr'><strong>prinprum</strong></span> <span class='ocrx_word' id='word_1_237' title='bbox 1362 2646 1580 2719; x_wconf 83' lang='lat' dir='ltr'><strong>aliquis,</strong></span> <span class='ocrx_word' id='word_1_238' title='bbox 1605 2645 1687 2702; x_wconf 86' lang='lat' dir='ltr'><strong>vel</strong></span> <span class='ocrx_word' id='word_1_239' title='bbox 1708 2654 1881 2717; x_wconf 87' lang='lat' dir='ltr'><strong>pater,</strong></span> 
     </span>
    </p>

    <p class='ocr_par' dir='ltr' id='par_1_5' title="bbox 323 2712 1877 2792">
     <span class='ocr_line' id='line_1_34' title="bbox 323 2712 1877 2792; baseline 0.005 -26"><span class='ocrx_word' id='word_1_240' title='bbox 323 2712 366 2765; x_wconf 65' lang='lat'><strong>⁵1</strong></span> <span class='ocrx_word' id='word_1_241' title='bbox 411 2717 777 2787; x_wconf 76' lang='lat' dir='ltr'><strong>propinquae,</strong></span> <span class='ocrx_word' id='word_1_242' title='bbox 838 2727 988 2775; x_wconf 84' lang='lat' dir='ltr'><strong>scuto</strong></span> <span class='ocrx_word' id='word_1_243' title='bbox 1036 2720 1343 2792; x_wconf 82' lang='lat' dir='ltr'><strong>frameaque</strong></span> <span class='ocrx_word' id='word_1_244' title='bbox 1379 2722 1629 2777; x_wconf 84' lang='lat' dir='ltr'><strong>iuvenem</strong></span> <span class='ocrx_word' id='word_1_245' title='bbox 1666 2729 1877 2776; x_wconf 81' lang='lat' dir='ltr'><strong>ornant.</strong></span> 
     </span>
    </p>
   </div>
  </div>
 </body>
</html>
