2081 3038
291 232 390 311 aso
853 222 1330 285 ANNALn‘m
1616 230 1760 304 (nu.
1788 242 1886 289 ⁸1⁸.

289 337 708 411 prohibentium,
737 346 788 393 et
809 341 938 410 quia
958 338 1049 393 alii
1069 339 1249 411 palam
1269 338 1408 394 faces
1426 340 1705 407 iaciebant,
1728 350 1891 415 atque

288 430 406 469 esse
425 412 529 468 sibi
550 421 812 469 auctorem
841 414 1286 472 vociferabantur:
1310 412 1426 469 sive
1446 424 1506 472 ut
1524 424 1707 488 raptus
1723 416 1889 473 licen-

287 490 397 543 tius
417 496 735 553 exercerent,
760 507 856 544 seu
878 491 1053 544 iussu.

399 566 483 618 39.
525 564 604 618 Eo
629 564 685 619 in
714 572 948 636 tempore
973 566 1131 630 Nero,
1160 561 1310 619 Antii
1336 582 1522 638 agens,
1554 583 1659 629 non
1689 575 1810 623 ante
1830 569 1887 623 in

289 639 476 694 urbem
505 657 780 713 regressus
811 647 909 704 est,
944 656 1108 713 quam
1132 639 1319 696 domui
1336 642 1472 707 eius,
1502 658 1608 714 qua
1627 640 1887 713 palatium

287 722 338 769 et
357 715 671 770 Maecenatis
691 715 868 771 hortos
887 714 1354 787 continuaverat,·i‘
1381 717 1466 772 nis
1484 716 1883 790 propinquaret.

286 790 473 862 Neque
501 798 677 845 tamen
697 791 815 845 sisti
834 791 1024 861 potuit,
1054 790 1189 861 quin
1210 797 1261 843 et
1278 806 1347 861 pa
1367 792 1537 847 atium
1556 798 1608 847 et
1622 792 1825 849 domus
1837 800 1888 847 et

285 873 474 920 cuncta
504 867 709 921 circum
737 865 1097 921 haurirentur.
1177 863 1281 919 Sed
1306 864 1555 921 solatium
1574 865 1773 939 populo
1792 884 1888 924 ex-

286 941 496 996 turbato
541 958 604 995 ac
648 938 876 1013 profugo
921 956 1173 1011 campum
1212 940 1396 995 Martis
1442 958 1504 996 ac
1540 951 1884 997 monumenta

284 1015 572 1090 Agrippae,
598 1015 776 1071 hortos
805 1016 940 1087 quin
973 1017 1133 1071 etiam
1153 1032 1281 1071 suos
1299 1014 1567 1088 patefecit:
1610 1024 1662 1071 et
1680 1016 1887 1073 subita-

285 1093 364 1146 ria
385 1090 623 1147 aedificia
643 1090 924 1156 exstruxit,
939 1108 1079 1163 quae
1098 1087 1496 1147 multitudinem
1515 1092 1729 1164 inopem
1745 1095 1886 1150 acci-

283 1172 496 1237 perent:
538 1165 900 1237 subvectaque
929 1164 1178 1221 utensilia
1205 1165 1274 1219 ab
1300 1164 1447 1221 Ostia
1486 1175 1537 1221 et
1564 1167 1885 1240 propinquis

283 1240 624 1311 municipiis;
665 1241 1006 1313 pretiumque
1034 1239 1289 1296 frumenti
1318 1241 1588 1296 minutum
1619 1259 1793 1315 usque
1817 1240 1885 1297 ad

283 1324 459 1371 ternos
488 1332 758 1371 nummos·
837 1314 1004 1381 Quae,
1037 1332 1370 1387 quamquam
1394 1316 1690 1389 popularia,
1718 1318 1777 1373 in
1798 1318 1885 1373 in·-

281 1391 448 1446 ritum
477 1390 749 1456 cadebant,
791 1392 920 1462 quia
948 1398 1252 1463 pervaserat
1278 1409 1481 1457 rumor,
1521 1396 1635 1461 ipso
1660 1400 1886 1461 temporo

282 1471 559 1538 flagrantis
595 1470 742 1522 urbis
780 1471 937 1522 inisse
964 1484 1079 1548 eqm
1106 1470 1436 1522 domesticam
1456 1484 1663 1523 scenam
1680 1476 1729 1522 et
1748 1472 1885 1524 coci-

281 1547 419 1598 nisae
447 1543 728 1598 Troianum
753 1547 1031 1606 excidium,
1062 1548 1360 1610 praesentia
1376 1546 1520 1602 mala
1540 1547 1754 1599 vetustis
1772 1546 1885 1600 cla-

282 1621 432 1672 dibus
451 1620 864 1672 ati-simulantem.

394 1694 478 1748 40.
518 1691 678 1748 Sexto
715 1691 934 1747 demum
973 1689 1061 1744 die
1099 1691 1245 1764 apud
1281 1692 1419 1746 imas
1454 1690 1728 1765 Esquilias
1756 1691 1882 1748 finis

281 1766 528 1822 incendio
553 1766 743 1832 factus,
783 1766 1017 1838 prorutis
1049 1782 1144 1837 per
1172 1767 1481 1823 inmensum
1506 1767 1762 1822 aedificiis
1777 1809 1791 1832 ,
1824 1777 1885 1822 ut

282 1842 562 1898 continuae
589 1840 871 1897 violentiae
899 1857 1123 1911 campus
1160 1847 1213 1895 et
1238 1841 1388 1897 velut
1412 1859 1645 1898 vacuum
1672 1841 1882 1898 coelum

281 1924 596 1974 occurreret.
674 1915 913 1971 Necdum
942 1917 1114 1987 posito
1145 1923 1311 1982 metu,
1344 1917 1546 1972 redibat
1565 1917 1739 1986 levius
1760 1935 1886 1972 rur-

282 1999 698 2066 suffigi-assatus
717 1993 882 2066 ignis,
913 1989 1111 2062 patulis
1140 1992 1315 2066 magis
1334 1991 1487 2047 urbis
1512 1993 1667 2061 locis3
1710 2010 1885 2066 eoque

283 2075 486 2142 strages
521 2068 803 2123 hominum
843 2065 1047 2134 minor3
1107 2065 1328 2122 delubra
1362 2067 1526 2123 deum
1564 2075 1618 2122 et
1644 2069 1883 2139 porticus

283 2144 586 2199 amoenitati
603 2142 805 2197 dicatae
825 2140 985 2198 latius
1003 2142 1294 2213 procidere.
1374 2141 1611 2215 Plusque
1628 2141 1885 2199 infamiae

280 2218 339 2274 id
366 2217 678 2274 incendium
708 2217 915 2282 habuit,
946 2217 1075 2288 quia
1104 2216 1336 2287 praediis
1356 2216 1605 2291 Tigellini
1625 2216 1888 2274 Aemilia-

281 2294 368 2349 nis
405 2301 740 2365 proruperat;
801 2291 1187 2363 videbaturque
1222 2293 1361 2347 Nero
1392 2293 1697 2348 condendae
1724 2293 1886 2349 urbis

283 2385 451 2425 novae
468 2377 520 2423 et
537 2374 883 2442 cognomento
898 2383 998 2422 suo
1013 2365 1358 2438 adpellandae
1404 2366 1590 2424 loriam
1600 2383 1883 2440 quaerere.

281 2441 495 2515 Quippe
539 2443 599 2498 in
642 2443 887 2516 regiones
933 2441 1332 2514 quatuordecim
1422 2458 1545 2498 oma
1588 2443 1883 2500 dividitur:

284 2535 517 2589 quarum
535 2524 764 2589 quatuor
782 2518 1017 2591 integrae
1033 2517 1337 2584 manebant,
1360 2525 1464 2573 tres
1484 2517 1597 2574 solo
1614 2527 1771 2573 tenus
1786 2519 1889 2574 de-

284 2594 474 2648 iectae:
515 2599 718 2664 septem
744 2592 967 2664 reliquis
986 2607 1156 2663 pauca
1175 2599 1430 2649 tectorum
1448 2594 1671 2668 vestigia
1690 2611 1893 2666 super-

283 2673 450 2731 erant,
474 2665 641 2722 lacera
661 2675 711 2722 et
730 2669 1004 2722 semiusta.

395 2741 476 2796 Η.
518 2741 786 2799 Domuum
836 2749 887 2797 et
923 2739 1224 2797 insularum
1262 2745 1314 2798 et
1348 2741 1695 2818 templorum,
1739 2761 1897 2820 quae
