2081 3038
107 185 115 190 ’
209 204 457 278 acac.)
670 211 829 276 ¹³1ss-
871 211 938 254 11.
980 209 1158 257 CAP.
1199 214 1373 261 1—3.
1749 212 1816 264 59

210 314 399 378 rinthi‚
432 310 662 368 Achaiae
682 312 835 377 urbe,
867 319 1034 366 certos
1060 315 1273 369 nuntios
1309 317 1508 387 accepit
1537 316 1602 373 de
1630 319 1818 373 interi-

209 397 271 444 tu
293 388 513 453 Galbae,
541 395 591 442 et
619 387 853 450 aderant,
877 387 974 458 qui
1001 405 1148 442 arma
1165 388 1366 443 Vitellii
1391 391 1702 464 bellumque
1723 395 1817 449 ad·-

210 464 505 527 firmarent,
548 463 743 519 anxius
772 462 971 526 animo,
1011 464 1198 533 paucis
1223 464 1516 521 amicorum
1539 467 1811 534 adhibitis,

210 544 401 593 cuncta
422 537 697 609 utrimque
715 535 1016 606 perlustrat.
1073 536 1136 592 Si
1147 541 1385 606 perqerec
1403 544 1460 592 in
1479 545 1672 605 urbem,
1695 547 1815 596 nul-

212 617 320 668 lam
338 614 501 681 officii
518 617 763 682 qratiam,
794 615 851 666 in
876 615 1097 666 alterius
1125 615 1366 667 honorem
1389 618 1614 680 suscepti
1625 634 1641 668 .·
1677 634 1743 670 ac
1763 635 1818 670 se

223 689 439 750 Vitellio,
480 691 587 741 sive
611 687 815 749 Othoni,
854 689 1078 740 obsidem
1092 691 1219 756 fore.
1297 686 1396 742 Sin
1415 691 1625 751 redt'ret,
1653 695 1817 758 offen-
1853 727 1865 734 -

210 780 325 817 sam
353 764 493 815 haud
522 765 733 815 dubiam
761 765 1003 816 victoris:
1042 765 1131 814 sed
1160 765 1360 816 incerta
1385 765 1554 816 adhuc
1575 767 1814 828 victoria,

212 845 263 892 et
302 841 601 890 concedente
629 841 685 890 in
706 845 889 904 partes
908 844 1081 904 patre,
1119 839 1286 904 filium
1317 845 1640 891 excusatum.
1721 838 1820 892 Sin

221 913 567 978 Vespasianus
593 913 963 978 rempublicam
988 915 1287 978 susciperet,
1317 913 1718 966 obliviscendum
1738 919 1818 982 os-

209 991 475 1056 tensarum
494 990 557 1040 de
576 989 705 1040 bello
724 989 1060 1054 aqitantibus.
1667 1021 1676 1028 .

321 1065 372 1117 2.
416 1062 511 1116 His
540 1078 600 1116 ac
627 1060 824 1116 talibus
852 1061 990 1114 inter
1018 1077 1171 1130 spem
1201 1067 1514 1131 metumque
1542 1062 1812 1126 iactatum,

210 1154 335 1208 spes
356 1135 501 1192 vicit.
582 1137 773 1200 Fuere,
805 1135 921 1206 qui,
951 1151 1236 1190 accensum
1256 1135 1520 1190 desiderio
1539 1137 1815 1192 Berenices

208 1212 453 1285 reginae,
487 1213 711 1267 vertisse
735 1210 833 1264 iter
862 1209 1150 1264 crederent.
1231 1211 1419 1282 Neque
1445 1211 1759 1267 abhorrebat
1785 1229 1814 1266 a

209 1287 459 1342 Berenice
478 1285 733 1341 iuvenilis
754 1285 999 1340 animus:
1037 1284 1132 1338 sed
1152 1285 1399 1356 gerendis
1421 1286 1580 1342 rebus
1602 1286 1814 1342 nullum

210 1379 279 1416 ex
297 1379 358 1416 eo
376 1360 822 1432 inpedimentum.
895 1360 1110 1412 Laetam
1133 1357 1495 1429 voluptatibus
1513 1361 1814 1416 adolescen-

209 1438 339 1491 tiam
361 1437 485 1506 θεὴ,
510 1451 611 1489 suo
628 1451 794 1504 quam
815 1434 981 1504 patris
1013 1433 1242 1502 imperio
1270 1433 1575 1488 modestior.
1651 1437 1815 1507 Igitur

209 1527 359 1567 oram
378 1508 607 1565 Achaiae
625 1516 675 1563 et
694 1506 869 1573 Asiae,
892 1525 955 1562 ac
974 1505 1122 1562 laeva
1143 1508 1308 1561 maris
1328 1510 1817 1578 praevectuQRho-

208 1584 344 1640 dum
374 1592 425 1637 et
454 1582 694 1655 Cyprum
722 1582 948 1647 insulas,
990 1581 1116 1637 inde
1145 1580 1374 1655 Syriam,
1415 1583 1816 1640 audentioribus

210 1659 401 1731 spatiis
429 1658 653 1727 petebat.
733 1657 907 1729 Atque
933 1655 1086 1712 illum
1109 1656 1305 1729 cupido
1327 1659 1562 1723 incessit,
1583 1659 1814 1715 adeundi

210 1732 533 1802 visendique
574 1731 833 1802 templum
873 1732 1104 1803 Paphiae
1131 1732 1373 1797 VeneriS‚
1415 1733 1679 1807 inclytum
1720 1752 1815 1807 per

210 1808 493 1879 indigenas
513 1805 871 1877 advenasque.
938 1807 1093 1862 Haud
1113 1806 1271 1863 fuerit
1291 1806 1532 1881 longum,
1559 1810 1710 1863 initia
1733 1826 1817 1864 re-

210 1881 449 1955 ligioniS,
480 1879 666 1951 templi
690 1880 875 1947 ritum,
907 1879 1131 1937 formam
1153 1880 1280 1937 deae
1305 1881 1500 1955 (neque
1520 1884 1664 1938 enim
1686 1884 1812 1939 alibi

212 1958 295 2013 sic
312 1953 557 2027 habetur)
581 1956 767 2025 paucis
788 1956 1066 2011 disserere.

322 2036 373 2087 3.
416 2029 753 2086 Conditorem
782 2030 966 2103 templi
996 2048 1176 2103 regem
1207 2030 1400 2088 Aerian
1431 2038 1585 2087 vetus
1609 2048 1816 2089 memo-

206 2110 309 2173 ria,
352 2106 574 2177 quidam
604 2106 779 2177 ipsius
804 2106 933 2160 deae
958 2123 1154 2161 nomen
1183 2106 1239 2161 id
1268 2106 1569 2177 perhibent.
1652 2108 1814 2163 Fama

209 2182 467 2239 recentior
486 2180 661 2246 tradit,
690 2198 721 2237 a
740 2180 937 2254 Cinyra
956 2189 1221 2236 sacratum
1245 2181 1526 2253 templum,
1550 2181 1815 2254 deamque

208 2260 406 2330 ipsam,
430 2263 735 2326 conceptam
756 2256 912 2321 mari,
936 2256 1046 2311 huc
1063 2255 1363 2327 adpulsam.
1413 2254 1517 2310 Sed
1535 2258 1813 2327 scientiam

211 2328 488 2403 artemque
526 2330 875 2401 haruspicum
914 2329 1168 2399 adcitam3
1211 2339 1262 2385 et
1297 2330 1516 2386 Cilicem
1545 2332 1813 2399 Tamiram

210 2405 485 2465 intulisse:
529 2412 689 2477 atque
717 2407 787 2460 ita
816 2414 1054 2477 pactum,
1087 2412 1146 2460 ut
1167 2404 1397 2461 familiae
1415 2406 1700 2477 utriusque
1717 2422 1815 2477 po-

212 2481 340 2537 steri
368 2480 705 2536 caerimoniis
734 2480 1111 2551 praesiderent.
1187 2480 1332 2545 Mox,
1361 2498 1429 2534 ne
1449 2480 1646 2536 honore
1666 2480 1815 2537 nullo

212 2556 422 2629 regium
460 2572 633 2627 genus
672 2558 1009 2629 peregrinam
1042 2555 1263 2627 stirpem
1288 2554 1636 2620 antecelleret,
1674 2556 1810 2629 ipsa,

212 2648 376 2704 quam
398 2628 704 2696 intulerant,
726 2631 946 2685 scientia
968 2630 1202 2702 hospites
1224 2646 1454 2703 cessere:
1495 2638 1702 2689 tantum
1725 2630 1814 2687 Ci-

213 2704 443 2781 nyrades
471 2705 713 2763 sacerdos
738 2705 1055 2763 consulitur.
1135 2705 1364 2771 Hostiae,
1389 2707 1700 2781 utquisque
1719 2724 1814 2763 vo-

1765 2933 1816 2987 1
