2081 3038
247 274 274 325 ί
810 276 1285 323 ANNALIUM

243 378 314 433 ob
349 362 636 433 certamina
669 376 965 448 potentium
1003 384 1057 432 et
1090 376 1366 433 avaritiam
1405 376 1842 451 magistratuum,

244 452 482 507 invalido
502 452 682 526 legum
703 450 906 507 auxilio
921 494 935 518 ,
958 469 1099 525 quae
1117 453 1194 518 vi,
1218 453 1443 517 ambitu,
1466 460 1733 525 postremo
1750 472 1847 526 pe-

244 528 402 582 cunia
423 526 790 589 turbabantur.

355 606 406 657 3.
447 601 695 657 Ceterum
716 601 1014 675 Augustus,
1037 600 1279 657 subsidia
1296 600 1660 667 dominationi,
1686 600 1845 657 Clau-

245 677 397 748 dium
423 676 734 733 Marcellum
752 718 765 744 ,
787 676 984 732 sororis
1002 674 1199 741 filium,
1224 676 1513 731 admodum
1534 676 1845 733 adulescen-

245 761 350 807 tem
365 794 380 818 ,
419 752 729 824 pontificatu
775 760 827 807 et
862 749 1039 807 curuli
1076 748 1363 819 aedilitate3
1410 752 1486 807 M.
1525 750 1840 825 Agrippam,

244 826 535 901 ignobilem
555 826 670 883 loco
682 868 696 893 ,
732 826 936 881 bonum
955 824 1147 881 militia
1166 828 1217 881 et
1234 826 1485 882 victoriae
1502 827 1729 893 socium,
1750 844 1847 900 ge-

244 903 462 957 minatis
489 900 856 957 consulatibus
881 899 1101 956 extulit:
1131 918 1287 967 mox,
1308 900 1556 957 defuneto
1574 902 1839 967 Marcello,

243 992 500 1050 generum
539 977 799 1047 sumpsit:
843 976 1122 1031 Tiberium
1156 976 1420 1031 Neronem
1458 984 1511 1031 et
1554 976 1841 1049 Claudium

243 1054 479 1105 Drusum
493 1092 508 1113 ,
531 1050 834 1124 privignos,
856 1051 1211 1123 imperatoriis
1229 1051 1539 1106 nominibus
1558 1052 1734 1117 auxit,
1757 1052 1845 1107 in·-

243 1134 387 1200 tegra
405 1126 690 1181 etiamtum
701 1126 858 1181 domo
873 1142 1002 1183 sua:
1025 1143 1151 1181 nam
1168 1128 1375 1200 genitos
1383 1125 1638 1201 Agrippa,
1651 1125 1841 1181 Caium

243 1218 306 1255 ac
324 1200 553 1255 Lucium
568 1242 582 1267 ‚
604 1202 661 1257 in
684 1200 942 1256 familiam
962 1200 1251 1257 Caesarum
1270 1200 1577 1269 induxerat3
1610 1200 1840 1256 necdum

242 1277 412 1348 posita
430 1274 626 1347 puerili
645 1283 912 1347 praetexta
926 1318 940 1342 ,
971 1277 1541 1345 fflnotpesriuventuus
1560 1274 1835 1347 appellari,

242 1348 498 1407 destinari
519 1350 785 1416 consules,
809 1351 985 1424 specie
1003 1352 1298 1406 recusantis
1318 1348 1385 1406 ssa
1448 1352 1725 1405 antissime
1742 1368 1841 1405 cu-

242 1426 464 1499 piverat.
525 1425 594 1481 Ut
610 1424 847 1499 Agrippa
867 1426 976 1482 vita
995 1426 1273 1490 concessit,
1295 1426 1358 1481 L.
1424 1440 1679 1490 aesarem,
1704 1442 1839 1484 eun-

241 1510 348 1558 tem
369 1500 438 1556 ad
454 1501 834 1574 Hispanienses
857 1502 1138 1568 exercitus,
1162 1498 1373 1568 Caium,
1396 1506 1715 1556 remeantem
1736 1502 1839 1554 Ar-

243 1578 420 1633 menia
451 1585 502 1632 et
537 1577 760 1632 vulnere
795 1576 1094 1632 invalidum
1110 1619 1124 1642 ‚
1166 1593 1311 1632 mors
1351 1575 1457 1632 fato
1489 1591 1714 1648 propera
1752 1575 1838 1632 vel

241 1669 496 1709 novercae
525 1653 710 1707 Liviae
735 1651 890 1708 dolus
917 1650 1163 1721 abstulit3
1204 1653 1313 1706 Dru
1414 1667 1484 1706 ue
1510 1650 1717 1723 pridem
1743 1667 1841 1705 ex-

240 1729 458 1792 stincto,
491 1728 628 1782 Nero
648 1727 796 1782 solus
823 1743 854 1782 e
875 1728 1143 1800 privignis
1170 1737 1306 1782 erat:
1348 1726 1389 1781 il
1410 1743 1484 1781 uc·
1504 1733 1692 1781 cuncta
1718 1743 1842 1780 ver-

239 1819 392 1876 gere:
423 1801 570 1856 fflius
584 1843 597 1867 ,
627 1801 826 1874 collega
844 1803 1086 1872 imperii,
1127 1815 1343 1858 consors
1358 1800 1677 1856 tribuniciae
1692 1807 1843 1876 pote-

240 1877 392 1932 statis
415 1875 743 1942 adsumitur',
783 1877 1069 1950 omnisque
1095 1893 1191 1948 per
1218 1877 1479 1932 exercitus
1516 1883 1831 1944 ostentatui-3

241 1970 346 2007 non
365 1952 636 2018 obscuris,
661 1959 723 2007 ut
740 1961 890 2007 antea
905 1993 920 2016 ,
948 1954 1136 2006 matris
1154 1952 1376 2018 artibus,
1400 1950 1494 2006 sed
1515 1948 1693 2022 palam
1710 1950 1841 2006 hor-
1865 1987 1869 1992 -

239 2035 371 2082 tatu.
451 2028 588 2081 Nam
609 2043 791 2082 senem
811 2025 1119 2102 Augustum
1138 2026 1448 2083 devinxerat
1466 2025 1595 2082 adeo
1609 2067 1623 2092 ,
1644 2026 1725 2080 uti
1744 2043 1841 2080 ne-

237 2109 416 2175 potem
435 2104 678 2168 unieum,
709 2101 1002 2176 Agrippam
1030 2103 1365 2168 Postumum,
1385 2102 1444 2157 in
1464 2099 1697 2156 insulam
1718 2099 1841 2155 Pla-

239 2179 448 2232 nasiam
473 2178 776 2249 proiiceret,
802 2177 997 2236 ,rudem
1023 2191 1154 2232 sane
1178 2177 1439 2232 bonarum
1468 2176 1665 2231 artium
1682 2184 1735 2230 et
1750 2193 1841 2232 ro-

239 2252 367 2307 bore
403 2251 638 2323 corporis
673 2250 862 2307 stolide
895 2251 1121 2306 ferocem
1136 2293 1150 2317 ,
1196 2249 1402 2306 nullius
1437 2258 1614 2306 tamen
1650 2249 1840 2324 flagitii

240 2334 590 2398 compertum.
668 2327 737 2381 At
763 2325 980 2381 hercule
995 2327 1404 2392 Germanicum,
1433 2326 1607 2382 Druso
1636 2333 1836 2390 ormm,

239 2409 356 2455 octo
373 2401 518 2474 apud
535 2401 784 2456 Rhenum
805 2400 1103 2474 legionibus
1124 2401 1400 2472 imposuit,
1422 2399 1727 2472 adscirique
1743 2417 1841 2472 per

241 2475 574 2545 adoptionem
593 2492 624 2530 a
645 2475 856 2531 Tiberio
872 2476 1057 2544 iussit;
1088 2492 1422 2547 quamquam
1443 2483 1582 2530 esset
1604 2475 1662 2530 in
1680 2475 1843 2530 domo

179 2559 184 2567 ·
242 2549 440 2604 Tiberii
470 2549 616 2604 filius
643 2551 885 2618 iuvenis3
925 2550 1020 2605 sed
1048 2567 1157 2622 quo
1200 2550 1449 2621 pluribus
1488 2550 1841 2606 munimentis

241 2623 524 2678 insisteret.
601 2624 808 2682 Bellum
827 2641 888 2680 ea
906 2633 1213 2698 tempestate
1241 2624 1452 2680 nullum
1468 2666 1483 2690 ,
1512 2625 1620 2680 nisi
1652 2623 1843 2680 adver-

241 2715 338 2752 sus
359 2698 653 2754 Germanos
669 2741 682 2764 ,
713 2708 1010 2772 supererat3
1053 2699 1339 2754 abolendae
1364 2701 1537 2773 magis
1566 2697 1840 2764 infamiae,

239 2771 310 2828 ob
349 2773 611 2828 amissum
649 2791 775 2830 cum
811 2773 1101 2842 Quinctilio
1137 2775 1273 2830 Varo
1310 2775 1633 2842 exercitum,
1670 2787 1842 2846 quam
