2081 3038
245 199 344 252 206
808 171 1295 250 ANNAan
1572 179 1855 268 (amnas.

245 303 404 360 frater
426 303 744 378 praetorius,
774 322 900 362 cum
929 303 1201 368 damnatio
1222 303 1462 370 instaret,
1486 319 1546 360 se
1564 303 1675 384 ipsi
1689 303 1859 365 inter-

245 379 434 436 fecere.
476 379 666 435 Datum
690 387 800 436 erat
817 380 1056 446 crimini,
1080 379 1228 453 quod
1244 379 1625 453 Theophanem
1644 378 1857 454 Mityle-

244 472 462 520 naeum,
482 473 745 530 proavum
768 472 976 523 eorum,
999 454 1099 518 Cn.
1114 457 1343 530 Magnus
1360 457 1499 512 inter
1518 453 1744 511 intimos
1759 453 1859 510 ha-

243 531 478 587 buisset:
521 529 777 605 quodque
803 530 1055 591 defuncto
1076 531 1389 604 Theophani
1418 529 1670 594 caelestes
1690 529 1860 602 hono-

245 624 330 662 res
353 605 554 663 Graeca
573 605 804 663 adulatio
824 606 1097 664 tribuerat.

357 685 440 741 ⁴9.
482 683 608 738 Post
645 698 784 757 quos
812 680 937 738 Sex.
961 682 1187 748 Marius,
1228 681 1617 754 Hispaniarum
1654 681 1859 751 ditissi-

246 775 392 826 mus,
415 757 650 814 defertur
676 759 968 814 incestasse
988 757 1179 828 filiam,
1207 765 1261 814 et
1277 775 1410 818 saxo
1426 757 1651 830 Tarpeio
1671 756 1860 822 deiici-

247 843 353 890 tur.
433 831 531 901 Ac,
560 851 629 889 ne
656 832 885 892 dubium
915 834 1221 902 haberetur,
1244 832 1671 908 magnitudinem
1796 850 1862 887 u·-

248 910 368 965 niae
388 909 530 966 malo
555 910 799 975 vertisse,
826 911 1067 990 aurai-ias
1096 908 1233 976 eius,
1254 925 1591 998 quamquam
1614 849 1862 982 pugleicca-

248 992 450 1050 rentur,
477 985 696 1042 sibimet
721 985 972 1046 Tiberius
998 985 1257 1060 seposuit.
1328 983 1699 1056 inritatusque
1726 1001 1860 1056 sup-

248 1059 449 1132 pliciis,
463 1065 702 1127 cunctos,
717 1060 815 1134 qui
835 1078 1043 1116 carcere
1061 1059 1435 1122 adunabantur
1449 1059 1683 1119 accusati
1690 1059 1863 1118 socie-

249 1135 370 1190 tatis
392 1153 517 1191 cum
535 1133 746 1202 Seiano,
778 1137 957 1200 necari
984 1136 1152 1198 iubet.
1232 1135 1401 1194 Iacuit
1438 1134 1687 1202 inmensa
1723 1141 1861 1196 stra-

246 1228 370 1341 ges:
413 1211 592 1300 omnis
619 1228 804 1278 sexus,
835 1210 1015 1300 omnis
1048 1219 1219 1280 aetas:
1262 1209 1541 1301 inlustres,
1570 1209 1859 1299 ignobiles,

249 1294 935 1438 ,uszsafisrassz‘ssa
962 1287 1861 1452 augmentata}

249 1437 434 1508 hami-3
457 1435 554 1493 sed
573 1437 901 1498 circumiecti
921 1437 1189 1506 custodes,
1213 1447 1338 1494 etin
1360 1453 1656 1498 maerorem
1676 1437 1862 1499 cuius-

215 1544 222 1549 ·
249 1531 358 1587 que
385 1513 593 1582 intenti,
627 1530 846 1589 corpora
872 1513 1165 1589 putrefacta
1193 1513 1617 1583 adsectabantur,
1648 1511 1782 1572 dum
1802 1513 1859 1569 in

250 1590 488 1646 Tiberim
513 1591 875 1665 traherentur:
918 1591 1016 1649 uhi
1035 1589 1317 1657 fluitantia,
1338 1596 1433 1647 aut
1458 1590 1591 1663 ripis
1610 1587 1859 1662 adpulsa,

250 1684 360 1723 non
387 1683 624 1723 cremare
650 1668 968 1740 quisquam,
990 1684 1099 1726 non
1119 1668 1442 1743 contingere.
1522 1664 1865 1731 Interciderat

250 1742 407 1797 sortis
435 1741 703 1797 humanae
723 1742 1115 1803 commercium
1144 1742 1201 1799 vi
1229 1752 1433 1801 metuet
1487 1748 1864 1815 quantumque

249 1816 470 1873 saevitia
526 1815 753 1884 lisceret,
775 1818 1053 1881 miseratio
1067 1816 1363 1876 arcebatur.
1666 1814 1671 1821 ’

359 1894 446 1949 20.
526 1892 601 1949 ub
619 1890 763 1948 idem
783 1900 998 1973 tempus
1017 1893 1079 1951 C.
1101 1893 1314 1959 Caesar,
1326 1890 1621 1951 discedenti
1632 1889 1864 1965 Capreas

251 1986 351 2025 avo
379 1985 578 2035 oomeS,
609 1966 910 2037 Claudiam,
941 1970 1015 2027 Μ.
1039 1968 1209 2026 Silani
1228 1968 1419 2035 filiam,
1440 1967 1691 2047 coniugio
1715 1984 1865 2023 aece-

250 2044 354 2117 pit;
395 2045 671 2101 inmanem
699 2045 948 2104 animum
976 2045 1203 2104 subdola
1226 2042 1487 2103 modestia
1505 2047 1711 2123 tegens..
1753 2060 1861 2099 non

249 2120 589 2177 damnatione
629 2120 834 2187 matris,
878 2139 986 2182 non
1025 2119 1217 2180 exsilio
1257 2118 1483 2182 fratrum
1512 2124 1668 2191 rupta
1702 2135 1862 2187 voce,

251 2194 472 2271 qualem
509 2196 654 2257 diem
694 2195 944 2259 Tiberius
982 2196 1269 2263 induisset,
1308 2194 1428 2267 pari
1464 2192 1673 2263 habitu,
1715 2192 1865 2251 haud

253 2270 488 2327 multum
517 2270 841 2333 distantibus
868 2270 1069 2333 ver-bie.
1148 2268 1301 2331 Unde
1324 2288 1453 2327 mox
1471 2269 1667 2344 scitum
1686 2268 1869 2335 Passi-

253 2348 362 2415 eni,
393 2349 616 2405 oratoris
631 2391 644 2416 ,
677 2346 882 2405 dictum
909 2347 1242 2422 percrebuit:
1285 2364 1448 2427 neque
1476 2336 1737 2415 meliotw'm
1764 2362 1869 2403 tm·-

256 2442 412 2497 quam
437 2442 659 2490 servum,
689 2442 851 2497 neque
877 2428 1183 2482 deteriorem
1206 2427 1471 2490 dominum
1517 2425 1669 2489 uis-xe.
1697 2492 1701 2499 α
1745 2420 1867 2481 Non

253 2500 530 2557 omiserim
559 2501 902 2577 praesagium
930 2498 1133 2558 Tiberii
1161 2498 1228 2560 de
1248 2496 1362 2561 Ser.
1387 2496 1487 2557 Gal
1562 2539 1577 2564 ‚
1601 2504 1719 2556 tum
1739 2512 1871 2555 oon-

255 2573 402 2631 sule:
446 2592 610 2649 quem
639 2577 889 2642 accitum,
921 2582 973 2641 et
989 2574 1220 2635 diversis
1242 2572 1583 2641 sermonibus
1600 2578 1871 2647 pertenta-

253 2654 393 2715 tum,
415 2650 683 2723 postremo
703 2651 921 2711 Graecis
942 2650 1123 2710 verbis
1140 2650 1199 2715 in
1220 2650 1361 2706 hanc
1378 2650 1702 2723 senteutiam
1718 2646 1871 2719 adlo-

255 2729 433 2794 cutus,
463 2725 530 2782 Et
555 2736 628 2791 tu,
671 2726 858 2793 Galba,
899 2730 1208 2799 quandoque
1241 2727 1537 2796 degustabis
1572 2728 1869 2801 imperium,
