2081 3038
207 225 451 300 A.c.r›3.)
591 236 752 278 Lla.
793 235 944 280 x1v.
988 235 1166 280 CAP.
1211 238 1294 282 57.
1338 239 1416 284 58.
1703 235 1802 286 353

208 342 319 388 tum
343 335 399 388 in
422 333 624 398 Asiam,
648 333 849 388 Sullam
873 335 929 388 in
958 334 1185 388 Galliam
1216 336 1606 393 Narbonensem
1631 358 1803 412 nuper

206 417 435 476 amotos;
478 413 797 464 nobilitatem
823 427 1024 471 eorum,
1057 419 1106 462 et
1122 415 1440 478 propinquos
1465 417 1586 468 huic
1617 415 1804 471 Orien-

208 487 290 545 tis,
322 487 407 538 illi
430 483 740 539 Germaniae
768 488 1029 537 exercitus
1047 494 1440 540 commemorat.
1519 489 1637 544 Non
1653 509 1722 554 se,
1746 501 1804 545 ut

206 559 453 622 Burrum,
474 557 709 614 diversas
724 576 855 627 spe-3,
868 563 957 612 sed.
974 561 1142 612 solam
1159 563 1562 616 incolumitatem
1582 567 1804 622 Neronis

202 641 439 700 spectare
449 652 467 686 :
507 639 594 688 oui
612 638 787 688 caveri
812 642 1086 704 utcumque
1101 637 1170 688 ab
1188 639 1407 690 urbanis
1424 641 1632 693 insidiis
1647 658 1805 707 prae-

202 713 395 775 sentia,
389 729 401 740 ·
420 712 725 782 lonqinquos
743 717 910 764 motus
928 726 1153 778 quonam
1169 715 1318 766 modo
1339 717 1607 780 comprimi
1616 715 1806 782 posse?

202 783 421 837 Erectas
446 783 651 840 Gallias
684 789 756 840 ad
781 801 965 838 nomen
990 787 1346 849 dictatorium,
1375 804 1470 842 nec
1498 792 1669 842 minus
1685 807 1804 842 sus-

196 875 386 948 pensos
419 861 574 914 Asiae
608 862 825 928 populos
861 862 1178 914 claritudine
1220 865 1312 916 avi
1343 863 1523 917 Drusi.
1601 863 1806 920 Sullam

202 937 433 1002 inopem;
478 939 613 988 unde
634 939 976 1003 praeeipuam
1012 936 1322 1000 audaciam:
1369 946 1420 990 et
1451 941 1805 992 simulatorem

200 1012 467 1098 aequitiae,
488 1013 612 1064 dum
632 1015 909 1064 temeritati
927 1011 1098 1063 locum
1114 1015 1381 1079 reperiret.
1429 1013 1672 1066 Plautum
1689 1031 1804 1067 ma-

200 1083 321 1152 qnis‘
346 1087 541 1152 opibus,
568 1103 632 1139 ne
656 1089 846 1154 [inqere
872 1088 1080 1153 quidem
1107 1085 1398 1153 cupidinem
1427 1092 1538 1151 otii,
1559 1093 1649 1142 sed
1666 1098 1804 1142 vete-

199 1176 319 1212 rum
348 1159 693 1216 Romanorum
724 1163 1046 1214 imitamenta
1074 1166 1375 1230 praeferre.-
1413 1167 1688 1230 adsumpta
1727 1173 1804 1216 et-

198 1237 307 1288 iam
326 1234 619 1290 Stoicorum
636 1237 953 1304 adroyantia
967 1243 1226 1304 sectaque,
1251 1253 1384 1304 quae
1403 1240 1634 1292 turbidos
1651 1247 1699 1292 et
1711 1256 1804 1292 ne-

198 1314 456 1378 gotiorum
494 1315 787 1379 adpetentes
823 1315 1005 1380 faciat.
1083 1309 1194 1364 Nec
1220 1309 1356 1365 ultra
1388 1329 1554 1367 mora.
1633 1311 1799 1376 Sulla,

200 1393 351 1440 sexto
379 1384 467 1440 die
492 1387 753 1456 pervectis
772 1383 1067 1440 Massiliam
1095 1385 1522 1456 percussoribus,
1551 1397 1672 1442 ante
1690 1406 1806 1442 me-

200 1467 317 1514 tum
339 1467 390 1513 et
408 1476 678 1514 rumorem
700 1459 1033 1525 interficitur,
1065 1476 1191 1514 cum
1211 1459 1462 1531 epulandi
1484 1477 1672 1516 caussa
1691 1463 1804 1517 dis-

199 1534 492 1591 cumberet.
559 1534 803 1589 Relatum
822 1544 982 1605 caput
1001 1537 1120 1591 eius
1139 1535 1329 1591 inlusit
1347 1536 1504 1602 Nero,
1528 1545 1800 1609 tamquam

198 1617 534 1682 praematura
552 1608 744 1664 canitie
768 1606 1021 1664 deforme.
1758 1648 1764 1657 .

312 1687 397 1739 58.
439 1684 625 1739 Plauto
664 1685 839 1755 parari
877 1700 1092 1749 necem,
1132 1702 1238 1740 non
1275 1688 1494 1757 perinde
1533 1687 1801 1745 occultum

199 1760 321 1823 fuit,
364 1759 491 1830 quia
510 1758 769 1830 pluribus
808 1758 955 1813 salus
980 1760 1098 1814 eius
1125 1760 1433 1830 curabatur3
1485 1773 1536 1819 et
1565 1766 1802 1835 spatium

198 1833 408 1890 itineris
446 1851 508 1888 ac
544 1835 711 1889 maris
750 1843 1072 1907 tempusque
1107 1836 1438 1891 interiectum
1468 1847 1705 1894 moverat
1723 1839 1802 1893 sa-

199 1926 374 1964 mam:
417 1908 689 1982 vulgoque
719 1908 1006 1983 fingebant,
1035 1915 1253 1978 petitum
1277 1915 1343 1965 ab
1361 1930 1419 1966 eo
1445 1912 1798 1976 Corbulonem,

94 1982 101 1991 '
201 1984 415 2057 magnis
453 1992 568 2039 tum
610 1985 937 2041 exercitibus
962 1985 1370 2056 praesidentem,
1409 1988 1458 2040 si
1487 1986 1617 2041 clari
1643 2000 1802 2059 atque

199 2061 437 2115 insontes
458 2058 897 2125 interficerentur,
918 2061 1268 2131 praecipuum
1287 2060 1354 2115 ad
1372 2061 1628 2132 pericula.
1663 2064 1801 2128 Quin

197 2144 248 2190 et
283 2134 463 2189 Asiam
498 2140 681 2205 favore
708 2140 911 2191 iuvenis
936 2153 1090 2190 arma
1117 2141 1335 2205 cepis-305
1373 2153 1466 2190 nec
1493 2140 1697 2201 militae,
1729 2143 1802 2193 ad

196 2212 365 2266 scelus
393 2215 592 2273 missos,
616 2219 711 2265 aul
727 2227 941 2265 numero
956 2214 1176 2273 valido-³,
1204 2220 1298 2265 aut
1317 2216 1491 2266 animo
1504 2220 1793 2286 promptae.

190 2294 470 2376 postquam
488 2290 634 2341 iussa
654 2290 851 2357 efficere
868 2289 1211 2353 nequiverint,
1225 2290 1296 2340 ad
1313 2302 1429 2353 spes
1445 2303 1608 2340 novas
1626 2294 1803 2341 trans—

198 2366 313 2415 isse.
392 2360 541 2416 Vana
570 2360 719 2425 haec,
754 2378 901 2415 more
920 2358 1106 2423 famae,
1147 2360 1478 2415 credentium
1505 2363 1611 2417 otio
1637 2376 1803 2435 auge-

199 2436 413 2490 bantur.
494 2435 741 2492 Ceterum
768 2435 991 2491 libertus
1018 2435 1190 2492 Plauti
1231 2434 1492 2490 celeritate
1520 2446 1798 2492 ventorum

198 2512 474 2581 praevenit
511 2511 893 2577 centurionem,
934 2521 986 2566 et
1022 2511 1269 2565 mandata
1297 2510 1359 2565 L.
1387 2510 1607 2565 Antistii
1633 2517 1802 2569 soceri

198 2584 414 2642 adtulit:
456 2592 701 2677 effuqeret
728 2604 930 2656 aequem
954 2597 1186 2649 mortem,
1215 2591 1405 2640 otium.-
1450 2591 1734 2657 suffuqium
1753 2600 1802 2643 et

197 2664 378 2730 mayni
393 2666 617 2717 nominis
638 2666 968 2718 miseratione
992 2670 1320 2731 reperturum
1341 2664 1511 2727 bonos,
1534 2669 1802 2719 consocia-

201 2745 387 2864 tuq-‘m'
403 2740 645 2867 audalces.
722 2738 938 2796 Nullum
966 2742 1177 2794 interim
1201 2740 1488 2866 subsicgium
1511 2756 1801 2811 aspernan-

321 2826 491 2867 Aenus
