2081 3038
236 152 483 224 A.c.7o.)
640 159 795 204 mn.
836 159 907 203 11.
951 159 1128 205 cAP.
1171 159 1417 204 47—49.
1776 154 1842 205 85

246 260 481 315 Vitellius
496 265 681 327 fratre,
705 263 933 326 coniuye,
959 261 1164 314 liberis:
1201 261 1330 313 milii
1346 275 1450 314 non
1467 262 1662 316 ultione
1681 275 1842 328 neque

236 338 441 392 solatiis
464 352 593 403 opus
612 342 702 388 est.
778 335 887 388 Atii
912 338 1112 388 diutius
1133 337 1404 401 imperium
1427 339 1709 389 tenuerint:
1748 351 1840 388 ne-

236 427 321 464 mo
342 419 447 464 tam
464 415 671 477 sortiter
689 411 973 478 reliquerit.
1034 413 1117 462 An
1135 425 1226 476 ⁶9⁰
1246 416 1446 461 tantum
1464 410 1722 466 Romanae
1737 428 1840 478 pu-

239 488 346 548 bis,
387 493 459 539 tot
488 489 719 552 eqreyios
746 487 1009 538 exercitus
1037 487 1202 538 sterni
1221 499 1410 537 rursus
1447 491 1496 536 et
1523 488 1840 552 reipublicae
1865 483 1868 490 '

238 565 374 628 eripi
387 557 609 628 patiar?
646 559 748 614 Eat
772 561 855 612 hic
875 575 1071 612 mecum
1089 563 1311 621 animus,
1337 567 1599 626 tamquam
1613 563 1839 626 perituri

234 653 333 703 pro
354 651 430 688 me
447 638 668 703 [ueritis.
722 633 825 688 Sed
844 642 946 688 este
962 639 1278 702 superstites.
1329 633 1436 688 Nec
1453 636 1544 687 diu
1565 651 1837 697 moremur,

238 728 329 780 eqo
350 714 753 766 incolumitatem
770 717 1011 772 vestram,
1024 725 1114 763 vos
1133 712 1478 764 constantiam
1496 723 1677 762 meam.
1719 709 1842 762 Plu-

236 803 303 839 ra
339 790 403 839 de
440 789 688 840 extremis
716 787 871 853 loqui,
905 801 1038 853 pars
1063 788 1306 854 iynaviae
1332 791 1422 838 est.
1499 783 1842 852 Praecipuum

238 864 598 916 destinationis
623 877 765 914 meae
790 862 1148 914 documentum
1175 862 1368 924 habete,
1401 862 1538 928 quod
1561 862 1624 912 de
1642 862 1841 912 nemine

234 953 443 1006 queror.
521 937 659 992 Nam
682 940 927 991 incusare
952 939 1075 990 deos
1101 937 1182 990 vel
1200 938 1444 1000 homines,
1483 937 1596 992 eius
1612 942 1704 1000 est,
1748 939 1839 1003 qui

237 1017 407 1066 vivere
424 1014 562 1067 velit.
588 1013 593 1018 ’

347 1090 429 1143 48.
472 1085 618 1142 Talia
651 1085 879 1150 loeutus,
909 1092 969 1142 ut
986 1085 1186 1158 cuique
1205 1094 1346 1141 aetas
1365 1092 1458 1142 sut
1475 1084 1728 1159 dignitas,
1751 1101 1840 1141 co-

236 1163 391 1216 miter
410 1163 473 1217 ad
478 1161 713 1234 peilatus,
744 1168 882 1217 irent
897 1179 1133 1230 propere,
1155 1179 1254 1216 neu
1271 1166 1583 1218 remanendo
1601 1166 1740 1216 iram
1758 1165 1841 1216 vi-

236 1244 395 1293 ctoris
422 1247 743 1306 aspen-arent,
788 1237 1013 1292 iuvenes
1043 1237 1365 1302 auctoritate,
1407 1253 1561 1292 senes
1587 1237 1837 1308 precibus

238 1313 507 1368 movebat:
550 1312 793 1383 placidus
816 1328 927 1375 ore,
958 1311 1258 1382 intrepidus
1278 1311 1478 1377 verbis,
1507 1312 1839 1383 intempesti-

237 1406 333 1442 vas
354 1405 575 1442 suorum
596 1386 843 1440 lem-imas
862 1401 1130 1441 coercens.
1185 1386 1307 1440 Dari
1331 1401 1496 1441 naves
1513 1403 1576 1440 ac
1592 1386 1836 1444 vehicula

237 1462 559 1517 abeuntibus
588 1460 761 1517 iubet:
804 1457 1013 1515 libellos
1043 1457 1420 1531 epistolasque,
1445 1460 1622 1516 studio
1639 1477 1762 1534 erga
1780 1479 1837 1515 se

238 1538 403 1592 autin
427 1535 699 1591 Vitellium
718 1535 1056 1590 contumeliis
1077 1535 1336 1608 insigneS,
1361 1534 1557 1590 abolet:
1583 1538 1838 1606 pecunias

236 1611 528 1677 distribuit,
549 1627 723 1681 paron,
744 1627 847 1665 neo
862 1618 923 1667 ut
942 1611 1231 1681 perituruS.
1299 1610 1422 1665 Mox
1441 1609 1683 1667 Salvium
1707 1610 1838 1667 Coc·
1888 1643 1895 1647 -

237 1688 504 1751 ceisnum,
544 1685 722 1741 fratris
759 1684 953 1751 filium,
999 1687 1174 1757 prima
1211 1686 1446 1752 iuventa,
1489 1686 1758 1758 trepidum
1787 1696 1838 1741 et

240 1769 582 1826 maerentem,
624 1760 763 1816 uitro
790 1760 989 1817 solatus
1014 1770 1114 1825 est,
1146 1758 1410 1817 laudando
1428 1761 1674 1833 pietatem
1695 1764 1833 1828 siue,

236 1836 541 1910 castigando
573 1834 935 1891 formidinem:
978 1855 1051 1893 an
1088 1838 1344 1893 Vitellium
1372 1845 1477 1891 tam
1497 1842 1694 1893 inmitis
1716 1843 1837 1893 ani-

232 1917 310 1967 mi
335 1919 463 1981 sore,
494 1920 552 1965 ut
568 1928 665 1980 pro
693 1914 941 1967 incolumi
969 1921 1078 1967 tota
1104 1916 1253 1967 domo
1271 1929 1335 1966 ne
1351 1914 1486 1967 hanc
1508 1915 1714 1981 quidem
1737 1916 1840 1967 sibi

234 1993 464 2058 qratiam
484 1985 755 2043 redderet?
807 1987 1002 2041 Morere
1019 2004 1073 2043 se
1091 1991 1334 2057 festinato
1351 1992 1499 2056 exitu
1519 1990 1838 2043 elementiam

234 2068 469 2119 victoris.
549 2062 667 2118 Non
703 2066 837 2116 enim
865 2064 1052 2117 ultima
1078 2066 1449 2130 desperatione,
1488 2066 1578 2116 sed
1600 2072 1839 2129 poscente

232 2141 489 2207 proelium
508 2143 759 2199 exercitu,
780 2140 1039 2191 remisisse
1057 2139 1374 2207 reipublicae
1392 2142 1726 2192 novissimum
1741 2154 1839 2193 ca-

234 2231 363 2267 sum.
440 2213 587 2267 Satis
612 2216 713 2267 sibi
740 2215 977 2274 nominis,
1014 2216 1149 2265 satis
1168 2218 1393 2279 posteris
1414 2217 1525 2267 suis
1551 2214 1840 2268 nobilitatis

234 2293 541 2359 quaesitum.
620 2288 737 2343 Post
758 2288 935 2349 Iulios,
984 2285 1244 2351 Claudios,
1275 2286 1501 2352 Servios,
1539 2304 1595 2341 se
1607 2290 1840 2355 primum

235 2368 293 2419 in
310 2366 568 2434 [anniliam
596 2378 781 2417 novam
810 2365 1083 2431 imperium
1103 2365 1354 2420 intulisse.
1432 2363 1653 2417 Proinde
1669 2372 1840 2419 erecto
1882 2364 1884 2367 ’

234 2442 410 2493 animo
439 2446 723 2507 capesseret
752 2440 931 2498 vitam,
960 2454 1079 2501 neu,
1097 2447 1349 2505 patruum
1365 2441 1467 2493 sibi
1487 2436 1734 2493 Othonem
1751 2442 1840 2506 su-

236 2518 351 2577 isse,
374 2522 466 2568 aut
486 2516 873 2568 oblivisceretur
891 2530 1068 2581 unqua
1075 2530 1141 2577 m,
1165 2522 1258 2569 aut
1279 2517 1494 2569 nimium
1512 2516 1836 2568 vrwminisset.

347 2590 433 2644 49.
474 2589 597 2643 Post
622 2604 781 2659 quse,
812 2587 1029 2643 dimotis
1055 2588 1330 2653 omnibus,
1359 2585 1604 2659 paullum
1626 2586 1839 2660 requio—

238 2662 332 2719 νὴ.
414 2662 589 2737 Atque
626 2661 803 2730 illum,
844 2678 1126 2736 supremas
1155 2664 1266 2723 iam
1295 2680 1452 2719 curas
1479 2663 1658 2719 animo
1685 2661 1838 2719 volu·

502 2802 536 2831 4..
