2081 3038
818 262 1092 307 mun-R
1141 262 1248 309 111.
1737 233 1832 311 ΗΒ

220 364 457 413 suspectus.
474 361 531 401 ab
542 360 733 401 Antonio
750 364 963 403 servatur.
995 363 1059 403 11.
1075 362 1157 402 Hie
1175 362 1354 410 alteram
1372 370 1540 412 quoque
1559 362 1830 411 seditionem,
1857 390 1863 396 -

223 430 322 471 odio
347 429 504 479 Aponii
530 428 749 487 Saturnini
774 433 934 476 ortam,
973 431 1234 480 comprimit.
1289 432 1352 469 12.
1376 430 1570 470 Lucilius
1594 432 1757 471 Bassus
1789 436 1834 473 et

222 499 285 539 13.
308 499 371 538 14.
392 496 596 545 Caecina,
622 508 651 537 a
666 497 841 537 Vitellio
862 498 1132 546 deficientes,
1161 508 1188 537 a
1204 497 1416 537 militibus
1435 500 1524 537 suis
1549 500 1832 539 coniiciuntur

219 568 262 605 in
280 565 467 606 vincula.
510 567 575 606 15.
594 566 829 615 Discordos
846 566 1102 605 Vitellianoe
1129 567 1183 605 ad
1209 566 1464 605 Bedriacum
1483 566 1659 614 adgredi
1679 570 1832 607 statuit

219 635 449 673 Antonius.
489 635 555 673 1⁰.
583 633 802 673 Aviditate
822 634 1048 673 navandae
1066 642 1222 681 operae
1238 630 1390 671 Arrius
1408 632 1547 673 Varus
1574 645 1664 674 rem
1681 636 1725 673 in
1745 636 1831 674 dis·

220 703 381 741 crimen
412 700 607 748 adducit3
652 702 717 741 17.
744 712 837 741 eam
862 700 1081 741 Antonius
1107 702 1348 740 constantia
1375 704 1418 740 et
1443 701 1600 740 virtute
1627 702 1828 745 restituit,

222 770 283 808 18.
304 770 487 812 victoria
503 770 680 817 potitur.
724 769 787 808 19.
817 768 1084 817 Vespasiani.
1105 780 1156 808 ea
1174 769 1285 814 freti,
1308 766 1564 807 Cremonam
1583 778 1832 817 expugnare

220 836 471 884 deposcunt.
492 837 556 875 20.
567 836 863 876 inconsultum
878 847 1025 877 eorum
1047 836 1244 875 ardorem
1263 836 1422 875 ffustrs
1440 836 1594 875 retinet
1603 834 1832 875 Antonius.

218 904 282 943 21.
305 902 387 942 Sed
408 903 678 943 adventantis
704 906 845 944 hostis
870 908 1009 945 terror
1032 904 1278 944 obstructas
1304 907 1472 943 mentes
1498 903 1692 942 consiliis
1709 901 1832 941 ducis

218 972 371 1020 aperit.
426 972 614 1011 22-25.
641 973 854 1012 Proelium
881 976 1028 1019 atrox,
1057 980 1232 1021 anceps.
1274 970 1492 1011 Antonius
1523 971 1684 1020 egregii
1710 970 1830 1010 ducis

220 1039 365 1077 munia
390 1038 545 1088 inplet,
572 1040 796 1078 victoriam
822 1040 974 1079 aufert.
1029 1040 1212 1079 26-33,
1233 1037 1446 1079 Cremona
1470 1040 1660 1087 obsessa,
1687 1042 1824 1087 eapta,

217 1110 426 1154 cremata3
462 1106 527 1147 34.
546 1112 695 1156 postea
712 1108 928 1148 restituta.
965 1108 1031 1147 35.
1051 1106 1202 1147 vietae
1220 1107 1412 1156 legiones
1431 1107 1665 1157 dispersae.

318 1192 381 1231 36.
402 1190 600 1231 Vitellius
620 1172 898 1241 luxu‘torpet.
936 1193 999 1231 37.
1020 1192 1072 1231 In
1090 1192 1239 1232 urbem
1258 1196 1457 1232 revectus
1477 1190 1704 1233 Caecinam
1723 1202 1826 1231 con-

218 1260 410 1306 demnat3
448 1260 489 1297 ei
514 1260 691 1299 Rosium
716 1260 926 1309 Regulum
953 1261 996 1298 in
1017 1270 1150 1297 unum
1170 1259 1282 1299 diem
1303 1261 1521 1300 consulem
1549 1262 1723 1301 suffieit.
1758 1260 1823 1300 38.

214 1328 277 1366 89.
300 1326 449 1365 Iunius
468 1326 649 1365 Blaesus
668 1326 817 1365 fraude
836 1326 887 1365 L.
906 1325 1070 1364 Vitellii
1088 1336 1253 1365 veneno
1272 1328 1451 1366 tollitur.
1497 1329 1560 1366 40.
1581 1330 1645 1366 41.
1665 1326 1824 1367 Fabius

214 1394 372 1433 Valens
390 1394 568 1433 libidine
586 1398 630 1432 et
647 1394 920 1432 cunctatione
938 1392 1267 1431 Vitellianorum
1285 1402 1356 1431 res
1373 1394 1540 1432 subruit
1557 1397 1614 1439 et,
1645 1394 1710 1433 42.
1726 1394 1823 1434 Fla·

214 1462 355 1499 vianis
386 1460 552 1498 Italiam
566 1444 569 1449 ¹
585 1460 913 1508 occupantibus,
949 1460 1013 1497 43.
1043 1458 1098 1497 ad
1125 1458 1384 1498 Stoechadas
1416 1460 1602 1508 delatus,
1641 1462 1820 1508 capitur.

214 1529 279 1567 44.
299 1527 557 1576 Hispaniae,
588 1525 773 1574 Galliae,
800 1527 1042 1574 Britannia,
1071 1531 1223 1564 cuncta
1249 1525 1302 1564 ad
1319 1525 1572 1575 Vespasiani
1601 1537 1704 1576 opes
1723 1537 1820 1567 eon-

214 1606 356 1635 versa.
408 1596 474 1634 45.
500 1593 665 1634 Tui-bat
700 1598 843 1633 tamen
878 1593 1148 1632 Britanniam
1184 1592 1410 1633 Venutlus.
1460 1594 1526 1634 Ibi
1562 1595 1681 1634 varia
1711 1599 1826 1636 sorte

216 1657 470 1712 pugnatum.
514 1662 580 1702 46.
606 1660 795 1701 Turbata
813 1671 980 1710 quoque
1000 1659 1242 1700 Germania.
1277 1661 1394 1701 Mota
1412 1666 1456 1703 et
1472 1663 1686 1704 Dacorum
1705 1675 1824 1714 gens,

216 1741 243 1769 a
260 1730 460 1770 Muciano
479 1739 533 1768 ex
552 1727 727 1768 Oriente
744 1730 901 1769 reduce
918 1739 1128 1780 repressa.
1170 1731 1234 1770 47.
1255 1731 1320 1770 48.
1339 1730 1562 1779 Anicetus,
1583 1731 1825 1773 Polemonis

214 1799 413 1846 libertus,
433 1798 617 1837 Pontum
636 1798 855 1847 infestans,
874 1799 1056 1848 capitur.
1092 1798 1384 1848 Vespasianus
1401 1797 1708 1840 Alexandriam
1727 1811 1824 1850 por-

214 1869 293 1916 git,
313 1870 363 1915 ut
381 1866 529 1905 urbem
549 1867 660 1905 same
678 1869 841 1914 urgeat.
873 1866 937 1905 49.
952 1865 1184 1914 Antonius,
1201 1869 1300 1915 post
1315 1865 1570 1906 Cremonam
1587 1869 1822 1917 superbior,

213 1937 277 1974 50.
300 1938 464 1984 partem
486 1935 703 1983 copiarum
722 1932 917 1972 Veronae
935 1933 1149 1982 relinquit,
1172 1937 1336 1982 partem
1357 1933 1398 1971 in
1418 1932 1672 1975 Vitellianos
1691 1947 1824 1986 expe.-

212 2003 291 2044 dit.
344 2003 409 2042 51.
436 2001 653 2042 Nefarium
679 2002 845 2041 facinus
870 2001 1042 2048 militis,
1079 2001 1134 2040 ob
1155 2001 1344 2040 occisum
1370 2011 1396 2040 a
1421 2011 1467 2040 se
1493 2002 1666 2054 fratrem
1699 2014 1824 2054 prae·
1865 2041 1870 2046 .

212 2071 345 2108 mium
373 2071 575 2119 potentie.
619 2071 682 2110 52.
712 2069 1049 2110 Festinatlonem
1077 2067 1254 2108 Antonii
1280 2069 1394 2118 apud
1411 2069 1724 2119 Vespasianum
1744 2071 1824 2111 eri-

211 2138 403 2176 minatur
424 2137 663 2178 Mucianus.
725 2136 790 2178 53.
816 2137 859 2177 Is
886 2138 1116 2178 iactantius
1147 2147 1276 2187 qnam
1307 2138 1361 2176 ad
1390 2139 1626 2188 principem
1659 2138 1823 2179 litteras

212 2205 441 2254 componit,
460 2204 703 2244 Humanum
722 2205 971 2245 insectatus.
1010 2205 1118 2244 Inde
1135 2215 1288 2254 graves
1306 2207 1463 2246 dueum
1483 2207 1741 2248 simultates.

314 2299 377 2338 54.
398 2297 595 2338 Vitellius
614 2298 744 2337 stulta
765 2297 1102 2338 dissimulatione
1125 2298 1260 2338 cladis
1279 2300 1332 2338 ad
1352 2297 1608 2340 Cremonam
1633 2299 1821 2340 remedia

211 2366 423 2406 malorum
449 2365 605 2406 differt.
648 2365 858 2406 Notabilis
878 2366 1118 2407 constantia
1142 2365 1242 2405 Iulii
1265 2363 1476 2416 Agrestis.
1521 2369 1586 2408 55.
1607 2368 1820 2418 Vitellius,

214 2437 261 2473 ut
278 2445 301 2472 e
322 2443 473 2474 somno
490 2435 673 2480 excitus,
693 2432 969 2482 Apenninum
987 2433 1176 2474 obsideri
1193 2435 1333 2482 iubetz
1353 2435 1537 2476 honores
1556 2437 1758 2486 largitura
1776 2439 1822 2477 in

210 2503 351 2540 eastra
374 2501 507 2540 venii..
570 2500 635 2538 56.
667 2499 881 2548 Prodigia.
934 2492 1217 2552 Praecipuum
1243 2504 1334 2552 ipse
1359 2503 1559 2544 Vitellius
1585 2509 1816 2553 ostentum,

208 2568 383 2614 ignarus
401 2567 595 2613 militiae,
616 2569 865 2617 inprovidus
885 2569 1068 2618 consilii,
1089 2571 1268 2610 Romam
1285 2573 1476 2620 revertit,
1503 2573 1726 2621 perculsus
1743 2574 1819 2614 ds-

208 2634 395 2684 feetione
418 2634 677 2676 Misenensis
702 2638 866 2678 elassis.
910 2639 975 2679 57.
1000 2639 1226 2678 Puteolani
1254 2638 1539 2688 Vespasianum
1579 2639 1726 2690 Capua
1743 2641 1818 2681 Vi-

208 2702 328 2742 tellio
348 2703 477 2744 favet.
524 2698 589 2745 Cl.
609 2705 799 2746 Iulianus
822 2707 867 2746 in
892 2710 1037 2756 partes
1055 2706 1312 2756 Vespasiani
1332 2708 1504 2754 transit,
1537 2710 1607 2757 qni
1627 2709 1818 2750 Tarraci-

208 2779 309 2809 nam
336 2775 529 2822 occupat.
580 2775 643 2815 58.
671 2766 869 2816 Vitellius
895 2776 1070 2817 tratrem
1095 2775 1275 2816 Lucium
1303 2774 1414 2814 bello
1438 2785 1516 2825 per
1543 2773 1820 2828 Campaniam

208 2839 405 2887 opponit.
448 2839 545 2888 lpse
568 2839 727 2882 Romae
746 2854 800 2884 ex
828 2845 952 2894 plebe
973 2849 1015 2886 et
1042 2846 1230 2886 servitiis
1249 2844 1484 2884 exereitum
1505 2846 1717 2896 conr-adit,
1747 2845 1820 2894 qui

1301 2895 1404 2950 ΗΞ
