2081 3038
214 177 315 232 228
691 179 1346 228 H1s'roR1ARUM
1572 167 1819 242 (imit.

213 304 241 340 e
268 288 516 354 proximo
541 293 837 348 ostentaret,
865 301 957 338 nec
983 289 1169 352 parvis
1192 287 1444 354 peracutis
1469 288 1742 350 inmiaetuS,
1774 295 1825 342 et

212 363 498 414 vanioribus
525 377 626 414 non
649 364 938 429 defuturus.

328 437 414 489 86.
455 435 913 508 Intelligebantur
955 443 1125 490 artes:
1174 433 1277 489 sed
1304 450 1433 506 pars
1462 435 1722 507 obsequii
1766 436 1821 490 in

214 528 304 576 e0,
356 527 425 565 ne
454 510 1020 582 deprehenderentur.
1090 511 1168 564 Ita
1204 509 1540 582 Lugdunum
1573 521 1823 566 ventum.

213 586 371 642 Unde
393 587 638 642 creditur
659 587 1000 642 Domitianus
1030 585 1264 640 occultis
1286 585 1355 640 ad
1379 585 1647 641 Cerialem
1679 604 1826 642 nun-

214 662 308 717 tiis
341 662 506 717 fidem
537 664 658 718 eius
689 662 1018 727 tentavisse,
1062 679 1129 716 an
1160 662 1437 732 praesenti
1466 662 1580 716 sibi
1609 665 1826 718 exerci-

214 747 333 793 tum
361 739 771 810 imperiumque
804 737 1107 792 traditurus
1139 736 1294 792 foret.
1342 735 1459 804 Qua
1492 739 1824 810 cogitatione

217 814 426 869 bellum
449 815 718 869 adversus
740 821 950 884 patrem
973 813 1283 886 agitaverit,
1310 830 1378 866 an
1399 829 1533 883 opes
1562 815 1823 886 viresque

215 889 486 945 adversus
518 889 736 945 fratrem
755 929 768 953 ,
802 891 860 943 in
882 889 1091 943 incerto
1120 887 1239 942 fuit.
1303 889 1442 942 Nam
1472 887 1705 943 Cerialis
1733 909 1827 944 sa-

216 965 366 1020 lubri
406 972 837 1036 temperamento
875 963 1071 1028 elusit,
1114 971 1177 1017 ut
1216 981 1355 1017 vana
1396 965 1687 1034 puerililer
1724 983 1825 1020 cu-
1868 965 1877 971 '

214 1041 479 1112 pientem.
528 1040 899 1104 Domitianus,
931 1039 1175 1110 spernis
1203 1039 1517 1093 senioribus
1539 1041 1825 1095 iuventam

213 1133 372 1170 suam
395 1132 646 1179 cernens,
671 1114 890 1168 modica
911 1131 1135 1185 quoque
1162 1124 1215 1170 et
1236 1123 1495 1184 usurpata
1520 1127 1676 1171 antea
1699 1135 1827 1171 mu-

215 1193 306 1245 nia
353 1190 579 1261 imperii
620 1189 934 1245 omittebat:
997 1190 1377 1262 simplicitatis
1417 1207 1480 1244 ac
1521 1193 1825 1247 modestiae

215 1266 478 1338 imagine,
495 1267 552 1319 in
573 1264 924 1320 altitudinem
939 1264 1216 1329 eondituS,
1232 1265 1593 1338 studiumque
1614 1269 1826 1322 littera—

215 1359 336 1397 rum
356 1350 410 1396 et
427 1359 668 1398 amorem
687 1343 995 1396 carminum
1015 1341 1309 1406 simularie,
1338 1358 1449 1411 quo
1475 1343 1679 1398 velaret
1699 1345 1824 1398 ani-

213 1435 365 1472 mum
394 1426 447 1474 et
476 1417 658 1474 fratris
681 1417 1038 1474 aemulationi
1066 1417 1486 1484 subduceretur,
1520 1421 1681 1474 cuius
1706 1419 1826 1473 dis-

213 1511 400 1567 parem
423 1494 808 1567 mitioremque
831 1503 1082 1551 naturam
1104 1501 1291 1549 contra
1312 1491 1787 1567 interpretabatur.

791 1734 1241 1771 ---=²·4·‹=—--

629 1963 906 2017 LIBER
982 1962 1413 2029 QUINTUS.

313 2228 449 2267 Brev
461 2228 471 2265 i
483 2237 507 2265 ιι
519 2226 559 2265 ri
571 2236 596 2264 u
608 2210 665 2265 tn.
699 2223 802 2274 Cap.
820 2224 858 2263 1.
877 2222 1056 2263 Interim
1070 2224 1191 2261 Titus
1206 2233 1303 2261 cum
1322 2222 1463 2263 valido
1484 2226 1673 2263 exercitu
1692 2236 1825 2273 prope

213 2294 510 2341 Hierosolyma
529 2296 670 2332 castra
690 2294 803 2331 facit.
857 2294 948 2330 2—
961 2292 1000 2329 5.
1027 2289 1229 2329 Iudaicae
1248 2292 1388 2341 gentis
1410 2292 1659 2339 prImordia,
1688 2302 1823 2337 sacra,

214 2362 428 2405 instituta,
467 2362 604 2408 deque
631 2362 684 2399 iis
711 2362 899 2409 maligna
923 2360 1200 2409 profanorum
1229 2359 1400 2398 iudicia.
1456 2360 1494 2397 6.
1516 2360 1553 2397 7.
1581 2359 1825 2406 Descriptio

212 2432 352 2465 terrae
369 2428 614 2475 finiumque,
635 2428 826 2474 balsami,
847 2428 1014 2474 Libani,
1035 2426 1219 2472 on-dani,
1242 2426 1363 2465 lacus
1382 2428 1575 2466 bitumen
1594 2426 1823 2473 egerentis,

213 2504 460 2541 camporum
485 2493 766 2541 torridorum‚
805 2497 1022 2534 fructuum
1054 2495 1098 2533 in
1130 2495 1316 2533 cinerem
1349 2496 1691 2540 vanescentium,
1730 2494 1823 2531 Beli

212 2561 364 2605 amnis,
385 2561 508 2599 cuius
527 2572 682 2601 arenae
701 2564 810 2601 vitro
831 2564 1129 2603 inservientes.
1166 2562 1205 2601 8.
1226 2561 1525 2609 Hierosolyma
1543 2562 1660 2609 genti
1678 2565 1822 2609 caput.

213 2626 437 2663 inmensae
453 2628 698 2673 opulentiae
716 2631 937 2677 templum.
969 2630 1227 2669 ludaeorum
1246 2630 1327 2667 sub
1344 2629 1441 2668 alus
1458 2630 1658 2677 gentibus
1674 2634 1718 2667 ct
1735 2630 1825 2667 suis

213 2686 386 2735 regibus
415 2691 520 2737 fata3
557 2694 596 2730 9.
617 2696 734 2731 varia
752 2705 845 2733 sors
865 2697 944 2735 sub
963 2697 1178 2738 Romanis.
1225 2698 1403 2735 10—12.
1430 2697 1597 2737 Bellum
1619 2696 1699 2735 sub
1720 2696 1822 2735 Ges·

214 2753 278 2795 sio
297 2752 420 2793 Floro
446 2762 719 2818 procuratore
747 2765 900 2801 ortum.
945 2750 1065 2803 Titus
1091 2763 1293 2811 Iudaeos,
1326 2764 1372 2803 in
1391 2764 1541 2803 urbem
1560 2763 1818 2811 compulsos,
