2081 3038
220 263 342 303 Α.σ.
369 245 462 318 59.)
593 257 750 300 ms.
791 255 952 302 xm.
993 255 1177 300 cAP.
1221 255 1458 301 39-41,
1720 249 1818 303 309

217 357 283 411 Et
322 355 538 412 imbelle
571 354 772 430 vulgus
810 355 914 410 sub
952 373 1141 410 corona
1175 357 1569 414 venundatum:
1610 355 1817 430 reliqua

215 430 412 502 praeda
430 431 724 487 victoribus
743 431 920 486 cessit.
990 431 1111 486 Pari
1133 429 1340 486 fortuna
1361 430 1565 506 legatus
1586 450 1648 488 ac
1664 450 1821 506 prae·-

218 503 385 562 fectus
405 506 493 562 usi
513 514 659 573 sunt,
679 506 964 579 tribusque
983 523 1093 562 una
1112 505 1201 560 die
1227 506 1457 562 castellis
1476 510 1815 582 expugnatis,

215 588 386 636 cetera
412 587 626 648 terrore,
659 589 714 638 et
736 580 840 636 alia
865 589 1053 653 sponte
1080 579 1377 638 incolarum
1412 583 1471 636 in
1496 582 1819 640 deditionem

219 656 516 712 veniebant.
595 656 748 713 Unde
773 665 885 712 orta
913 657 1108 712 fiducia
1136 664 1297 729 caput
1324 657 1519 731 gentis,
1549 654 1815 724 Artaxata,

214 731 578 806 adgrediendi.
647 733 758 788 Nec
777 740 953 788 tamen
972 732 1221 804 proximo
1239 733 1429 788 itinere
1447 731 1636 788 ductae
1653 731 1822 806 legio-

215 823 331 873 nes,
353 824 512 880 quae,
535 807 584 864 si
603 825 818 864 amnem
839 805 1072 875 Araxen,
1092 809 1192 882 qui
1213 809 1422 865 moenia
1450 807 1639 874 adluit,
1661 815 1821 880 ponte

213 882 724 958 transgrederentur,
751 884 856 940 suh
874 885 1045 940 ictum
1064 884 1355 942 dabantur:
1396 881 1605 956 procul,
1626 891 1679 939 et
1701 882 1821 939 lati-

211 957 400 1014 oribus
421 957 572 1016 vadis
591 960 867 1016 transiere.
1225 989 1233 998 ·

325 1036 408 1090 to.
433 1033 520 1093 ·At
549 1034 827 1103 Tiridates,
857 1033 1063 1108 pudore
1089 1042 1141 1090 et
1157 1040 1325 1100 metu,
1346 1051 1435 1101 ne,
1457 1035 1507 1090 si
1525 1035 1821 1092 concessis-
1858 1069 1866 1079 ·

213 1115 294 1164 set
318 1109 605 1176 obsidioni,-
637 1110 776 1168 nihil
806 1111 926 1184 opis
944 1110 999 1166 in
1023 1111 1143 1182 ipso
1160 1110 1457 1180 videretur3
1498 1109 1549 1165 si
1566 1111 1820 1184 prohibe-

210 1191 314 1252 ret,
342 1186 598 1270 inpeditis
629 1185 760 1242 locis
783 1202 953 1260 seque
976 1193 1028 1241 et
1046 1193 1321 1260 equestres
1340 1187 1520 1260 copias
1539 1185 1815 1262 inligaret:

211 1261 397 1318 statuit
413 1269 701 1335 postremo,
721 1261 998 1320 ostendere
1017 1262 1207 1328 aciem,
1234 1269 1289 1317 et
1304 1261 1427 1319 dato
1444 1261 1533 1318 die
1551 1262 1818 1335 proelium

208 1335 466 1410 incipere,
497 1337 586 1393 vel
611 1338 955 1394 simulatione
983 1336 1161 1412 fugae,
1202 1336 1379 1393 locum
1408 1336 1585 1396 framli
1608 1355 1815 1411 parare.

211 1411 382 1486 Igitur
417 1419 633 1484 repente
668 1429 863 1486 agmen
901 1413 1205 1468 Romanum
1251 1411 1661 1479 circumfundit,
1710 1431 1818 1470 nen

210 1487 400 1561 ignaro
425 1487 562 1545 duce
586 1496 784 1554 nostro,
815 1488 914 1561 qui
932 1487 1053 1545 viae
1080 1487 1278 1561 pariter
1302 1493 1354 1543 et
1370 1504 1585 1563 pugnae
1602 1503 1820 1562 compo-

211 1570 392 1619 suerat
417 1564 731 1624 exercitum.
809 1564 996 1619 Latere
1021 1562 1208 1619 dextro
1234 1564 1385 1618 tertia
1415 1562 1575 1637 legin,
1600 1564 1819 1621 sinistro

209 1645 360 1695 sexta
387 1638 681 1704 incedebat,
714 1638 908 1695 mediis
935 1638 1357 1694 decumanorum
1385 1638 1633 1695 delectis:
1673 1656 1820 1697 rece-

211 1720 302 1786 pta
330 1713 470 1770 inter
493 1714 709 1771 ordines
735 1713 1120 1787 inpedimenta,
1142 1720 1193 1769 et
1211 1721 1422 1789 tergum
1444 1713 1593 1770 mille
1609 1715 1818 1788 equites

211 1788 526 1845 tuebantur:
637 1789 762 1845 ibus
781 1790 1028 1855 iusserat,
1044 1796 1105 1845 ut
1121 1789 1447 1846 instantibus
1466 1790 1713 1848 eominus
1732 1808 1819 1846 re·-

211 1864 480 1953 sisterent,
503 1881 560 1921 re
583 1882 716 1941 ugos
736 1882 842 1922 non
864 1872 1235 1939 sequerentur.
1277 1864 1339 1921 In
1358 1866 1611 1923 cornibus
1631 1866 1814 1937 pedes,

211 1940 1848 2092 maffia.:{.2⁰3?3033?⁸0010331253“:12?25t3333¹5325

210 2092 398 2156 visset,
426 2090 595 2147 flente
619 2090 786 2147 simul
805 2098 856 2147 et
873 2091 1002 2148 sinu
1020 2092 1369 2164 exciperetur.
1448 2089 1732 2147 Adsultare
1750 2108 1819 2149 ex

209 2166 425 2223 diverso
449 2165 730 2233 Tiridates,
773 2184 878 2225 non
906 2183 1085 2241 usque
1111 2166 1181 2223 ad
1206 2167 1407 2223 iactum
1431 2166 1544 2233 teli,
1583 2166 1685 2223 sed
1698 2174 1818 2223 tum

211 2243 490 2302 minitans.
520 2249 639 2299 tum
668 2243 846 2315 specie
875 2241 1207 2314 trepidantis,
1244 2241 1293 2297 si
1323 2239 1501 2297 laxare
1524 2242 1739 2298 ordines
1767 2249 1821 2298 et

207 2316 453 2375 diversos
481 2319 771 2385 consectari
798 2325 995 2391 posset.
1075 2317 1179 2373 Ubi
1204 2317 1341 2373 nihil
1362 2317 1655 2373 temeritate
1671 2316 1818 2373 solu-

210 2400 350 2459 tum,
391 2410 492 2451 nec
518 2392 754 2468 amplius
781 2411 946 2467 quam
979 2392 1197 2451 decurio
1222 2393 1489 2467 equitum,
1530 2391 1817 2451 audentius

210 2484 530 2543 progressus
559 2476 613 2525 et
637 2470 844 2545 sagittis
873 2466 1139 2535 confixus,
1171 2476 1370 2525 eeteros
1398 2468 1467 2525 ad
1491 2468 1815 2541 obsequium

211 2544 458 2617 exemplo
477 2544 798 2612 firmaverat,
817 2544 1141 2619 propinquis
1156 2542 1265 2603 iam
1284 2543 1519 2601 tenebris
1537 2544 1815 2603 abscessit.

325 2622 380 2676 Η
396 2662 408 2675 .
435 2620 505 2675 Et
521 2619 772 2687 Corbulo,
794 2628 964 2678 castra
981 2622 1039 2677 in
1061 2619 1177 2678 loeo
1195 2626 1443 2687 metatus,
1464 2638 1533 2677 an
1552 2620 1815 2695 expeditis

147 2724 152 2729 ·
214 2693 517 2769 legionibus
540 2702 693 2753 nocte
711 2695 956 2753 Artaxata
975 2702 1237 2773 pergeret,
1248 2694 1566 2769 obsidioque
1583 2696 1817 2755 circum-

211 2768 382 2841 daret,
403 2772 640 2847 agitavit,
663 2775 990 2833 concessisse
1009 2772 1143 2830 illuc
1162 2772 1427 2833 Tiridaten
1450 2781 1617 2833 ratus.
1656 2774 1787 2833 Dein.-
