2081 3038
321 197 388 250 π
791 197 1428 247 matronarum
1622 187 1891 260 (numa.

324 299 526 356 Valenti
555 299 826 354 adiunctas
853 298 1152 363 retulimus,
1182 296 1409 368 superbe
1432 295 1681 369 agebant3
1721 303 1781 351 ut
1798 313 1893 352 cu—

323 376 516 445 iusque
555 373 775 446 legionis
811 374 1028 428 tentoria
1064 372 1433 433 accessissent,
1488 375 1735 426 coercito·
1768 389 1803 424 α
1839 387 1893 424 ω

325 451 815 516 quartadecimanos,
837 451 1065 502 ablatam
1084 447 1279 500 Nerom‘
1296 445 1687 512 Romamque
1702 459 1890 498 omnem

325 523 442 575 belli
463 527 721 590 fortunam
739 526 795 574 in
813 525 1039 587 ipsorum
1056 536 1211 576 mauu
1229 523 1398 580 sim,
1419 517 1684 574 iactantes.
1758 515 1891 572 Con-

324 593 660 649 tumeliosum
683 594 736 648 id
755 593 1034 655 militibus,
1054 591 1303 646 acerbum
1320 590 1472 646 duci:
1514 597 1763 660 conrupta
1782 591 1890 644 iur-

324 669 428 740 giis
448 677 538 722 aut
557 669 687 722 rixis
707 666 1010 735 disciplina:
1052 664 1121 718 ad
1141 672 1466 734 postremum
1487 663 1677 720 Valens
1696 680 1727 718 e
1743 671 1893 734 petu-

327 741 484 796 lantia
507 742 662 794 etiam
685 740 956 812 perfidiam
977 737 1325 807 suspectabat.

433 819 516 870 28.
559 815 722 886 Igitur
751 813 934 868 nuntio
959 810 1149 874 adlat0,
1168 813 1379 877 pulsam
1406 811 1735 866 Treverorum
1754 813 1893 864 alam

332 891 655 956 Tungrosque
692 905 728 940 a
760 890 919 940 classe
949 885 1159 940 Othonis
1186 893 1232 944 et
1262 884 1636 938 Narbonensem
1668 884 1891 940 Galliam

328 965 619 1024 circumiri,·
657 957 818 1012 simul
839 975 964 1012 cura
981 958 1151 1012 socios
1170 957 1350 1020 tuendi
1370 965 1419 1012 et
1438 957 1657 1016 militari
1670 965 1787 1012 astu
1806 973 1892 1010 co—

328 1035 505 1089 hortes
531 1031 782 1095 turbidas,
814 1048 891 1095 ac,
923 1031 971 1085 si
996 1049 1100 1086 una
1121 1029 1303 1093 forent,
1324 1030 1667 1102 praevalidas,
1690 1031 1893 1100 disper-

327 1107 503 1180 gendi,
524 1113 724 1175 partem
733 1104 1045 1160 Batavorum
1064 1105 1141 1158 ire
1160 1105 1217 1160 in
1235 1103 1537 1162 subsidium
1556 1104 1719 1159 iubet.
1743 1102 1895 1170 Quod

327 1181 420 1236 ubi
439 1179 676 1234 auditum
700 1177 1098 1251 vulgatumque,
1111 1194 1339 1232 maerere
1356 1178 1504 1242 socii,
1525 1175 1745 1232 fremere
1765 1176 1894 1250 legi-

325 1270 479 1308 ones:
521 1255 700 1306 orbari
715 1269 768 1306 ae
783 1257 1177 1320 fortissimorum
1194 1256 1423 1306 virorum
1441 1253 1673 1306 auxilio.-
1707 1260 1895 1306 veteres

249 1347 265 1359 ·
328 1331 444 1383 illos
472 1335 518 1380 et
548 1334 618 1380 tot
644 1329 887 1380 bellorum
914 1329 1145 1387 victores,
1162 1333 1433 1393 postquam
1459 1329 1515 1378 in
1544 1333 1809 1392 conspectu
1828 1329 1895 1377 ait

328 1405 499 1464 hostis,
528 1403 664 1454 velut
691 1417 758 1454 ex
786 1404 899 1454 acie
925 1403 1138 1453 abduci.-
1175 1403 1223 1452 ai
1236 1402 1506 1466 provincia
1525 1401 1649 1452 urbe
1667 1407 1713 1452 et
1732 1401 1897 1452 salute

328 1477 530 1545 imperii
542 1478 714 1543 potior
732 1478 814 1538 sit,
837 1489 1004 1527 omnes
1022 1475 1147 1527 illuc
1164 1481 1519 1541 sequerentur.-
1550 1475 1632 1527 sin
1651 1475 1899 1527 victoriae

329 1554 550 1612 sanitas,
579 1551 1002 1610 sustentaculum,
1048 1550 1273 1600 columen
1312 1550 1368 1601 in
1401 1548 1561 1601 Italia
1594 1555 1895 1608 verteretur,

327 1640 428 1677 non
445 1625 826 1689 abrumpendos,
849 1630 907 1673 ut
927 1624 1149 1687 corpori,
1172 1622 1513 1675 validissimos
1531 1628 1692 1673 artua.

433 1698 519 1751 29.
559 1695 696 1749 Haec
714 1694 945 1749 ferociter
963 1693 1218 1757 iactando,
1250 1702 1548 1765 postquam,
1571 1693 1811 1750 inmissis
1834 1690 1900 1747 li—

328 1768 576 1833 ctoribus,
597 1768 789 1823 Valens
817 1783 1049 1822 coercere
1075 1767 1382 1821 seditionem
1407 1766 1689 1838 coeptabat,
1715 1768 1899 1837 ipsum

329 1842 602 1907 invadunt,
634 1859 759 1896 saxa
786 1842 1008 1904 iaciunt,
1046 1840 1331 1913 fugientem
1358 1848 1681 1913 sequuntur;
1729 1844 1901 1908 spolia

333 1917 624 1972 Galliarum
643 1925 690 1969 et
721 1916 1070 1968 Viennensium
1098 1932 1285 1968 aurum
1304 1923 1352 1968 et
1366 1918 1537 1983 pretia
1558 1918 1787 1969 laborum
1806 1932 1900 1967 au-

329 2008 476 2045 orum
503 1993 761 2044 occultare
787 1988 1129 2052 clamitantes,
1152 1987 1369 2057 direptis
1389 1988 1628 2052 sarcinis,
1657 1986 1902 2041 taberna-

327 2064 445 2119 cula
469 2063 640 2127 ducis,
662 2062 939 2133 ipsamque
957 2062 1187 2116 humum
1207 2061 1331 2131 pilis
1350 2070 1399 2116 et
1419 2061 1611 2115 lanceis
1629 2060 1903 2115 rimaban-

329 2147 433 2193 tur.
510 2137 644 2190 Nam
662 2134 854 2189 Valens
872 2135 1053 2191 servili
1072 2144 1216 2189 veste
1233 2135 1374 2206 apud
1392 2134 1727 2189 decurionem
1746 2136 1905 2205 equi-

329 2220 441 2265 tum
469 2210 753 2283 tegebatur.
829 2210 966 2263 Tum
987 2209 1261 2279 Alphenus
1279 2208 1469 2273 Varus,
1500 2207 1791 2281 praefectus
1812 2225 1902 2261 ca-

330 2291 577 2347 strorum,
601 2282 913 2355 deflagrante
930 2282 1207 2354 paullatim
1227 2282 1499 2347 seditione,
1522 2280 1665 2336 addit
1683 2281 1905 2335 consili-

331 2364 454 2421 um,'
471 2358 639 2410 vetitis
666 2357 810 2410 obire
839 2356 1043 2427 vigilias
1074 2356 1487 2420 centurionibUS,
1520 2356 1715 2409 omisso
1742 2354 1906 2408 tubae

331 2446 476 2494 sono,
509 2446 615 2499 quo
641 2428 792 2483 miles
813 2430 878 2483 ad
905 2429 1028 2483 belli
1052 2429 1232 2481 munia
1254 2430 1436 2483 cietur.
1514 2428 1680 2501 Igitur
1695 2435 1907 2499 torpere

331 2504 523 2565 cuncti,
555 2502 986 2572 circumspectare
1013 2502 1147 2555 inter
1172 2518 1229 2555 se
1256 2500 1499 2556 adtoniti:
1542 2508 1593 2555 et
1618 2500 1673 2555 id
1692 2501 1902 2570 ipsum,

332 2574 474 2642 quod
503 2592 655 2628 nemo
683 2582 896 2647 regeret,
927 2575 1203 2645 paventes:
1246 2576 1470 2638 silentio,
1502 2574 1768 2643 patientia,
1806 2590 1907 2643 po—

331 2652 524 2699 stremo
550 2648 795 2717 precibus
823 2666 882 2701 ac
909 2647 1155 2719 lacrymis
1174 2650 1390 2715 ,veniam
1417 2647 1753 2719 quaerebant.
1842 2646 1909 2700 Ut
