2081 3038
549 216 965 267 DIALOGUS.
1005 217 1165 268 OAP.
1207 218 1289 267 ⁸⁸.
1331 219 1415 268 80.
1687 219 1787 271 335

183 338 308 379 nera
327 317 669 376 materiarum
690 321 835 393 apud
853 322 1089 378 rhetores
1110 328 1419 389 tractantur,
1448 324 1719 381 suasoriae
1736 333 1789 379 et

181 395 586 453 connovemiae.
665 396 748 451 Ex
783 398 854 452 iis
893 398 1165 454 suasoriae
1206 399 1429 471 quidem
1445 441 1458 463 ,
1510 407 1785 471 tamquam

182 472 341 545 plane
379 470 604 527 leviores
641 478 695 525 et
719 473 903 527 minus
929 473 1243 545 prudentiae
1270 475 1560 547 exigentes,
1603 476 1787 545 pueris

183 546 522 619 delegantur3
575 548 961 603 controversiae
989 547 1381 603 robustioribus
1406 549 1781 622 adsignantur:

183 621 391 695 quales,
422 638 518 693 per
547 621 736 677 fidem!
779 630 1013 695 etquam
1034 623 1414 679 incredibiliter
1436 625 1782 694 compositae!

183 697 438 769 Sequitur
467 703 664 763 autem,
704 704 766 752 ut
796 698 1047 753 materiae
1070 698 1373 755 abhorrenti
1397 716 1428 753 a
1456 699 1675 756 veritate
1694 697 1789 753 de·-

183 772 430 828 clamatio
447 790 664 845 quoque
683 773 1016 829 adhibeatur.
1040 773 1130 829 Sic
1150 773 1225 839 fit,
1250 782 1310 828 ut
1330 773 1783 848 tyrannicidarum

183 847 441 920 praemia,
463 856 557 903 aut
586 849 896 905 vitiatarum
921 846 1224 914 electiones,
1246 858 1338 904 aut
1356 848 1688 921 pestilentiae
1707 865 1790 903 re-

185 922 380 987 media,
420 929 514 979 aut
548 923 748 977 incesta
786 931 1042 990 matrum,
1086 932 1177 979 aut
1213 924 1484 997 quidquid
1524 925 1580 979 in
1608 922 1789 979 schola

179 997 422 1071 quotidie
439 997 633 1073 agitur,
655 998 714 1053 in
734 992 848 1055 foro
866 998 952 1055 vel
971 1016 1091 1055 raro
1110 1000 1194 1055 vel
1217 1016 1537 1071 numquam,
1556 1000 1790 1073 ingenti-

183 1074 302 1129 bus-
315 1074 940 1182 verbisssfrsequantur:
981 1092 1109 1130 cum
1143 1074 1213 1130 ad
1238 1093 1393 1131 veros
1424 1074 1629 1131 iudices
1658 1092 1789 1130 vcn-

182 1158 298 1205 tum
315 1156 416 1213 est,
1127 1158 1130 1162 “

279 1299 450 1346 (Magna
479 1296 549 1335 hic
580 1298 747 1341 lacuna,
781 1311 829 1337 ae
859 1298 1024 1337 fortasse
1050 1295 1132 1335 ια’
1158 1299 1407 1349 paginarum,
1437 1298 1500 1335 uti
1534 1300 1658 1339 codex
1691 1300 1784 1337 vat.

186 1368 314 1402 notat.
367 1363 414 1397 In
435 1360 696 1410 sequentibus
717 1362 848 1409 pergit
865 1362 973 1399 idem
990 1362 1183 1405 Mesala,
1206 1376 1285 1399 non
1304 1370 1453 1407 autem,
1484 1368 1529 1399 ut
1547 1361 1783 1411 interpreti-

185 1424 258 1461 bus
281 1425 410 1463 visum
431 1428 506 1468 est,
525 1424 772 1471 Maternus.)

183 1525 216 1558 ⁴*
235 1522 268 1560 *
285 1523 320 1558 ⁴*
355 1541 472 1582 rem
490 1525 740 1599 cogitare,
762 1524 900 1580 nihil
918 1523 1147 1591 humile,
1170 1525 1306 1582 nihil
1324 1527 1587 1582 abiectum
1608 1527 1788 1600 eloqui

253 1608 402 1657 terat.

184 1619 254 1674 po
297 1680 382 1732 36.
423 1676 616 1748 Magna
644 1675 966 1748 eloquentia,
1004 1678 1147 1732 sicut
1173 1675 1406 1742 flamma,
1452 1678 1668 1732 materia
1689 1677 1789 1733 ali-

187 1761 294 1818 tur,
326 1760 379 1806 et
394 1752 628 1807 motibus
647 1753 926 1818 excitatur,
955 1759 1008 1807 et
1027 1751 1231 1808 urendo
1249 1752 1508 1808 clarescit.
1586 1753 1784 1808 Eadem

185 1828 320 1883 ratio
338 1827 396 1882 in
416 1835 594 1882 nostra
613 1844 832 1900 quoque
849 1828 1063 1883 civitate
1074 1829 1417 1899 antiquorum
1430 1827 1784 1898 eloquentiam

185 1903 448 1977 provexit.
526 1901 662 1958 Nam
697 1903 797 1958 etsi
824 1902 1020 1958 horum
1054 1919 1273 1976 quoque
1298 1911 1597 1976 temporum
1616 1911 1788 1958 orato-

186 1997 272 2034 res
290 1996 351 2033 ea
369 1978 636 2034 consecuti
655 1985 804 2044 sunt,
825 1995 966 2050 quae
983 1979 1274 2050 composita
1292 1985 1346 2034 et
1362 1979 1543 2050 quieta
1566 1985 1619 2033 et
1634 1977 1786 2034 beata

185 2053 460 2126 republica
487 2053 652 2108 tribui
684 2053 766 2108 fas
790 2062 918 2118 erat,
963 2062 1139 2110 tamen
1174 2055 1273 2110 ista
1303 2053 1696 2127 perturbatione
1726 2071 1788 2109 ac

187 2130 394 2186 licentia
436 2128 590 2200 plura
628 2129 734 2184 sibi
773 2128 996 2200 adsequi
1035 2129 1383 2195 videbantur,
1429 2146 1555 2184 cum
1600 2129 1785 2184 mixtis

181 2205 456 2270 omnibus,
498 2211 548 2259 et
568 2204 892 2260 moderatore
910 2222 1018 2260 uno
1035 2205 1360 2270 carentibus,
1397 2212 1603 2262 tantum
1632 2205 1789 2277 quis-

185 2298 294 2354 que
311 2287 483 2336 orator
507 2287 732 2350 saperet,
761 2287 1023 2350 quantum
1046 2281 1241 2336 erranti
1260 2279 1459 2351 populo
1476 2279 1784 2352 persuaderi

185 2363 400 2428 poterat.
482 2355 618 2410 Hinc
637 2353 780 2427 leges
797 2354 1053 2410 adsiduae
1070 2364 1122 2411 et
1138 2354 1395 2427 populare
1413 2371 1627 2419 nomen,
1659 2353 1788 2408 hinc

183 2432 464 2488 conciones
492 2429 922 2503 magistratuum,
969 2447 1137 2502 paene
1163 2431 1585 2502 pernoctantium
1614 2431 1669 2484 in
1701 2447 1788 2484 ro-

183 2507 330 2570 stris,
344 2505 473 2560 binc
487 2504 856 2560 adcusationes
875 2507 1168 2576 potentium
1191 2523 1402 2562 reorum
1418 2513 1469 2559 et
1482 2505 1787 2579 adsignatae

183 2581 345 2636 etiam
375 2580 626 2636 domibus
657 2580 986 2645 inimicitiae,
1018 2581 1145 2636 hinc
1163 2597 1443 2652 procerum
1464 2579 1715 2636 factiones
1734 2587 1787 2634 et

185 2655 408 2712 adsidua
447 2663 663 2713 senatus
699 2655 957 2712 adversus
999 2655 1208 2728 plebem
1250 2657 1555 2716 certamina.
1636 2654 1785 2722 Quae

185 2729 402 2804 singula
447 2731 546 2786 etsi
589 2730 954 2796 distrahebant
1000 2730 1389 2804 rempublicam
1406 2771 1420 2797 ,
1472 2731 1785 2788 exercebant
