2081 3038
200 216 442 290 meso.)
627 225 790 271 me.
829 226 872 271 ι.
913 224 1092 272 CAP.
1133 225 1213 272 5⁰.
1256 226 1338 272 51.
1728 222 1783 275 31

181 342 195 369 =
308 328 394 381 50.
438 324 717 397 Trepidam
739 325 950 391 urbem,
973 344 1035 381 ac
1055 324 1218 381 simul
1236 326 1552 382 atrocitatem
1572 330 1795 384 recentis

201 400 436 465 sceleris,
459 400 622 456 simul
647 410 848 457 veteres
867 400 1091 457 Othonis
1116 418 1285 457 mores
1306 412 1601 473 paventem,
1622 422 1795 459 novus

199 478 424 548 insuper
441 476 507 531 de
527 475 737 532 Vitellio
759 478 980 533 nuntius
1001 478 1273 537 exterruit,
1296 488 1415 531 ante
1435 478 1642 532 caedem
1668 478 1797 534 Gal-

204 552 300 609 bae
328 568 673 624 suppressus,
705 562 783 617 ut,
817 562 1020 608 tantum
1049 553 1341 624 superioris
1370 553 1683 608 Germaniae
1703 572 1797 609 ex-

200 628 423 683 ercitum
463 628 770 693 descivisse,
809 628 1127 683 crederetur.
1206 628 1344 682 Tum
1381 632 1525 690 duos,
1572 634 1797 683 omnium

199 706 497 758 mortalium
539 708 876 771 inpudicitia,
921 708 1161 773 iynavia,
1210 705 1429 757 lua-uria
1476 707 1793 767 deterrimos,

202 782 336 833 uelut
369 782 439 833 ad
463 783 778 847 perdendum
808 783 1081 846 imperium
1107 780 1343 847 fataliter
1367 781 1565 839 electos,
1590 795 1693 833 non
1713 796 1795 832 se-

203 863 360 909 natus
379 854 535 909 modo
556 862 606 908 et
625 870 808 926 equeS‚
831 858 956 925 quis
977 852 1155 925 aliqua
1180 868 1304 925 pars
1324 861 1373 907 et
1390 869 1514 907 cura
1538 854 1798 925 reipubli-

200 945 309 990 cae,
333 928 434 983 sed
455 928 651 1003 vulgus
671 946 888 1001 quoque
916 928 1089 999 palam
1121 946 1371 984 moerere.
1451 928 1601 983 Nec
1586 947 1692 984 iam
1715 946 1798 983 re-

202 1005 368 1058 centia
400 1020 587 1059 saevae
613 1004 756 1093 pacis
785 1003 1046 1076 exempla,
1079 1004 1171 1059 sed
1199 1004 1413 1075 repetita
1436 1002 1695 1059 bellorum
1718 1004 1795 1059 ci-

204 1078 391 1133 vilium
415 1080 694 1134 memoria:
725 1088 930 1147 capiam
949 1085 1131 1134 totiens
1148 1084 1259 1133 suis
1276 1083 1590 1134 exercitibus
1600 1083 1791 1145 urbem,

199 1161 491 1209 vastitatem
519 1156 722 1217 Italiae,
755 1158 1066 1223 direptiones
1088 1159 1495 1223 provinciarum,
1526 1154 1795 1210 Pharsali-

199 1247 300 1290 am,
327 1230 584 1297 Philippos
603 1240 652 1284 et
670 1230 935 1283 Perusiam
955 1230 1303 1292 acMutinam,
1318 1238 1435 1285 nota
1459 1230 1791 1301 publicarum

200 1304 432 1359 cladium
457 1306 690 1369 nomina,
713 1303 1083 1376 loquebantur.
1163 1305 1325 1373 Prope
1353 1321 1583 1359 eversum
1602 1310 1790 1370 orbem,

199 1384 354 1434 etiam
393 1378 510 1433 cum
546 1384 608 1433 de
629 1384 935 1449 principatu
965 1386 1101 1433 inter
1130 1382 1285 1433 bonos
1313 1388 1617 1435 certaretur.
1694 1380 1795 1435 Sed

198 1460 448 1509 mansisse
491 1454 544 1509 0.
579 1456 732 1518 Iulio,
773 1459 1022 1509 mansisse
1066 1453 1288 1509 Caesare
1318 1456 1549 1524 Auyusto
1581 1459 1791 1519 victore,

199 1536 499 1599 imperium:
566 1547 867 1586 mansuram
910 1536 1071 1599 fuisse
1114 1533 1209 1584 sub
1254 1531 1512 1598 Pompeio‘
1534 1531 1797 1600 Brutoque

198 1609 582 1674 rempublicam.
637 1607 789 1661 Nunc
804 1624 905 1675 pro
929 1605 1137 1668 Othone,
1160 1623 1231 1660 an
1246 1622 1347 1674 pro
1378 1605 1575 1660 Vitellio
1595 1611 1650 1660 in
1671 1615 1795 1660 lem-

196 1685 287 1750 pla
310 1679 513 1736 ituros?
557 1681 812 1750 Utrasque
839 1685 1010 1750 inpias
1027 1698 1223 1750 preces,
1251 1691 1473 1750 utraque
1496 1686 1795 1736 detestanda

195 1766 335 1820 vola,
365 1761 504 1810 inter
529 1761 672 1818 duos,
701 1774 918 1825 quorum
948 1759 1078 1810 bello
1106 1761 1347 1810 selumiel
1374 1762 1551 1818 scires,
1573 1761 1797 1811 deterio-

196 1849 306 1886 rem
325 1838 453 1897 sore,
478 1836 569 1900 qui
587 1837 806 1886 vicisset.
847 1832 1027 1894 Erant,
1053 1833 1147 1904 qui
1172 1831 1555 1902 Vespasianum
1578 1840 1629 1885 et
1647 1849 1792 1886 arma

197 1905 430 1962 Orientis
449 1916 854 1980 augurarentur.
925 1907 1009 1969 Et,
1033 1917 1092 1961 ut
1113 1906 1279 1979 potior
1301 1917 1525 1978 utroque
1546 1907 1795 1977 Vespasiss

197 2000 358 2046 anus,
401 1983 472 2037 ita
512 1981 712 2037 bellum
749 1980 894 2036 aliud
935 1992 1095 2054 atque
1132 1981 1261 2037 alias
1288 1981 1462 2036 clades
1491 1982 1789 2037 horrebant.

195 2058 264 2112 Et
300 2057 553 2131 ambigua
589 2057 656 2112 de
681 2057 1006 2128 Vespasiano
1044 2054 1211 2124 sama3
1254 2056 1509 2129 solusque
1546 2057 1791 2113 omnium

195 2142 318 2188 ante
338 2149 398 2187 se
416 2133 722 2204 principum
741 2133 800 2186 in
822 2131 1016 2186 melius
1035 2139 1271 2186 mutatus
1292 2139 1386 2186 cst.

306 2211 392 2263 5¹.
435 2208 592 2263 Nunc
618 2209 769 2263 initia
800 2223 1126 2279 caussasque
1151 2216 1325 2262 motus
1348 2206 1615 2261 Vitelliani
1634 2223 1793 2278 expe-

195 2283 362 2338 diam.
441 2282 606 2338 Caeso
625 2300 748 2338 cum
769 2282 1022 2338 omnibus
1044 2283 1211 2353 copiis
1232 2282 1365 2338 lulio
1382 2281 1623 2346 Vindice,
1648 2279 1792 2336 ferox

191 2358 388 2430 praeda
417 2357 694 2432 gloriaque
722 2358 1002 2421 exercitus,
1032 2365 1093 2413 ut
1118 2359 1205 2412 cui
1233 2357 1351 2412 sine
1378 2358 1553 2412 labore
1572 2374 1633 2411 ac
1650 2359 1793 2428 peri-

191 2433 318 2489 culo
353 2433 608 2488 ditissimi
649 2433 775 2488 belli
812 2433 1028 2488 victoria
1068 2433 1358 2498 evenisset,
1404 2431 1792 2502 expeditionem

191 2525 362 2581 quam
391 2510 582 2573 otium,
614 2509 846 2581 praemia
877 2525 1040 2580 quam
1074 2506 1335 2579 stipendia
1367 2507 1610 2561 malebat.
1689 2507 1791 2560 Diu

190 2583 582 2640 infructuosam
603 2594 654 2640 et
671 2601 913 2656 asperam
934 2582 1179 2638 militiam
1202 2582 1593 2645 toleraverant,
1580 2582 1792 2656 ingenio

188 2657 296 2716 loci
325 2660 566 2733 caelique
597 2668 649 2716 et
675 2663 952 2715 severitate
980 2658 1321 2730 disciplinam
1364 2674 1549 2730 quam,
1580 2658 1635 2712 in
1666 2675 1791 2730 pace

187 2735 599 2803 inexorabilem,
647 2734 941 2792 discordiae
987 2735 1191 2792 civium
1239 2733 1541 2800 resolvunt,
1596 2733 1791 2806 paratis
