<?xml version="1.0" encoding="UTF-8"?>
<!DOCTYPE html PUBLIC "-//W3C//DTD XHTML 1.0 Transitional//EN"
    "http://www.w3.org/TR/xhtml1/DTD/xhtml1-transitional.dtd">
<html xmlns="http://www.w3.org/1999/xhtml" xml:lang="en" lang="en">
 <head>
  <title>
</title>
<meta http-equiv="Content-Type" content="text/html;charset=utf-8" />
  <meta name='ocr-system' content='tesseract 3.04.00' />
  <meta name='ocr-capabilities' content='ocr_page ocr_carea ocr_par ocr_line ocrx_word'/>
</head>
<body>
  <div class='ocr_page' id='page_1' title='image "./operaquoadextan03tacigoog/operaquoadextan03tacigoog_0611.png"; bbox 0 0 2081 3038; ppageno 0'>
   <div class='ocr_carea' id='block_1_1' title="bbox 211 194 1803 268">
    <p class='ocr_par' dir='ltr' id='par_1_1' title="bbox 211 194 1803 268">
     <span class='ocr_line' id='line_1_1' title="bbox 211 194 1803 268; baseline 0.001 -19"><span class='ocrx_word' id='word_1_1' title='bbox 211 212 260 249; x_wconf 74' lang='lat' dir='ltr'><strong>A.</strong></span> <span class='ocrx_word' id='word_1_2' title='bbox 285 212 334 250; x_wconf 79' lang='lat' dir='ltr'><strong>c.</strong></span> <span class='ocrx_word' id='word_1_3' title='bbox 357 194 452 268; x_wconf 74' lang='grc' dir='ltr'><strong>τι.)</strong></span> <span class='ocrx_word' id='word_1_4' title='bbox 609 203 774 247; x_wconf 80' lang='lat' dir='ltr'><strong>Lln.</strong></span> <span class='ocrx_word' id='word_1_5' title='bbox 814 201 916 248; x_wconf 82' lang='lat' dir='ltr'><strong>1v.</strong></span> <span class='ocrx_word' id='word_1_6' title='bbox 959 204 1138 249; x_wconf 80' lang='lat' dir='ltr'><strong>cAP.</strong></span> <span class='ocrx_word' id='word_1_7' title='bbox 1178 205 1264 252; x_wconf 86' lang='lat'><strong>48.</strong></span> <span class='ocrx_word' id='word_1_8' title='bbox 1308 206 1394 252; x_wconf 80' lang='lat'><strong>49.</strong></span> <span class='ocrx_word' id='word_1_9' title='bbox 1713 199 1803 251; x_wconf 71' lang='grc'><strong>204</strong></span> 
     </span>
    </p>
   </div>
   <div class='ocr_carea' id='block_1_2' title="bbox 210 301 1813 520">
    <p class='ocr_par' dir='ltr' id='par_1_2' title="bbox 210 301 1813 520">
     <span class='ocr_line' id='line_1_2' title="bbox 212 301 1813 377; baseline 0.001 -20"><span class='ocrx_word' id='word_1_10' title='bbox 212 301 346 375; x_wconf 87' lang='lat' dir='ltr'><strong>perii</strong></span> <span class='ocrx_word' id='word_1_11' title='bbox 385 301 588 359; x_wconf 85' lang='lat' dir='ltr'><strong>finibus</strong></span> <span class='ocrx_word' id='word_1_12' title='bbox 625 303 730 358; x_wconf 90' lang='lat' dir='ltr'><strong>sub</strong></span> <span class='ocrx_word' id='word_1_13' title='bbox 769 303 824 358; x_wconf 89' lang='lat' dir='ltr'><strong>d.</strong></span> <span class='ocrx_word' id='word_1_14' title='bbox 855 301 1101 377; x_wconf 86' lang='lat' dir='ltr'><strong>Augusto</strong></span> <span class='ocrx_word' id='word_1_15' title='bbox 1132 303 1451 375; x_wconf 79' lang='lat' dir='ltr'>Tiberioque</span> <span class='ocrx_word' id='word_1_16' title='bbox 1476 304 1813 377; x_wconf 89' lang='lat' dir='ltr'><strong>principibus</strong></span> 
     </span>
     <span class='ocr_line' id='line_1_3' title="bbox 211 376 1811 450; baseline 0.001 -18"><span class='ocrx_word' id='word_1_17' title='bbox 211 376 514 449; x_wconf 85' lang='lat' dir='ltr'>proconsuli</span> <span class='ocrx_word' id='word_1_18' title='bbox 536 378 810 450; x_wconf 87' lang='lat' dir='ltr'><strong>parebant.</strong></span> <span class='ocrx_word' id='word_1_19' title='bbox 889 379 1014 433; x_wconf 87' lang='lat' dir='ltr'><strong>Mox</strong></span> <span class='ocrx_word' id='word_1_20' title='bbox 1033 378 1093 433; x_wconf 91' lang='lat' dir='ltr'><strong>C.</strong></span> <span class='ocrx_word' id='word_1_21' title='bbox 1119 378 1331 444; x_wconf 89' lang='lat' dir='ltr'><strong>Caesar,</strong></span> <span class='ocrx_word' id='word_1_22' title='bbox 1352 379 1601 435; x_wconf 84' lang='lat' dir='ltr'><strong>turbidus</strong></span> <span class='ocrx_word' id='word_1_23' title='bbox 1621 381 1811 446; x_wconf 88' lang='lat' dir='ltr'><strong>animi,</strong></span> 
     </span>
     <span class='ocr_line' id='line_1_4' title="bbox 210 451 1813 520; baseline 0.002 -13"><span class='ocrx_word' id='word_1_24' title='bbox 210 470 271 507; x_wconf 90' lang='lat' dir='ltr'><strong>ac</strong></span> <span class='ocrx_word' id='word_1_25' title='bbox 290 454 363 507; x_wconf 84' lang='lat' dir='ltr'><strong>M.</strong></span> <span class='ocrx_word' id='word_1_26' title='bbox 387 451 651 519; x_wconf 88' lang='lat' dir='ltr'><strong>Silanum,</strong></span> <span class='ocrx_word' id='word_1_27' title='bbox 673 453 998 509; x_wconf 80' lang='lat' dir='ltr'><strong>obtinentem</strong></span> <span class='ocrx_word' id='word_1_28' title='bbox 1019 452 1275 519; x_wconf 81' lang='lat' dir='ltr'><strong>Africam,</strong></span> <span class='ocrx_word' id='word_1_29' title='bbox 1298 463 1562 520; x_wconf 77' lang='lat' dir='ltr'><strong>metuenS,</strong></span> <span class='ocrx_word' id='word_1_30' title='bbox 1584 456 1813 510; x_wconf 86' lang='lat' dir='ltr'><strong>ablatam</strong></span> 
     </span>
    </p>
   </div>
   <div class='ocr_carea' id='block_1_3' title="bbox 116 526 1811 602">
    <p class='ocr_par' dir='ltr' id='par_1_3' title="bbox 116 526 1811 602">
     <span class='ocr_line' id='line_1_5' title="bbox 116 526 1811 602; baseline 0.002 -21"><span class='ocrx_word' id='word_1_31' title='bbox 116 526 126 534; x_wconf 84' lang='lat'>&#39;</span> <span class='ocrx_word' id='word_1_32' title='bbox 209 527 517 600; x_wconf 83' lang='lat' dir='ltr'>proconsuli</span> <span class='ocrx_word' id='word_1_33' title='bbox 537 527 798 602; x_wconf 83' lang='lat' dir='ltr'><strong>legionem</strong></span> <span class='ocrx_word' id='word_1_34' title='bbox 828 530 1012 585; x_wconf 77' lang='lat' dir='ltr'><strong>,misso</strong></span> <span class='ocrx_word' id='word_1_35' title='bbox 1032 530 1091 585; x_wconf 91' lang='lat' dir='ltr'><strong>in</strong></span> <span class='ocrx_word' id='word_1_36' title='bbox 1118 547 1235 583; x_wconf 88' lang='lat' dir='ltr'><strong>eam</strong></span> <span class='ocrx_word' id='word_1_37' title='bbox 1254 547 1369 584; x_wconf 89' lang='lat' dir='ltr'><strong>rem</strong></span> <span class='ocrx_word' id='word_1_38' title='bbox 1391 528 1559 602; x_wconf 87' lang='lat' dir='ltr'><strong>legato</strong></span> <span class='ocrx_word' id='word_1_39' title='bbox 1578 530 1811 585; x_wconf 81' lang='lat' dir='ltr'><strong>tradidit.</strong></span> 
     </span>
    </p>
   </div>
   <div class='ocr_carea' id='block_1_4' title="bbox 209 602 1846 2787">
    <p class='ocr_par' dir='ltr' id='par_1_4' title="bbox 211 602 1819 1053">
     <span class='ocr_line' id='line_1_6' title="bbox 212 602 1815 675; baseline 0.002 -19"><span class='ocrx_word' id='word_1_40' title='bbox 212 602 486 675; x_wconf 89' lang='lat' dir='ltr'><strong>Aequatus</strong></span> <span class='ocrx_word' id='word_1_41' title='bbox 513 604 652 659; x_wconf 88' lang='lat' dir='ltr'><strong>inter</strong></span> <span class='ocrx_word' id='word_1_42' title='bbox 678 604 816 659; x_wconf 89' lang='lat' dir='ltr'><strong>duos</strong></span> <span class='ocrx_word' id='word_1_43' title='bbox 845 604 1228 661; x_wconf 86' lang='lat' dir='ltr'><strong>beneficiorum</strong></span> <span class='ocrx_word' id='word_1_44' title='bbox 1254 621 1514 659; x_wconf 89' lang='lat' dir='ltr'><strong>numerus</strong></span> <span class='ocrx_word' id='word_1_45' title='bbox 1535 613 1604 669; x_wconf 88' lang='lat' dir='ltr'><strong>et,</strong></span> <span class='ocrx_word' id='word_1_46' title='bbox 1630 606 1815 659; x_wconf 84' lang='lat' dir='ltr'><strong>mixtis</strong></span> 
     </span>
     <span class='ocr_line' id='line_1_7' title="bbox 213 678 1817 751; baseline 0.001 -20"><span class='ocrx_word' id='word_1_47' title='bbox 213 678 498 750; x_wconf 89' lang='lat' dir='ltr'><strong>utriusque</strong></span> <span class='ocrx_word' id='word_1_48' title='bbox 523 679 809 745; x_wconf 78' lang='lat' dir='ltr'><strong>mandatiS,</strong></span> <span class='ocrx_word' id='word_1_49' title='bbox 841 679 1105 735; x_wconf 73' lang='lat' dir='ltr'><strong>discordia</strong></span> <span class='ocrx_word' id='word_1_50' title='bbox 1130 680 1391 751; x_wconf 88' lang='lat' dir='ltr'><strong>quaesita,</strong></span> <span class='ocrx_word' id='word_1_51' title='bbox 1414 687 1677 749; x_wconf 88' lang='lat' dir='ltr'><strong>auctaque</strong></span> <span class='ocrx_word' id='word_1_52' title='bbox 1693 696 1817 750; x_wconf 89' lang='lat' dir='ltr'><strong>pra-</strong></span> 
     </span>
     <span class='ocr_line' id='line_1_8' title="bbox 215 753 1819 829; baseline -0.001 -21"><span class='ocrx_word' id='word_1_53' title='bbox 215 770 280 808; x_wconf 86' lang='lat' dir='ltr'><strong>vo</strong></span> <span class='ocrx_word' id='word_1_54' title='bbox 301 754 606 813; x_wconf 79' lang='lat' dir='ltr'><strong>certamine.</strong></span> <span class='ocrx_word' id='word_1_55' title='bbox 642 755 962 829; x_wconf 83' lang='lat' dir='ltr'><strong>Legatorum</strong></span> <span class='ocrx_word' id='word_1_56' title='bbox 982 756 1069 812; x_wconf 85' lang='lat' dir='ltr'><strong>vis</strong></span> <span class='ocrx_word' id='word_1_57' title='bbox 1087 754 1316 811; x_wconf 85' lang='lat' dir='ltr'><strong>adolevit</strong></span> <span class='ocrx_word' id='word_1_58' title='bbox 1335 755 1683 810; x_wconf 78' lang='lat' dir='ltr'><strong>diuturnitate</strong></span> <span class='ocrx_word' id='word_1_59' title='bbox 1698 753 1819 809; x_wconf 86' lang='lat' dir='ltr'><strong>offi-</strong></span> 
     </span>
     <span class='ocr_line' id='line_1_9' title="bbox 211 827 1817 901; baseline 0 -18"><span class='ocrx_word' id='word_1_60' title='bbox 211 829 302 895; x_wconf 88' lang='lat' dir='ltr'><strong>cii,</strong></span> <span class='ocrx_word' id='word_1_61' title='bbox 344 827 428 884; x_wconf 87' lang='lat' dir='ltr'><strong>vel</strong></span> <span class='ocrx_word' id='word_1_62' title='bbox 461 832 592 901; x_wconf 89' lang='lat' dir='ltr'><strong>quia</strong></span> <span class='ocrx_word' id='word_1_63' title='bbox 623 830 926 885; x_wconf 89' lang='lat' dir='ltr'><strong>minoribus</strong></span> <span class='ocrx_word' id='word_1_64' title='bbox 953 832 1123 886; x_wconf 91' lang='lat' dir='ltr'><strong>maior</strong></span> <span class='ocrx_word' id='word_1_65' title='bbox 1153 830 1457 891; x_wconf 86' lang='lat' dir='ltr'><strong>aemulandi</strong></span> <span class='ocrx_word' id='word_1_66' title='bbox 1494 847 1650 898; x_wconf 83' lang='lat' dir='ltr'><strong>cura3</strong></span> <span class='ocrx_word' id='word_1_67' title='bbox 1692 846 1817 901; x_wconf 90' lang='lat' dir='ltr'><strong>pro-</strong></span> 
     </span>
     <span class='ocr_line' id='line_1_10' title="bbox 211 902 1813 980; baseline 0 -21"><span class='ocrx_word' id='word_1_68' title='bbox 211 902 496 961; x_wconf 85' lang='lat' dir='ltr'><strong>consulum</strong></span> <span class='ocrx_word' id='word_1_69' title='bbox 533 904 1008 977; x_wconf 86' lang='lat' dir='ltr'><strong>splendidissimus</strong></span> <span class='ocrx_word' id='word_1_70' title='bbox 1048 906 1286 980; x_wconf 87' lang='lat' dir='ltr'><strong>quisque</strong></span> <span class='ocrx_word' id='word_1_71' title='bbox 1322 906 1593 962; x_wconf 87' lang='lat' dir='ltr'><strong>securitati</strong></span> <span class='ocrx_word' id='word_1_72' title='bbox 1618 906 1813 979; x_wconf 83' lang='lat' dir='ltr'><strong>magis,</strong></span> 
     </span>
     <span class='ocr_line' id='line_1_11' title="bbox 211 982 1045 1053; baseline 0.002 -18"><span class='ocrx_word' id='word_1_73' title='bbox 211 998 375 1053; x_wconf 88' lang='lat' dir='ltr'><strong>quam</strong></span> <span class='ocrx_word' id='word_1_74' title='bbox 398 983 660 1053; x_wconf 89' lang='lat' dir='ltr'><strong>potentiae</strong></span> <span class='ocrx_word' id='word_1_75' title='bbox 679 982 1045 1039; x_wconf 79' lang='lat' dir='ltr'><strong>consulebant.</strong></span> 
     </span>
    </p>

    <p class='ocr_par' dir='ltr' id='par_1_5' title="bbox 209 1054 1846 2787">
     <span class='ocr_line' id='line_1_12' title="bbox 323 1054 1816 1133; baseline 0 -22"><span class='ocrx_word' id='word_1_76' title='bbox 323 1058 406 1111; x_wconf 79' lang='lat'><strong>49.</strong></span> <span class='ocrx_word' id='word_1_77' title='bbox 449 1055 554 1113; x_wconf 90' lang='lat' dir='ltr'><strong>Sed</strong></span> <span class='ocrx_word' id='word_1_78' title='bbox 583 1066 699 1113; x_wconf 88' lang='lat' dir='ltr'><strong>tum</strong></span> <span class='ocrx_word' id='word_1_79' title='bbox 731 1058 994 1133; x_wconf 84' lang='lat' dir='ltr'><strong>legionem</strong></span> <span class='ocrx_word' id='word_1_80' title='bbox 1033 1058 1091 1113; x_wconf 91' lang='lat' dir='ltr'><strong>in</strong></span> <span class='ocrx_word' id='word_1_81' title='bbox 1119 1055 1297 1113; x_wconf 81' lang='lat' dir='ltr'><strong>Africa</strong></span> <span class='ocrx_word' id='word_1_82' title='bbox 1332 1056 1545 1131; x_wconf 83' lang='lat' dir='ltr'><strong>regebat</strong></span> <span class='ocrx_word' id='word_1_83' title='bbox 1572 1054 1816 1112; x_wconf 87' lang='lat' dir='ltr'><strong>Valerius</strong></span> 
     </span>
     <span class='ocr_line' id='line_1_13' title="bbox 213 1130 1818 1206; baseline 0.001 -21"><span class='ocrx_word' id='word_1_84' title='bbox 213 1130 422 1198; x_wconf 88' lang='lat' dir='ltr'><strong>Festus,</strong></span> <span class='ocrx_word' id='word_1_85' title='bbox 445 1143 791 1205; x_wconf 82' lang='lat' dir='ltr'><strong>sumptuosae</strong></span> <span class='ocrx_word' id='word_1_86' title='bbox 810 1134 1209 1199; x_wconf 82' lang='lat' dir='ltr'><strong>adolescentiae,</strong></span> <span class='ocrx_word' id='word_1_87' title='bbox 1236 1150 1411 1206; x_wconf 77' lang='lat' dir='ltr'><strong>neque</strong></span> <span class='ocrx_word' id='word_1_88' title='bbox 1438 1134 1642 1189; x_wconf 88' lang='lat' dir='ltr'><strong>modica</strong></span> <span class='ocrx_word' id='word_1_89' title='bbox 1662 1133 1818 1204; x_wconf 89' lang='lat' dir='ltr'><strong>cupi-</strong></span> 
     </span>
     <span class='ocr_line' id='line_1_14' title="bbox 211 1209 1817 1273; baseline 0.001 -12"><span class='ocrx_word' id='word_1_90' title='bbox 211 1223 328 1273; x_wconf 91' lang='lat' dir='ltr'><strong>ens,</strong></span> <span class='ocrx_word' id='word_1_91' title='bbox 369 1216 420 1263; x_wconf 81' lang='lat' dir='ltr'><strong>et</strong></span> <span class='ocrx_word' id='word_1_92' title='bbox 447 1209 716 1265; x_wconf 84' lang='lat' dir='ltr'><strong>adfinitate</strong></span> <span class='ocrx_word' id='word_1_93' title='bbox 735 1210 935 1265; x_wconf 88' lang='lat' dir='ltr'><strong>Vitellii</strong></span> <span class='ocrx_word' id='word_1_94' title='bbox 967 1213 1181 1265; x_wconf 65' lang='lat' dir='ltr'><strong>anxius„</strong></span> <span class='ocrx_word' id='word_1_95' title='bbox 1262 1211 1313 1263; x_wconf 89' lang='lat' dir='ltr'><strong>Is</strong></span> <span class='ocrx_word' id='word_1_96' title='bbox 1334 1209 1533 1264; x_wconf 85' lang='lat' dir='ltr'><strong>crebris</strong></span> <span class='ocrx_word' id='word_1_97' title='bbox 1554 1209 1817 1264; x_wconf 89' lang='lat' dir='ltr'><strong>sermoni-</strong></span> 
     </span>
     <span class='ocr_line' id='line_1_15' title="bbox 211 1282 1818 1349; baseline 0 -12"><span class='ocrx_word' id='word_1_98' title='bbox 211 1282 316 1337; x_wconf 91' lang='lat' dir='ltr'><strong>bus</strong></span> <span class='ocrx_word' id='word_1_99' title='bbox 343 1286 687 1339; x_wconf 88' lang='lat' dir='ltr'><strong>tentaveritne</strong></span> <span class='ocrx_word' id='word_1_100' title='bbox 716 1286 962 1340; x_wconf 88' lang='lat' dir='ltr'><strong>Pisonem</strong></span> <span class='ocrx_word' id='word_1_101' title='bbox 993 1285 1060 1340; x_wconf 90' lang='lat' dir='ltr'><strong>ad</strong></span> <span class='ocrx_word' id='word_1_102' title='bbox 1090 1302 1175 1338; x_wconf 91' lang='lat' dir='ltr'><strong>res</strong></span> <span class='ocrx_word' id='word_1_103' title='bbox 1200 1302 1384 1349; x_wconf 80' lang='lat' dir='ltr'><strong>novaS,</strong></span> <span class='ocrx_word' id='word_1_104' title='bbox 1406 1303 1473 1338; x_wconf 90' lang='lat' dir='ltr'><strong>an</strong></span> <span class='ocrx_word' id='word_1_105' title='bbox 1496 1286 1711 1338; x_wconf 83' lang='lat' dir='ltr'><strong>tentanti</strong></span> <span class='ocrx_word' id='word_1_106' title='bbox 1732 1301 1818 1338; x_wconf 90' lang='lat' dir='ltr'><strong>re-</strong></span> 
     </span>
     <span class='ocr_line' id='line_1_16' title="bbox 210 1357 1812 1431; baseline 0 -20"><span class='ocrx_word' id='word_1_107' title='bbox 210 1358 420 1423; x_wconf 85' lang='lat' dir='ltr'><strong>stiterit,</strong></span> <span class='ocrx_word' id='word_1_108' title='bbox 433 1360 724 1427; x_wconf 83' lang='lat' dir='ltr'><strong>incertum3</strong></span> <span class='ocrx_word' id='word_1_109' title='bbox 746 1360 1003 1431; x_wconf 86' lang='lat' dir='ltr'><strong>quoniam</strong></span> <span class='ocrx_word' id='word_1_110' title='bbox 1021 1367 1222 1413; x_wconf 90' lang='lat' dir='ltr'><strong>secreto</strong></span> <span class='ocrx_word' id='word_1_111' title='bbox 1241 1376 1422 1413; x_wconf 89' lang='lat' dir='ltr'><strong>eorum</strong></span> <span class='ocrx_word' id='word_1_112' title='bbox 1447 1376 1603 1412; x_wconf 90' lang='lat' dir='ltr'><strong>nemo</strong></span> <span class='ocrx_word' id='word_1_113' title='bbox 1625 1357 1812 1421; x_wconf 80' lang='lat' dir='ltr'><strong>adfuit,</strong></span> 
     </span>
     <span class='ocr_line' id='line_1_17' title="bbox 211 1432 1817 1505; baseline 0.001 -20"><span class='ocrx_word' id='word_1_114' title='bbox 211 1440 282 1497; x_wconf 90' lang='lat' dir='ltr'><strong>et,</strong></span> <span class='ocrx_word' id='word_1_115' title='bbox 305 1433 478 1488; x_wconf 90' lang='lat' dir='ltr'><strong>occiso</strong></span> <span class='ocrx_word' id='word_1_116' title='bbox 506 1434 717 1498; x_wconf 85' lang='lat' dir='ltr'><strong>Pisone,</strong></span> <span class='ocrx_word' id='word_1_117' title='bbox 747 1433 994 1505; x_wconf 86' lang='lat' dir='ltr'><strong>plerique</strong></span> <span class='ocrx_word' id='word_1_118' title='bbox 1022 1432 1089 1487; x_wconf 87' lang='lat' dir='ltr'><strong>ad</strong></span> <span class='ocrx_word' id='word_1_119' title='bbox 1112 1435 1337 1505; x_wconf 81' lang='lat' dir='ltr'><strong>gratiam</strong></span> <span class='ocrx_word' id='word_1_120' title='bbox 1358 1432 1707 1486; x_wconf 88' lang='lat' dir='ltr'><strong>interfectoris</strong></span> <span class='ocrx_word' id='word_1_121' title='bbox 1731 1434 1817 1486; x_wconf 91' lang='lat' dir='ltr'><strong>in-</strong></span> 
     </span>
     <span class='ocr_line' id='line_1_18' title="bbox 211 1505 1818 1582; baseline 0 -22"><span class='ocrx_word' id='word_1_122' title='bbox 211 1505 497 1563; x_wconf 86' lang='lat' dir='ltr'><strong>clinavere.</strong></span> <span class='ocrx_word' id='word_1_123' title='bbox 577 1509 688 1562; x_wconf 92' lang='lat' dir='ltr'><strong>Nec</strong></span> <span class='ocrx_word' id='word_1_124' title='bbox 706 1507 1016 1582; x_wconf 84' lang='lat' dir='ltr'><strong>ambigitur,</strong></span> <span class='ocrx_word' id='word_1_125' title='bbox 1049 1507 1379 1578; x_wconf 85' lang='lat' dir='ltr'><strong>provinciam</strong></span> <span class='ocrx_word' id='word_1_126' title='bbox 1401 1514 1451 1561; x_wconf 88' lang='lat' dir='ltr'><strong>et</strong></span> <span class='ocrx_word' id='word_1_127' title='bbox 1470 1507 1697 1561; x_wconf 88' lang='lat' dir='ltr'><strong>militem</strong></span> <span class='ocrx_word' id='word_1_128' title='bbox 1720 1506 1818 1561; x_wconf 89' lang='lat' dir='ltr'><strong>ali-</strong></span> 
     </span>
     <span class='ocr_line' id='line_1_19' title="bbox 213 1581 1819 1656; baseline 0.001 -21"><span class='ocrx_word' id='word_1_129' title='bbox 213 1591 367 1638; x_wconf 90' lang='lat' dir='ltr'><strong>enato</strong></span> <span class='ocrx_word' id='word_1_130' title='bbox 405 1599 529 1656; x_wconf 84' lang='lat' dir='ltr'><strong>erga</strong></span> <span class='ocrx_word' id='word_1_131' title='bbox 549 1584 939 1654; x_wconf 83' lang='lat' dir='ltr'><strong>Vespasianum</strong></span> <span class='ocrx_word' id='word_1_132' title='bbox 978 1583 1160 1637; x_wconf 89' lang='lat' dir='ltr'><strong>animo</strong></span> <span class='ocrx_word' id='word_1_133' title='bbox 1199 1581 1393 1636; x_wconf 83' lang='lat' dir='ltr'><strong>fuisse:</strong></span> <span class='ocrx_word' id='word_1_134' title='bbox 1437 1591 1487 1636; x_wconf 91' lang='lat' dir='ltr'><strong>et</strong></span> <span class='ocrx_word' id='word_1_135' title='bbox 1526 1583 1747 1654; x_wconf 88' lang='lat' dir='ltr'><strong>quidam</strong></span> <span class='ocrx_word' id='word_1_136' title='bbox 1788 1600 1819 1636; x_wconf 92' lang='lat' dir='ltr'><strong>e</strong></span> 
     </span>
     <span class='ocr_line' id='line_1_20' title="bbox 213 1655 1817 1732; baseline 0.001 -21"><span class='ocrx_word' id='word_1_137' title='bbox 213 1655 532 1724; x_wconf 82' lang='lat' dir='ltr'><strong>vitellianis,</strong></span> <span class='ocrx_word' id='word_1_138' title='bbox 576 1657 708 1714; x_wconf 87' lang='lat' dir='ltr'><strong>urbe</strong></span> <span class='ocrx_word' id='word_1_139' title='bbox 733 1658 966 1732; x_wconf 81' lang='lat' dir='ltr'><strong>profugi,</strong></span> <span class='ocrx_word' id='word_1_140' title='bbox 1007 1658 1338 1713; x_wconf 88' lang='lat' dir='ltr'><strong>ostentabant</strong></span> <span class='ocrx_word' id='word_1_141' title='bbox 1357 1657 1535 1712; x_wconf 88' lang='lat' dir='ltr'><strong>Pisoni</strong></span> <span class='ocrx_word' id='word_1_142' title='bbox 1578 1668 1817 1712; x_wconf 77' lang='lat' dir='ltr'><strong>nutantes</strong></span> 
     </span>
     <span class='ocr_line' id='line_1_21' title="bbox 218 1731 1817 1802; baseline -0.001 -15"><span class='ocrx_word' id='word_1_143' title='bbox 218 1731 442 1796; x_wconf 75' lang='lat' dir='ltr'><strong>Gallina,</strong></span> <span class='ocrx_word' id='word_1_144' title='bbox 458 1743 708 1801; x_wconf 82' lang='lat' dir='ltr'><strong>paratam</strong></span> <span class='ocrx_word' id='word_1_145' title='bbox 733 1734 1083 1797; x_wconf 57' lang='lat' dir='ltr'><strong>Germaniam,</strong></span> <span class='ocrx_word' id='word_1_146' title='bbox 1100 1737 1341 1802; x_wconf 79' lang='lat' dir='ltr'><strong>pericula</strong></span> <span class='ocrx_word' id='word_1_147' title='bbox 1360 1737 1525 1800; x_wconf 73' lang='lat' dir='ltr'><strong>ipsius</strong></span> <span class='ocrx_word' id='word_1_148' title='bbox 1546 1743 1592 1788; x_wconf 86' lang='lat' dir='ltr'><strong>et</strong></span> <span class='ocrx_word' id='word_1_149' title='bbox 1616 1739 1671 1787; x_wconf 78' lang='lat' dir='ltr'><strong>in</strong></span> <span class='ocrx_word' id='word_1_150' title='bbox 1687 1752 1817 1802; x_wconf 84' lang='lat' dir='ltr'><strong>pace</strong></span> 
     </span>
     <span class='ocr_line' id='line_1_22' title="bbox 210 1807 1812 1881; baseline 0 -19"><span class='ocrx_word' id='word_1_151' title='bbox 210 1815 452 1875; x_wconf 74' lang='lat' dir='ltr'><strong>suspecta</strong></span> <span class='ocrx_word' id='word_1_152' title='bbox 491 1813 654 1864; x_wconf 78' lang='lat' dir='ltr'><strong>tutius</strong></span> <span class='ocrx_word' id='word_1_153' title='bbox 692 1813 892 1864; x_wconf 85' lang='lat' dir='ltr'><strong>bellum.</strong></span> <span class='ocrx_word' id='word_1_154' title='bbox 970 1811 1111 1864; x_wconf 86' lang='lat' dir='ltr'><strong>Inter</strong></span> <span class='ocrx_word' id='word_1_155' title='bbox 1140 1826 1279 1881; x_wconf 89' lang='lat' dir='ltr'><strong>quae</strong></span> <span class='ocrx_word' id='word_1_156' title='bbox 1309 1807 1567 1862; x_wconf 87' lang='lat' dir='ltr'><strong>Claudius</strong></span> <span class='ocrx_word' id='word_1_157' title='bbox 1595 1807 1812 1880; x_wconf 86' lang='lat' dir='ltr'><strong>Sagitta,</strong></span> 
     </span>
     <span class='ocr_line' id='line_1_23' title="bbox 213 1881 1816 1956; baseline 0 -20"><span class='ocrx_word' id='word_1_158' title='bbox 213 1881 512 1954; x_wconf 83' lang='lat' dir='ltr'><strong>praefectus</strong></span> <span class='ocrx_word' id='word_1_159' title='bbox 541 1881 655 1938; x_wconf 89' lang='lat' dir='ltr'><strong>alae</strong></span> <span class='ocrx_word' id='word_1_160' title='bbox 673 1883 930 1949; x_wconf 72' lang='lat' dir='ltr'><strong>Petrinus,</strong></span> <span class='ocrx_word' id='word_1_161' title='bbox 964 1901 1215 1956; x_wconf 90' lang='lat' dir='ltr'><strong>prospera</strong></span> <span class='ocrx_word' id='word_1_162' title='bbox 1240 1883 1577 1956; x_wconf 86' lang='lat' dir='ltr'><strong>navigatione</strong></span> <span class='ocrx_word' id='word_1_163' title='bbox 1596 1900 1816 1953; x_wconf 86' lang='lat' dir='ltr'><strong>praeve-</strong></span> 
     </span>
     <span class='ocr_line' id='line_1_24' title="bbox 215 1957 1815 2030; baseline -0.001 -18"><span class='ocrx_word' id='word_1_164' title='bbox 215 1959 294 2012; x_wconf 88' lang='lat' dir='ltr'><strong>nit</strong></span> <span class='ocrx_word' id='word_1_165' title='bbox 320 1958 595 2030; x_wconf 90' lang='lat' dir='ltr'><strong>Papirium</strong></span> <span class='ocrx_word' id='word_1_166' title='bbox 616 1959 978 2014; x_wconf 84' lang='lat' dir='ltr'><strong>centurionem</strong></span> <span class='ocrx_word' id='word_1_167' title='bbox 999 1963 1028 2012; x_wconf 85' lang='lat' dir='ltr'><strong>&#39;a</strong></span> <span class='ocrx_word' id='word_1_168' title='bbox 1048 1960 1295 2015; x_wconf 89' lang='lat' dir='ltr'><strong>Muciano</strong></span> <span class='ocrx_word' id='word_1_169' title='bbox 1315 1959 1565 2022; x_wconf 89' lang='lat' dir='ltr'><strong>missum,</strong></span> <span class='ocrx_word' id='word_1_170' title='bbox 1595 1957 1815 2012; x_wconf 86' lang='lat' dir='ltr'><strong>adseve-</strong></span> 
     </span>
     <span class='ocr_line' id='line_1_25' title="bbox 212 2034 1813 2106; baseline -0.001 -18"><span class='ocrx_word' id='word_1_171' title='bbox 212 2034 459 2106; x_wconf 83' lang='lat' dir='ltr'><strong>ravitque</strong></span> <span class='ocrx_word' id='word_1_172' title='bbox 485 2039 736 2090; x_wconf 77' lang='lat' dir='ltr'><strong>mandata</strong></span> <span class='ocrx_word' id='word_1_173' title='bbox 764 2037 1109 2102; x_wconf 76' lang='lat' dir='ltr'><strong>interficiendi</strong></span> <span class='ocrx_word' id='word_1_174' title='bbox 1135 2035 1337 2090; x_wconf 72' lang='lat' dir='ltr'><strong>Pisonis</strong></span> <span class='ocrx_word' id='word_1_175' title='bbox 1362 2038 1651 2088; x_wconf 77' lang='lat' dir='ltr'><strong>centurioni</strong></span> <span class='ocrx_word' id='word_1_176' title='bbox 1670 2037 1813 2087; x_wconf 80' lang='lat' dir='ltr'><strong>data.</strong></span> 
     </span>
     <span class='ocr_line' id='line_1_26' title="bbox 217 2107 1813 2179; baseline -0.001 -15"><span class='ocrx_word' id='word_1_177' title='bbox 217 2107 474 2165; x_wconf 71' lang='lat' dir='ltr'><strong>Cecidiase</strong></span> <span class='ocrx_word' id='word_1_178' title='bbox 510 2111 868 2173; x_wconf 78' lang='lat' dir='ltr'><strong>Galerianum,</strong></span> <span class='ocrx_word' id='word_1_179' title='bbox 911 2113 1271 2164; x_wconf 75' lang='lat' dir='ltr'><strong>consobrinum</strong></span> <span class='ocrx_word' id='word_1_180' title='bbox 1311 2114 1422 2164; x_wconf 80' lang='lat' dir='ltr'><strong>eius</strong></span> <span class='ocrx_word' id='word_1_181' title='bbox 1458 2126 1813 2179; x_wconf 69' lang='lat' dir='ltr'><strong>ymerum-que.</strong></span> 
     </span>
     <span class='ocr_line' id='line_1_27' title="bbox 219 2183 1815 2255; baseline -0.001 -15"><span class='ocrx_word' id='word_1_182' title='bbox 219 2185 388 2241; x_wconf 78' lang='lat' dir='ltr'><strong>Unam</strong></span> <span class='ocrx_word' id='word_1_183' title='bbox 406 2188 462 2240; x_wconf 75' lang='lat' dir='ltr'><strong>in</strong></span> <span class='ocrx_word' id='word_1_184' title='bbox 485 2190 717 2241; x_wconf 80' lang='lat' dir='ltr'><strong>audacia</strong></span> <span class='ocrx_word' id='word_1_185' title='bbox 732 2203 874 2255; x_wconf 76' lang='lat' dir='ltr'><strong>apem</strong></span> <span class='ocrx_word' id='word_1_186' title='bbox 891 2185 1095 2240; x_wconf 77' lang='lat' dir='ltr'><strong>salutis.</strong></span> <span class='ocrx_word' id='word_1_187' title='bbox 1166 2183 1268 2240; x_wconf 85' lang='lat' dir='ltr'><strong>Sed</strong></span> <span class='ocrx_word' id='word_1_188' title='bbox 1286 2189 1390 2240; x_wconf 82' lang='lat' dir='ltr'><strong>duo</strong></span> <span class='ocrx_word' id='word_1_189' title='bbox 1407 2189 1601 2239; x_wconf 80' lang='lat' dir='ltr'><strong>itinera</strong></span> <span class='ocrx_word' id='word_1_190' title='bbox 1618 2188 1815 2239; x_wconf 79' lang='lat' dir='ltr'><strong>auden-</strong></span> 
     </span>
     <span class='ocr_line' id='line_1_28' title="bbox 209 2259 1815 2330; baseline -0.001 -16"><span class='ocrx_word' id='word_1_191' title='bbox 209 2264 297 2330; x_wconf 79' lang='lat' dir='ltr'><strong>di;</strong></span> <span class='ocrx_word' id='word_1_192' title='bbox 333 2279 426 2316; x_wconf 77' lang='lat' dir='ltr'><strong>seu</strong></span> <span class='ocrx_word' id='word_1_193' title='bbox 451 2264 628 2317; x_wconf 84' lang='lat' dir='ltr'><strong>mallet</strong></span> <span class='ocrx_word' id='word_1_194' title='bbox 653 2266 832 2316; x_wconf 80' lang='lat' dir='ltr'><strong>statim</strong></span> <span class='ocrx_word' id='word_1_195' title='bbox 856 2277 1026 2324; x_wconf 85' lang='lat' dir='ltr'><strong>arma,</strong></span> <span class='ocrx_word' id='word_1_196' title='bbox 1068 2277 1157 2315; x_wconf 80' lang='lat' dir='ltr'><strong>seu</strong></span> <span class='ocrx_word' id='word_1_197' title='bbox 1179 2265 1346 2328; x_wconf 79' lang='lat' dir='ltr'><strong>petita</strong></span> <span class='ocrx_word' id='word_1_198' title='bbox 1370 2262 1589 2315; x_wconf 79' lang='lat' dir='ltr'><strong>navibus</strong></span> <span class='ocrx_word' id='word_1_199' title='bbox 1616 2259 1815 2321; x_wconf 77' lang='lat' dir='ltr'><strong>Gallia,</strong></span> 
     </span>
     <span class='ocr_line' id='line_1_29' title="bbox 211 2332 1816 2392; baseline -0.004 0"><span class='ocrx_word' id='word_1_200' title='bbox 211 2341 396 2392; x_wconf 85' lang='lat' dir='ltr'><strong>ducem</strong></span> <span class='ocrx_word' id='word_1_201' title='bbox 412 2354 468 2391; x_wconf 80' lang='lat' dir='ltr'><strong>se</strong></span> <span class='ocrx_word' id='word_1_202' title='bbox 495 2336 786 2392; x_wconf 65' lang='lat' dir='ltr'><strong>Vitellianis</strong></span> <span class='ocrx_word' id='word_1_203' title='bbox 805 2339 1123 2391; x_wconf 77' lang='lat' dir='ltr'><strong>exercitibus</strong></span> <span class='ocrx_word' id='word_1_204' title='bbox 1144 2341 1442 2392; x_wconf 78' lang='lat' dir='ltr'><strong>ostenderet.</strong></span> <span class='ocrx_word' id='word_1_205' title='bbox 1501 2332 1648 2390; x_wconf 89' lang='lat' dir='ltr'><strong>Nihil</strong></span> <span class='ocrx_word' id='word_1_206' title='bbox 1670 2334 1737 2388; x_wconf 89' lang='lat' dir='ltr'><strong>ad</strong></span> <span class='ocrx_word' id='word_1_207' title='bbox 1756 2351 1816 2386; x_wconf 90' lang='lat' dir='ltr'><strong>ea</strong></span> 
     </span>
     <span class='ocr_line' id='line_1_30' title="bbox 213 2411 1846 2481; baseline -0.003 -13"><span class='ocrx_word' id='word_1_208' title='bbox 213 2422 356 2468; x_wconf 89' lang='lat' dir='ltr'><strong>moto</strong></span> <span class='ocrx_word' id='word_1_209' title='bbox 384 2413 594 2478; x_wconf 89' lang='lat' dir='ltr'><strong>Pisone,</strong></span> <span class='ocrx_word' id='word_1_210' title='bbox 638 2412 876 2467; x_wconf 86' lang='lat' dir='ltr'><strong>centurio</strong></span> <span class='ocrx_word' id='word_1_211' title='bbox 904 2428 934 2465; x_wconf 87' lang='lat' dir='ltr'><strong>a</strong></span> <span class='ocrx_word' id='word_1_212' title='bbox 961 2411 1210 2468; x_wconf 86' lang='lat' dir='ltr'><strong>Muciano</strong></span> <span class='ocrx_word' id='word_1_213' title='bbox 1238 2413 1459 2475; x_wconf 88' lang='lat' dir='ltr'><strong>missus,</strong></span> <span class='ocrx_word' id='word_1_214' title='bbox 1505 2418 1564 2465; x_wconf 89' lang='lat' dir='ltr'><strong>ut</strong></span> <span class='ocrx_word' id='word_1_215' title='bbox 1600 2419 1816 2481; x_wconf 89' lang='lat' dir='ltr'><strong>portum</strong></span> <span class='ocrx_word' id='word_1_216' title='bbox 1840 2419 1846 2424; x_wconf 84' lang='lat'>&#39;</span> 
     </span>
     <span class='ocr_line' id='line_1_31' title="bbox 211 2485 1814 2562; baseline -0.003 -18"><span class='ocrx_word' id='word_1_217' title='bbox 211 2487 552 2561; x_wconf 84' lang='lat' dir='ltr'><strong>Carthaginis</strong></span> <span class='ocrx_word' id='word_1_218' title='bbox 589 2487 796 2560; x_wconf 86' lang='lat' dir='ltr'><strong>adtigit,</strong></span> <span class='ocrx_word' id='word_1_219' title='bbox 837 2503 1031 2562; x_wconf 85' lang='lat' dir='ltr'><strong>magna</strong></span> <span class='ocrx_word' id='word_1_220' title='bbox 1070 2503 1197 2544; x_wconf 85' lang='lat' dir='ltr'><strong>voce</strong></span> <span class='ocrx_word' id='word_1_221' title='bbox 1236 2485 1369 2541; x_wconf 84' lang='lat' dir='ltr'><strong>laeta</strong></span> <span class='ocrx_word' id='word_1_222' title='bbox 1396 2486 1577 2541; x_wconf 90' lang='lat' dir='ltr'><strong>Pisoni</strong></span> <span class='ocrx_word' id='word_1_223' title='bbox 1613 2487 1814 2548; x_wconf 85' lang='lat' dir='ltr'><strong>omnia,</strong></span> 
     </span>
     <span class='ocr_line' id='line_1_32' title="bbox 213 2560 1817 2636; baseline -0.002 -18"><span class='ocrx_word' id='word_1_224' title='bbox 213 2572 491 2636; x_wconf 88' lang='lat' dir='ltr'><strong>tamquam</strong></span> <span class='ocrx_word' id='word_1_225' title='bbox 519 2563 770 2635; x_wconf 87' lang='lat' dir='ltr'><strong>principi,</strong></span> <span class='ocrx_word' id='word_1_226' title='bbox 812 2563 1151 2632; x_wconf 80' lang='lat' dir='ltr'><strong>continuar03</strong></span> <span class='ocrx_word' id='word_1_227' title='bbox 1194 2562 1380 2618; x_wconf 85' lang='lat' dir='ltr'><strong>obvios</strong></span> <span class='ocrx_word' id='word_1_228' title='bbox 1410 2569 1461 2615; x_wconf 88' lang='lat' dir='ltr'><strong>et</strong></span> <span class='ocrx_word' id='word_1_229' title='bbox 1496 2560 1707 2616; x_wconf 88' lang='lat' dir='ltr'><strong>subitae</strong></span> <span class='ocrx_word' id='word_1_230' title='bbox 1742 2561 1817 2614; x_wconf 83' lang='lat' dir='ltr'><strong>rei</strong></span> 
     </span>
     <span class='ocr_line' id='line_1_33' title="bbox 212 2633 1811 2708; baseline -0.002 -16"><span class='ocrx_word' id='word_1_231' title='bbox 212 2637 476 2694; x_wconf 88' lang='lat' dir='ltr'><strong>miraculo</strong></span> <span class='ocrx_word' id='word_1_232' title='bbox 513 2639 800 2704; x_wconf 87' lang='lat' dir='ltr'><strong>adtonitos,</strong></span> <span class='ocrx_word' id='word_1_233' title='bbox 840 2647 902 2694; x_wconf 88' lang='lat' dir='ltr'><strong>ut</strong></span> <span class='ocrx_word' id='word_1_234' title='bbox 938 2638 1123 2694; x_wconf 86' lang='lat' dir='ltr'><strong>eadem</strong></span> <span class='ocrx_word' id='word_1_235' title='bbox 1164 2637 1551 2708; x_wconf 85' lang='lat' dir='ltr'><strong>adstreperent,</strong></span> <span class='ocrx_word' id='word_1_236' title='bbox 1595 2633 1811 2691; x_wconf 85' lang='lat' dir='ltr'><strong>hortari.</strong></span> 
     </span>
     <span class='ocr_line' id='line_1_34' title="bbox 211 2711 1816 2787; baseline -0.003 -16"><span class='ocrx_word' id='word_1_237' title='bbox 211 2711 426 2787; x_wconf 80' lang='lat' dir='ltr'><strong>Vulgus</strong></span> <span class='ocrx_word' id='word_1_238' title='bbox 443 2714 723 2772; x_wconf 85' lang='lat' dir='ltr'><strong>credulum</strong></span> <span class='ocrx_word' id='word_1_239' title='bbox 743 2731 898 2772; x_wconf 86' lang='lat' dir='ltr'><strong>ruere</strong></span> <span class='ocrx_word' id='word_1_240' title='bbox 916 2715 975 2770; x_wconf 92' lang='lat' dir='ltr'><strong>in</strong></span> <span class='ocrx_word' id='word_1_241' title='bbox 999 2714 1200 2772; x_wconf 83' lang='lat' dir='ltr'><strong>forum·</strong></span> <span class='ocrx_word' id='word_1_242' title='bbox 1243 2713 1596 2786; x_wconf 86' lang='lat' dir='ltr'><strong>praesentiam</strong></span> <span class='ocrx_word' id='word_1_243' title='bbox 1606 2713 1816 2768; x_wconf 86' lang='lat' dir='ltr'><strong>Pisonis</strong></span> 
     </span>
    </p>
   </div>
  </div>
 </body>
</html>
