2081 3038
271 248 341 299 ⁴2AE
840 250 1313 296 ANNALIUM
1608 242 1879 312 (muster.

277 354 380 407 bus
409 370 497 407 ora
529 352 878 425 contingeret:
921 350 1010 404 alii
1038 358 1255 406 curvata
1275 351 1425 405 senio
1445 349 1686 404 membra
1704 356 1884 405 osten-

275 428 486 482 debant.
563 425 918 481 Adsistentem
941 428 1271 491 concionem,
1295 426 1425 497 quia
1446 426 1708 497 permixta
1730 424 1887 479 vide·-

277 504 457 566 batur,
479 506 743 556 discedere
761 506 820 564 iu
831 505 1126 569 ”canipulus
1145 500 1323 555 iubet:
1353 506 1431 555 sic
1456 504 1641 554 melius
1667 504 1885 554 auditu-

274 594 362 631 ros
381 594 710 645 responsum:
740 579 940 630 vexilla
952 580 1244 645 praeferri,
1266 585 1324 629 ut
1344 580 1401 630 id
1418 579 1603 629 saltem
1620 579 1885 629 discerne-

275 660 354 706 ret
373 655 619 707 cohortes.
696 650 864 704 Tarde
895 650 1343 722 obtemperavere.
1424 650 1577 705 Tunc
1602 668 1633 704 a
1664 666 1885 705 veneru-

279 734 414 781 tioue
445 725 666 796 Au9usti
703 742 887 790 orsuS,
927 724 1075 780 flexit
1111 725 1179 780 ad
1215 729 1467 780 victorias
1501 728 1886 793 triumphosque

281 804 490 866 Tiberii,
511 802 816 873 praecipuis
837 799 1086 855 laudibus
1106 799 1379 856 celebrans
1397 842 1409 866 ,
1433 818 1565 870 quae
1584 805 1726 868 apud
1750 800 1889 853 Ger-

276 882 480 931 manias
502 880 612 931 illis
630 894 745 930 cum
765 879 1049 943 leqiom'bus
1063 878 1422 943 pulcherrima
1437 880 1660 945 fecisset.
1693 877 1727 929 Ι
1725 878 1888 929 taliae

279 952 401 1007 inde
435 968 731 1006 consensum
745 992 760 1013 ,
798 950 1096 1005 Galliarum
1122 954 1272 1019 fidem
1298 949 1525 1020 extollit3
1567 954 1645 1005 nil
1662 968 1886 1020 usquam

279 1030 556 1089 turbidum,
577 1034 670 1079 aut
690 1030 905 1079 discors.

391 1104 475 1156 35.
517 1100 738 1155 Silentio
757 1100 886 1154 haec
909 1099 988 1155 vel
1011 1118 1292 1155 murmure
1310 1101 1517 1156 modico
1536 1101 1711 1157 audita
1732 1109 1880 1156 sunt.

280 1177 344 1230 Ut
361 1176 674 1231 seditionem
697 1177 787 1230 atti
830 1176 887 1241 't,
900 1180 992 1229 ubi
1008 1181 1259 1230 modestia
1278 1176 1565 1231 militaris?
1584 1181 1675 1231 ubi
1693 1182 1885 1232 veteris

273 1254 583 1319 disciplinae
619 1255 775 1305 decus
854 1268 1075 1319 quonam
1116 1252 1375 1314 tribunos,
1416 1270 1517 1320 quo
1560 1258 1887 1306 centuriones

277 1324 600 1395 exegissent?
639 1326 900 1399 rogitans:
943 1326 1151 1381 nudant
1180 1327 1420 1381 universi
1448 1344 1662 1397 corpora
1676 1368 1690 1391 ,
1742 1332 1885 1380 cica-

278 1406 434 1455 trices
461 1419 529 1455 ea:
554 1405 877 1464 vulneribus,
911 1405 1177 1456 verberum
1204 1410 1353 1455 notas
1372 1402 1713 1473 exprobrant:
1757 1420 1885 1455 mox

277 1476 578 1532 indiscretis
599 1476 822 1532 vocibus
837 1481 1012 1544 pretia
1031 1482 1379 1540 vacationum,
1392 1481 1664 1546 anqustias
1687 1481 1886 1546 stipen-

275 1557 378 1616 dii,
409 1555 662 1606 duritiam
689 1569 925 1621 operum,
957 1569 1018 1606 ac
1048 1553 1279 1623 propriis
1300 1553 1610 1608 nominihus
1635 1552 1887 1606 incusant

276 1631 497 1691 vallum,
517 1633 705 1696 fossas,
727 1631 934 1696 pabuli,
957 1631 1231 1690 materiae,
1256 1631 1515 1696 liquorum
1538 1632 1803 1696 adyestus,
1834 1637 1890 1682 et

276 1702 321 1756 si
345 1719 452 1772 qua
474 1701 574 1768 alia
596 1719 661 1756 ex
683 1703 991 1756 necessitate
1010 1710 1103 1757 aut
1122 1701 1381 1756 adversus
1400 1703 1570 1757 otium
1590 1711 1883 1758 castrorum

277 1783 626 1846 quaeruntur.
705 1775 1087 1832 Atrocissimus
1110 1785 1484 1832 ‘veteranorum
1514 1777 1709 1833 clamor
1744 1778 1888 1832 orie-

279 1851 460 1917 batur;
513 1851 610 1922 qui
651 1850 842 1904 tricena
883 1861 976 1905 aut
1014 1869 1177 1924 supra
1216 1852 1478 1924 stipendia
1520 1861 1883 1918 numerantem

277 1929 566 1978 mederetur
592 1931 765 1994 sessis,
804 1943 904 1980 neu
933 1936 1147 1981 mortem
1174 1931 1232 1982 in
1257 1931 1439 1982 iisdem
1468 1931 1755 1992 laboribus,
1795 1934 1888 1984 sed

276 2004 428 2070 finem
463 2009 570 2054 tam
609 2000 872 2056 emercitae
904 2005 1149 2065 militiae,
1198 2019 1360 2072 neque
1398 2007 1600 2070 inopem
1636 2007 1885 2072 requiem,

275 2074 514 2130 orabant.
593 2075 765 2130 Fuere
794 2077 982 2140 etiam,
1023 2078 1121 2148 qui
1153 2075 1376 2150 legatam
1418 2095 1449 2131 a
1485 2077 1613 2132 divo
1640 2075 1888 2151 Augusto

279 2150 562 2221 pecuniam
591 2159 954 2222 reposcerent,
988 2149 1179 2208 faustis
1210 2153 1266 2206 in
1288 2152 1669 2211 Germanicum
1688 2153 1891 2208 omini-

276 2227 408 2292 bus3
460 2232 539 2290 et,
581 2226 628 2280 si
657 2225 817 2280 vellet
854 2226 1146 2297 imperium
1163 2269 1176 2292 ‚
1218 2236 1490 2298 promptos
1532 2234 1883 2284 ostentavere.

277 2301 415 2354 Tum
439 2317 590 2364 vero,
621 2301 780 2372 quasi
801 2301 1000 2355 scelere
1019 2304 1467 2357 contaminaretur
1481 2345 1494 2368 ,
1516 2319 1773 2376 praeceps
1790 2305 1889 2358 tri-

277 2374 462 2428 bunali
483 2373 719 2430 desiluit.
797 2374 1175 2447 opposuerunt
1194 2377 1411 2432 abeunti
1430 2395 1577 2432 arma
1592 2419 1606 2445 ,
1630 2380 1889 2434 minitan-

279 2455 356 2501 tes
372 2489 384 2512 ,
409 2449 466 2503 ni
491 2449 872 2523 regrederetur.
951 2450 1158 2516 Atilio,
1182 2458 1493 2508 moriturum
1504 2459 1705 2522 potius,
1728 2471 1888 2524 quam

277 2525 426 2591 fidem
445 2535 683 2588 exueret,
705 2523 982 2580 clamitans
998 2567 1010 2590 ,
1035 2525 1235 2581 ferrum
1260 2546 1290 2581 a
1311 2527 1471 2582 latere
1490 2529 1753 2601 deripuit,
1778 2531 1888 2584 ela·—

277 2605 502 2667 tnmque
529 2597 794 2654 deferebat
819 2601 874 2654 in
901 2609 1089 2672 pectus
1105 2643 1117 2666 ‚
1150 2603 1205 2656 ni
1227 2603 1459 2674 proximi
1484 2621 1735 2674 prensam
1754 2601 1890 2660 dex'-

278 2678 414 2724 tram
439 2670 497 2726 vi
526 2674 880 2730 attinuissent.
959 2675 1213 2730 Extrema
1242 2685 1294 2731 et
1322 2677 1625 2750 conglobata
1659 2680 1801 2733 inter
1828 2699 1889 2735 se

279 2760 404 2822 pars
421 2746 711 2816 concionis,
733 2766 814 2816 ac.
835 2751 930 2812 vix
947 2749 1203 2808 credibile
1220 2751 1386 2817 dictu,
1411 2752 1638 2825 quidam
1654 2755 1887 2831 singuli,
