2081 3038
204 268 257 307 A.
279 268 332 307 c.
353 248 450 323 eo.)
605 256 762 303 ΜΒ.
801 256 958 308 x1v.
999 256 1174 307 cAP.
1216 260 1425 307 s—1u.
1702 251 1802 311 327

205 375 322 415 rore
341 359 768 429 inrumpentium
787 360 1071 415 exter-fitis.
1150 360 1409 417 Cubiculo
1426 360 1695 419 modicum
1718 362 1805 418 lu-
1848 331 1855 346 ⁵

206 450 329 489 men
354 432 556 498 inerat,
589 440 640 488 et
667 433 980 489 ancillarum
1001 452 1139 491 una:
1180 437 1353 509 magis
1369 453 1433 491 ac
1451 437 1623 512 magis
1642 437 1803 495 anxia
1890 436 1895 442 ’

205 508 504 582 Agrippina
518 549 531 573 ,
555 508 700 581 quod
718 526 875 565 nemo
893 528 924 565 a
943 508 1073 575 filio,
1096 526 1159 565 ac
1177 527 1247 566 ne
1264 511 1529 585 Agerinus
1547 512 1798 585 quidum

203 584 365 639 aliam
397 580 506 637 fere
533 581 682 638 litore
699 582 886 640 faciem
913 602 1084 650 nunc,
1114 584 1458 641 solitudinem
1482 604 1547 643 ac
1570 590 1805 660 repenti.

207 677 304 715 nos
321 658 580 730 strepitus
602 666 654 714 et
671 661 895 715 extremi
912 659 1045 717 meli
1062 660 1278 717 indicia.
1346 659 1586 717 Abeunte
1606 662 1804 721 dehinc
1915 716 1919 721 .

201 732 415 798 ancilla,
434 735 510 787 Tu
533 750 734 803 quoque
749 752 829 789 me
847 734 1081 791 decens?
1088 734 1378 807 prolocuta,
1389 737 1807 809 respicitAnioe-

203 820 322 865 tum
335 850 350 874 ,
379 808 666 865 trierarcho
684 808 962 866 Herculeio
975 850 989 875 ,
1011 818 1065 865 et
1080 808 1297 865 Obarito
1308 852 1323 875 ,
1344 811 1651 869 centurione
1666 811 1805 869 elno-

201 884 384 949 siario.
408 885 744 941 comitamm:
771 901 838 940 ac
849 926 864 950 ,
879 890 935 951 si
949 889 1021 941 ad
1037 890 1305 941 visendum
1320 891 1564 950 vertisset,
1585 892 1807 957 refotam

200 965 498 1015 nuntiaret:
535 964 622 1014 sin
637 963 848 1029 [acinus
861 968 1201 1028 patratum,
1244 964 1378 1015 nihil
1399 978 1455 1017 se
1466 965 1546 1016 ‚do
1562 964 1673 1031 filio
1690 980 1805 1019 ero-

201 1040 351 1102 dem
389 1052 494 1089 non
517 1039 830 1103 imperatum
849 1038 1219 1103 pan-icidium.
1297 1034 1713 1093 Circumsistunt
1729 1037 1806 1093 le-

203 1120 350 1165 ctum
369 1124 710 1181 percussores
725 1148 742 1175 ,
774 1116 826 1163 et
843 1110 992 1181 prior
1016 1110 1339 1169 trierarchus
1356 1109 1488 1167 fusti
1506 1120 1667 1184 ceput
1684 1115 1803 1169 eius

203 1182 425 1241 adflixit.
507 1186 614 1239 Iam
653 1185 714 1239 in
753 1193 976 1242 mortem
1015 1186 1313 1243 centurioni
1345 1186 1546 1243 ferrum
1572 1186 1805 1245 destrin-

200 1260 348 1335 genti
361 1301 378 1325 ,
419 1257 738 1331 protendens
768 1267 1000 1322 uterum,
1029 1262 1263 1317 Ventrem
1283 1267 1390 1331 seri
1400 1306 1415 1327 ,
1454 1261 1797 1319 enelamuvitt

204 1333 502 1406 multisque
523 1332 838 1390 vulneribus
857 1333 1091 1391 confecta
1115 1345 1213 1391 est.

313 1412 365 1464 9.
403 1408 547 1465 Haec
581 1425 846 1465 consensu
882 1410 1201 1481 produntur.
1280 1409 1663 1482 Adspexeritne
1687 1430 1805 1469 ma-

203 1494 336 1541 trem
367 1485 670 1542 exanimem
690 1486 855 1550 Nero,
889 1493 941 1541 et
967 1483 1195 1542 formam
1222 1487 1457 1557 corporis
1482 1487 1601 1543 eius
1619 1486 1805 1544 lauda-

201 1562 366 1628 verit,
389 1569 544 1627 sunt,
565 1562 663 1633 qui
683 1559 1020 1626 tradiderint,
1044 1569 1199 1625 sunt,
1228 1565 1326 1632 qui
1344 1562 1598 1618 abnuant,
1676 1562 1805 1618 Cre-

201 1643 344 1692 mata
361 1646 442 1691 est
459 1644 611 1692 nocte
627 1635 832 1700 eadem,
853 1634 1119 1692 convivali
1140 1633 1288 1701 lecto,
1318 1644 1368 1691 et
1386 1637 1659 1708 exsequiis
1678 1636 1806 1694 vili-

199 1712 334 1768 bus:
367 1727 572 1784 neque,
593 1710 726 1784 dum
746 1711 888 1768 Nero
903 1727 1087 1768 rerum
1106 1711 1423 1782 potiebatur,
1444 1721 1693 1786 congesta
1710 1713 1820 1769 aut

200 1787 382 1844 clausa
401 1785 625 1845 humus.
703 1787 827 1842 Mox
845 1784 1258 1842 domesticorum
1278 1795 1403 1842 curs
1426 1785 1597 1844 levem
1616 1795 1804 1844 tumu-

201 1861 318 1918 lum
345 1862 574 1933 accepit‚
612 1862 754 1916 viam
781 1861 973 1918 Miseni
997 1869 1239 1934 propter,
1273 1870 1325 1916 et
1351 1861 1535 1918 villam
1561 1861 1802 1920 Caesaris

197 1937 468 1994 dictatoris
479 1977 496 2000 ,,
527 1953 668 2008 quae
693 1935 960 1992 subiectos
988 1937 1145 1992 sinus
1171 1936 1465 1992 editissima
1484 1946 1797 2009 prospectet.

199 2014 437 2068 Accenso
461 2027 590 2084 rogo
609 2010 830 2066 libertus
854 2011 971 2066 eius
985 2052 1000 2077 ,
1031 2019 1379 2085 cognomento
1396 2012 1653 2077 Mnester,
1682 2015 1803 2084 ipse

199 2085 340 2144 ferro
369 2103 430 2141 se
457 2087 736 2158 transegit;
775 2081 1038 2141 incertum
1066 2087 1279 2142 caritate
1304 2087 1363 2140 in
1386 2093 1663 2157 patronam
1678 2127 1693 2151 ,
1732 2105 1800 2142 an

201 2171 348 2217 metu
367 2162 539 2217 exitii.
619 2161 774 2216 Hunc
789 2161 878 2216 sui
898 2161 1062 2216 finem
1079 2160 1278 2216 multos
1298 2168 1419 2216 ante
1434 2177 1607 2216 annos
1628 2161 1805 2218 credi-

198 2237 345 2292 derat
392 2236 686 2310 Agrippina
735 2243 1245 2308 contempseratque.
1322 2237 1461 2291 Nam
1503 2233 1803 2291 consulenti

199 2329 362 2383 super
380 2312 608 2377 Nerone,
630 2311 1018 2384 responderunt
1036 2309 1306 2375 Chaldaei,
1318 2315 1431 2382 soro
1448 2318 1506 2365 ut
1523 2315 1804 2378 imperaret

198 2396 518 2458 matremque
545 2390 828 2442 occideret.-
854 2393 1016 2458 atque
1042 2383 1134 2442 illa
1148 2427 1163 2451 ,
1198 2385 1440 2448 Decidat,
1458 2385 1659 2457 inquit,
1679 2388 1803 2438 dum

201 2467 434 2530 imperet.

313 2539 396 2592 ⁴0.
437 2535 542 2592 Sed
559 2555 590 2592 a
609 2535 850 2600 Caesare,
871 2534 1101 2607 perfecto
1118 2535 1337 2592 demum
1358 2533 1573 2602 scelere,
1592 2535 1804 2609 magni-

199 2611 328 2668 tudo
355 2611 476 2670 eius
503 2610 766 2668 intellecta
792 2619 891 2666 est.
971 2608 1199 2682 Reliquo
1220 2611 1413 2673 noctiS,
1436 2609 1594 2666 modo
1609 2612 1805 2682 pei-,si-

199 2686 427 2742 lentium
455 2685 666 2744 defixus
680 2728 695 2752 ,
737 2687 952 2758 saepius
980 2702 1179 2758 pavore
1204 2700 1497 2757 exsurgens
1526 2690 1577 2740 et
1602 2687 1801 2742 mentis

197 2763 358 2835 inops
374 2804 388 2830 ,
420 2761 597 2818 lucem
613 2761 984 2835 opperiebatur
999 2803 1012 2828 ,
1048 2770 1320 2832 tamquam
1350 2760 1571 2819 exitium
1596 2760 1803 2818 adlatu-
