2081 3038
276 268 376 322 ⁴80
828 255 1308 322 ANNALIU'M
1603 263 1880 339 (nmmo.

274 375 469 430 tatione
494 370 715 438 reddita,
746 373 926 430 statim
953 375 1153 432 aver-ti:
1192 373 1437 448 plerique
1463 373 1739 450 inceptum
1766 392 1882 432 ιω

273 466 489 506 monem
506 447 853 520 abrumpere:
894 449 1270 518 insistentibus
1287 457 1467 514 contra
1489 447 1880 510 inridentibus-

272 541 401 598 que,
424 525 521 598 qui
541 521 731 580 Seiano
750 522 980 594 fautores
998 523 1235 588 aderant,
1311 525 1606 587 Enimvero
1628 525 1878 583 Tiberius

274 611 477 670 torvus,
500 608 593 656 aut
613 598 809 664 falsum
829 600 1080 660 renidens
1099 601 1283 660 vultu:
1325 618 1423 659 seu
1442 600 1768 674 lcqtieretun
1780 619 1878 658 seu

275 684 463 732 taceret
496 676 732 741 iuvenis,
762 676 967 732 crimen
994 693 1064 735 ex
1092 675 1324 743 silentio,
1352 693 1421 733 ex
1444 693 1594 736 voce.
1669 675 1751 734 Ne
1771 693 1878 734 nox

271 752 494 825 quidem
520 768 735 820 secura3
777 767 903 806 cum
934 768 1070 810 uxor
1096 750 1310 825 vigilias
1324 793 1340 819 ,
1369 762 1586 814 somnos
1600 793 1616 819 ,
1641 753 1893 828 suspiria-

153 858 166 869 ι
273 830 430 884 matri
440 827 645 892 Liviae,
657 834 818 898 atque
836 825 929 882 illa
948 824 1158 892 Seiano,
1180 825 1522 899 patefaceret:
1543 829 1643 901 qui
1663 825 1878 892 fratrem

272 921 491 976 quoque
515 902 743 958 Neronis
769 901 1007 961 Drusum
1036 903 1198 960 traxit
1224 903 1282 960 in
1309 910 1488 974 partes
1502 943 1517 970 ‚
1553 921 1584 960 s
1675 902 1890 968 obiecta,

272 979 532 1051 principis
562 978 682 1044 loci,
714 978 762 1033 si
790 977 1025 1048 priorem
1055 985 1220 1035 aetate
1248 985 1300 1034 et
1318 979 1427 1034 iam
1448 977 1568 1034 labe
1587 987 1766 1037 actum
1785 977 1881 1034 de-

272 1056 546 1113 movisset.
624 1051 792 1111 Atrox
818 1052 980 1108 Drusi
1018 1053 1320 1127 ingenium,
1361 1070 1526 1126 super
1567 1053 1876 1127 cupidinem

272 1131 533 1201 potentiae
560 1136 613 1186 et
638 1125 792 1196 solita
811 1127 1067 1184 fratribus
1084 1127 1225 1195 odia,
1247 1129 1630 1188 accendebatur
1649 1127 1876 1195 invidia,

271 1203 417 1278 quod
442 1211 611 1259 mater
630 1202 928 1278 Agrippina
946 1204 1242 1276 promptior
1259 1205 1456 1264 Neroni
1481 1211 1614 1265 erat.
1689 1205 1881 1276 Neque

274 1290 449 1336 tamen
468 1277 695 1346 Seianus¹
714 1279 786 1334 ita
804 1279 1042 1336 Drusum
1064 1279 1292 1346 fovebat.
1316 1287 1502 1338 utnon
1523 1281 1578 1343 in
1599 1297 1723 1336 eum
1741 1297 1894 1352 quo-,

270 1372 380 1427 que
408 1355 615 1410 semina
644 1353 811 1410 futuri
841 1356 993 1412 exitii
1016 1355 1387 1428 meditaretur3
1417 1373 1652 1430 gnarus,
1675 1354 1876 1428 praefe-
1917 1381 1921 1386 ·

274 1449 449 1487 rocem
468 1438 519 1487 et
536 1430 753 1486 insidiis
772 1431 945 1506 magis
964 1439 1346 1503 opportunum.
1405 1495 1430 1516 ο
1724 1456 1744 1469 ’-

382 1511 437 1567 61
454 1550 467 1563 .
511 1506 645 1565 Fine
686 1506 818 1563 anni
861 1524 1136 1566 excessere
1181 1506 1424 1581 insignes
1465 1505 1571 1576 viri
1587 1546 1604 1573 ‚
1652 1505 1880 1565 Asinius

272 1582 529 1657 Agrippa,
560 1580 719 1639 claris
748 1582 1044 1641 maioribus
1071 1599 1238 1655 quam
1257 1584 1504 1649 vetustis,
1532 1582 1750 1655 vitaque
1769 1588 1878 1640 non

270 1658 497 1731 degener
514 1676 527 1726 ;
552 1665 603 1717 et
622 1656 687 1723 Q.
710 1658 979 1725 Haterius,
1000 1657 1204 1715 familia
1221 1659 1504 1725 senatoria,
1521 1656 1877 1731 eloquentiae.

271 1732 448 1805 quoad
468 1732 623 1798 vixit,
655 1730 970 1789 celebratae:
1014 1734 1340 1792 monimenta
1368 1734 1572 1807 ingenii
1591 1734 1709 1792 eius
1730 1732 1882 1797 haud

271 1806 492 1878 perinde
511 1806 825 1864 retinentur.
866 1806 1080 1864 Scilicet
1093 1807 1300 1881 impetu
1322 1810 1516 1883 magis,
1539 1826 1705 1881 quam
1718 1826 1876 1875 cura,

274 1880 513 1954 vigebat:
555 1888 724 1955 utque
743 1881 971 1949 aliorum
990 1883 1263 1955 meditatio
1281 1893 1333 1939 et
1353 1882 1499 1941 labor
1519 1885 1578 1940 in
1602 1891 1880 1956 posterum

274 1957 510 2025 valescit,
550 1957 631 2013 sic
656 1957 857 2015 Haterii
894 1975 1152 2015 canorum
1189 1956 1327 2015 illud
1351 1968 1416 2017 ,et
1449 1956 1722 2032 profluens
1749 1977 1880 2018 cum

272 2036 389 2105 ipso
406 2031 572 2093 simul
593 2032 917 2091 exstinctum
942 2042 1040 2091 est.
1403 2067 1408 2076 ·
1505 2082 1508 2089 .

380 2112 465 2167 62.
492 2109 581 2164 M.
613 2108 839 2176 Licinio¹
870 2110 933 2165 L.
964 2108 1255 2181 Calpurnio
1279 2127 1416 2167 coss.
1439 2111 1740 2185 ingentium
1761 2108 1882 2167 bel-

272 2184 445 2241 lorum
466 2183 671 2240 cladem
689 2186 941 2258 aequavit
958 2185 1162 2243 malum
1181 2186 1540 2259 inprovisum.
1615 2186 1750 2241 Eius
1769 2186 1883 2241 ini-

270 2260 409 2315 tium
426 2259 592 2317 simul
613 2266 664 2315 et
680 2259 808 2329 finis
827 2262 1017 2317 extitit.
1095 2262 1232 2317 Nam
1253 2269 1435 2333 coepto
1453 2260 1599 2333 apud
1617 2260 1878 2317 Fidenam

270 2334 679 2407 amphitheatrof
717 2334 917 2393 Atilius
944 2336 1189 2410 quidam,
1233 2335 1468 2393 libertini
1501 2336 1734 2417 generis,
1765 2354 1885 2409 quo

270 2409 633 2481 spectaculum
653 2411 1009 2487 gladiatorum
1020 2410 1322 2478 celebraret,
1336 2428 1514 2483 neque
1531 2411 1882 2471 fundamenta

268 2502 365 2555 per
404 2478 638 2553 solidum
673 2486 936 2553 subdidit,
976 2503 1156 2559 neque
1181 2487 1354 2557 firmis
1383 2486 1616 2543 nexibus
1639 2486 1882 2561 ligneam

270 2576 581 2634 compagem
600 2564 989 2633 superstruxit:
1042 2563 1217 2635 utqui
1239 2580 1345 2617 non
1366 2560 1691 2627 abundantia
1711 2578 1885 2635 pecu-

269 2634 409 2697 niae,
433 2652 531 2691 nec
549 2636 864 2709 municipali
886 2638 1194 2701 ambitione,
1209 2636 1304 2691 sed
1322 2638 1380 2693 in
1395 2634 1614 2693 sordida
1631 2638 1886 2695 mercede

278 2706 327 2759 'd
346 2710 618 2778 negotium
638 2714 1023 2783 quaesivisset..
1071 2710 1354 2783 Adfluxere
1371 2711 1516 2769 avidi
1537 2711 1747 2779 talium,
1771 2714 1884 2770 im·-

318 2782 529 2851 3ritante
554 2784 767 2841 Tiberio
792 2787 979 2857 procul
1013 2784 1374 2859 voluptatibus
1408 2784 1599 2852 habiti,
1628 2786 1788 2845 virile
1817 2805 1885 2845 ac
