2081 3038
323 224 419 278 ηο
880 223 1355 284 ANNAmuu
1453 255 1552 290 2,
1649 223 1969 294 (roan.

322 343 440 390 tum
465 327 709 400 exemplo
736 328 991 400 Lepidus,
1022 345 1356 401 quamquam
1376 329 1635 399 pecuniae
1655 328 1963 397 modicus,
2032 333 2033 346 ³

322 407 527 466 avitum
547 403 711 463 decus
736 403 973 461 recoluit.
1015 404 1086 468 At
1103 404 1344 474 Pompeii
1363 403 1649 469 theatrum,
1673 405 1818 480 igne
1839 403 1966 460 sor-

262 498 269 508 *
324 483 455 539 tuito
480 479 755 546 haustum,
788 477 979 535 Caesar
1009 486 1408 534 exstructurum
1435 477 1708 550 pollicitus
1739 487 1854 546 est,
1889 497 1962 534 eo
2032 539 2033 542 ,

321 556 469 630 quod
498 565 655 610 nemo
682 571 712 608 e
738 552 938 624 familia
969 553 1314 608 restaurando
1340 552 1634 622 susticeret3
1677 563 1962 610 manente

318 642 498 688 tamen
518 629 734 687 nomine
754 629 1010 702 Pompeii.
1091 627 1266 683 Simul
1286 627 1536 684 laudibus
1553 627 1822 686 Seianum
1847 647 1958 684 ex-

322 707 461 772 tulit,
488 715 751 774 tamquam
770 707 945 760 labore
963 707 1339 775 vigilantiaque
1363 707 1474 758 eius
1495 713 1644 760 tanta
1661 709 1746 760 vis
1771 721 1957 760 unu-m

323 789 467 836 intra
492 785 749 838 -damnum
784 783 1019 834 stetisset.
1097 779 1165 834 Et
1205 793 1458 834 censuere
1485 777 1951 852 patreseffigiem

324 857 532 922 Seiano,
556 870 695 926 quae
712 853 859 926 apud
876 853 1142 910 theatrum
1159 853 1397 924 Pompeii
1419 853 1695 914 locaretur.
1739 854 1952 926 Neque

326 929 494 986 multo
514 937 633 1000 post
652 925 863 994 Caesar,
886 928 1248 999 cum-Iunium
1269 927 1541 994 Blaesum,
1551 929 1946 1000 proconsulem

326 1006 552 1069 Africae,
584 1003 845 1074 triumphi
875 1003 1182 1076 insignibus
1209 1002 1482 1068 attolleret,
1507 1004 1640 1058 dare
1667 1003 1725 1062 id
1755 1021 1818 1058 se
1849 1003 1944 1060 di·-

326 1082 404 1136 xit
423 1079 611 1134 honori
632 1077 831 1144 Seiani,
852 1079 1010 1133 cuius
1030 1077 1123 1132 ille
1139 1078 1442 1138 avunculus
1463 1087 1592 1136 erat.
1685 1123 1690 1132 .
1773 1131 1780 1138 ,

432 1156 519 1208 73.
563 1151 639 1208 Ac
678 1162 850 1208 tamen
892 1170 975 1208 res
1004 1152 1174 1211 Blaesi
1202 1154 1398 1226 dignae
1421 1153 1608 1212 decore
1638 1153 1730 1208 tali
1757 1152 1933 1209 fuere.

272 1222 292 1236 '
328 1231 463 1286 Nam
484 1227 806 1293 Tacfarinas»,
830 1245 1162 1300 quamquam
1179 1229 1396 1300 saepius
1415 1227 1694 1300 depulsus,
1714 1221 1938 1299 repara-

325 1307 395 1360 tis
452 1322 509 1359 er
526 1303 716 1358 intima
736 1301 945 1360 Africae
965 1302 1204 1368 auxiliis,
1219 1304 1327 1358 huc
1343 1299 1680 1377 adrogantiae
1689 1312 1928 1368 venerat,
2032 1347 2033 1360 2

326 1390 387 1434 ut
434 1385 611 1454 egatos
650 1378 717 1433 ad
745 1379 1021 1434 Tiberium
1049 1380 1297 1444 mitteret,
1341 1378 1632 1451 sedemque
1660 1379 1798 1434 ultro
1815 1373 1930 1434 sibi
2032 1371 2033 1380 ’

327 1464 486 1529 atque
508 1452 760 1511 exercitui
782 1471 881 1510 suo
900 1453 1207 1527 postularet,
1223 1461 1314 1511 aut
1329 1451 1533 1510 bellum
1545 1451 1931 1525 ¹inexplicabile

328 1530 679 1587 minitaretur.
760 1532 877 1585 Non
915 1530 1048 1585 alias
1087 1530 1261 1603 magis
1299 1547 1399 1585 sua
1436 1529 1741 1601 populique,
1766 1529 1920 1583 Rom.

327 1604 645 1677 contumelia
682 1604 977 1662 indoluisse
1006 1604 1284 1661 Caesarem
1325 1604 1518 1670 ferunt,
1561 1622 1746 1676 quam,
1781 1609 1925 1672 quod

327 1686 559 1738 desertor
586 1689 635 1733 et
656 1684 871 1747 praede,
903 1684 1124 1736 hostium
1143 1697 1283 1733 more
1301 1689 1491 1749 ayeret.
1572 1680 1650 1736 Ne
1654 1679 1922 1761 §partam

329 1759 548 1824 quidem,
568 1762 685 1821 post
704 1763 776 1809 tot
796 1757 1149 1809 consularium
1169 1760 1492 1810 exercituum
1515 1758 1687 1809 clades
1705 1756 1918 1811 inultam

330 1832 360 1883 Ι
360 1832 543 1883 taliam
562 1832 748 1893 urenti,
772 1846 1086 1897 quamquam
1095 1828 1319 1885 Sertorii
1335 1839 1491 1897 atque
1503 1829 1819 1885 Mithridatis
1833 1834 1916 1883 in-

327 1905 562 1973 qentibus
588 1904 731 1957 bellis
762 1905 961 1959 labaret
986 1906 1296 1972 respublica,
1325 1900 1525 1967 datum,
1539 1912 1600 1964 ut
1611 1912 1766 1971 pacto
1779 1909 1834 1960 in
1851 1908 1915 1972 fi-

330 1982 441 2033 dem
478 1981 803 2045 acciperetur
819 1995 832 2010 ·
868 1982 1072 2041 nedum,
1111 1981 1462 2047 pulcherrimo
1493 1981 1678 2046 populi
1707 1979 1914 2033 Romani

326 2058 553 2124 sastiqio‚
586 2055 723 2107 latro
755 2052 1069 2125 Tacfarinas
1089 2070 1223 2121 pace
1262 2062 1310 2107 et
1338 2058 1658 2108 concessione
1679 2070 1910 2123 amorum

328 2132 683 2183 redimeretur.
759 2126 857 2181 Dat
882 2128 1153 2201 negotium
1171 2128 1375 2194 Blaeso,
1403 2134 1601 2183 ceteros
1621 2127 1825 2201 quidem
1847 2127 1911 2183 ad

329 2220 481 2274 spem
501 2200 779 2274 proliceret
797 2220 943 2257 arma
963 2204 1082 2259 sine
1101 2220 1236 2259 noxa
1256 2203 1488 2274 ponendi
1505 2222 1518 2272 ;
1560 2204 1732 2275 ipsius
1745 2211 1908 2261 autem

329 2276 483 2331 ducis
504 2293 722 2348 quoquo
742 2276 898 2332 modo
914 2279 1192 2349 potiretur.

436 2353 523 2407 74.
565 2350 635 2405 Et
658 2352 853 2424 recepti
881 2369 939 2407 ea
971 2355 1124 2409 venia
1152 2352 1414 2425 plerique.
1465 2424 1470 2427 Ι
1495 2354 1618 2412 Mox
1643 2352 1905 2413 adversum

330 2435 467 2483 artes
496 2424 841 2482 Tacfarinatis
882 2426 1024 2496 haud
1053 2428 1307 2483 dissimili
1341 2428 1500 2483 modo
1535 2427 1902 2501 belligeratum.

329 2502 467 2558 Nam
487 2502 616 2575 quia
637 2500 747 2566 ille,
768 2500 955 2557 robore
976 2504 1240 2562 exercitus
1261 2504 1454 2573 impar,
1488 2501 1698 2560 furandi
1715 2501 1902 2567 melior,

329 2575 513 2646 plures
532 2594 629 2651 per
646 2576 831 2651 globos
852 2578 1152 2647 incursaret
1165 2576 1525 2648 eluderetque,
1539 2585 1590 2634 et
1608 2576 1819 2634 insidias
1831 2579 1908 2639 si·-

334 2649 443 2703 -nul
476 2658 711 2716 tentaret,
749 2660 852 2707 tres
882 2653 1144 2721 incestam,
1177 2650 1391 2707 totidem
1419 2652 1632 2723 agmina
1651 2658 1900 2723 parantur.

476 2726 559 2777 ”is
581 2716 857 2781 Cornelius
884 2726 1063 2797 Scipio
1083 2728 1286 2799 legatus
1305 2726 1553 2799 praefuit,
1583 2742 1688 2799 qua
1701 2726 1906 2795 praeda-
