2081 3038
149 243 198 283 A·
223 242 272 281 c.
295 224 390 299 w.)
545 236 588 280 1.
605 235 710 281 nr*
742 235 816 281 11.
857 237 896 281 c
915 238 960 298 ᾼ
977 236 1032 283 1³.
1076 234 1320 289 siff-89.
1642 230 1738 287 ⁴07

148 336 286 392 obvii
327 353 395 391 ex
433 336 566 390 urbe
601 344 868 390 senatores
905 339 1249 409 equitesque:
1310 338 1531 409 quidam
1570 348 1736 406 metu,

147 410 300 467 inulti
329 427 423 480 per
453 409 828 475 adulationem,
861 413 1015 465 ceteri
1046 429 1107 465 ac
1126 412 1399 483 paullatim
1420 430 1625 478 omnes,
1650 432 1737 481 ne,

147 486 266 542 aliis
287 484 761 555 proficiscentibus,
785 486 890 555 ipsi
911 494 1260 541 remanerent.
1302 485 1739 561 ‚adgregabantur
1764 552 1773 561 ὁ

147 579 176 616 e
194 560 364 633 plebe,
387 558 642 632 flagitiosa
664 576 759 629 per
776 560 1032 631 obsequia
1044 561 1256 615 Vitellio
1276 563 1490 633 cogniti,
1506 580 1737 627 scurrae,

146 636 448 698 histriones,
473 636 707 707 aurigae,
722 635 924 705 quibus
944 634 1035 689 ille
1054 637 1409 691 amicitiarum
1431 636 1742 690 dehonesta-

147 711 340 766 mentis
371 710 505 763 mire
530 709 809 781 gaudebat.
890 710 998 763 Nec
1015 710 1252 765 coloniae
1275 711 1432 765 modo
1452 719 1543 764 aut
1559 711 1743 765 muni-

87 841 92 847 ,
145 786 281 857 cipia
302 792 552 857 congestu
575 784 867 855 copiarum,
887 784 984 839 sed
1001 786 1108 857 ipsi
1128 786 1357 840 cultores
1375 802 1609 857 arvaque
1630 802 1743 837 ma-

145 862 282 915 turis
300 860 408 913 iam
431 858 694 931 frugibus,
717 867 778 913 ut
796 858 989 913 hostile
1004 859 1201 925 solum,
1226 862 1587 915 vastabantur.

254 938 338 989 88.
379 933 575 988 Multae
605 942 656 989 et
681 942 880 989 atroces
903 935 1040 989 inter
1065 952 1123 989 se
1143 935 1376 990 militum
1398 935 1603 1000 caedes,
1624 943 1743 1005 post

145 1010 456 1065 seditionem
488 1009 658 1063 Ticini
687 1017 924 1079 coeptam
954 1018 1199 1065 manente
1226 1011 1493 1083 legionum
1516 1005 1742 1064 auxilio-

145 1102 376 1157 rumque
416 1084 701 1150 discordia3
745 1084 838 1138 ubi
868 1084 1127 1140 adversus
1160 1102 1393 1159 paganos
1430 1085 1739 1139 certandum

148 1158 292 1224 soret,
317 1178 598 1215 consensu.
677 1159 779 1213 Sed
801 1158 1031 1230 plurima
1054 1170 1256 1234 strages
1275 1161 1340 1215 ad
1361 1162 1651 1231 septimum
1674 1161 1741 1214 ab

143 1234 276 1289 urbe
299 1234 546 1307 lapidem.
625 1233 961 1307 Singulisibi
981 1235 1247 1307 militibus
1268 1236 1513 1290 Vitellius
1532 1246 1741 1307 paratos

143 1310 310 1374 eibos,
351 1319 412 1364 ut
441 1309 804 1383 gladiatoriam
843 1310 1107 1381 saginam,
1148 1309 1446 1364 dividebat:
1496 1318 1549 1365 et
1574 1310 1739 1364 effusa

141 1384 326 1455 plebes
365 1384 486 1439 totis
523 1400 582 1436 se
613 1384 802 1437 castris
831 1384 1134 1437 miscuerat.
1216 1384 1514 1438 incuriosos
1544 1384 1741 1437 milites

141 1457 443 1532 (vernacula
483 1457 766 1511 utebantur
803 1455 1127 1528 urbanitate)
1164 1456 1385 1529 quidam
1425 1456 1739 1528 spoliavere,

141 1534 368 1588 abscisis
401 1532 582 1586 furtim
611 1531 818 1596 balteis,
863 1547 932 1585 an
971 1531 1192 1586 accincti
1236 1530 1403 1586 forent
1435 1533 1738 1604 rogitantes.

144 1611 262 1664 Non
285 1606 406 1660 tulit
425 1605 720 1662 ludibrium
747 1605 986 1660 insolens
1003 1606 1355 1662 contumeliae
1372 1608 1586 1661 animus
1603 1627 1615 1662 τ
1658 1607 1745 1662 in·—

141 1699 344 1737 ermem
373 1679 632 1751 populum
661 1680 855 1752 gladiis
885 1682 1146 1737 invasere.
1227 1681 1425 1748 Caesus
1454 1685 1591 1737 inter
1612 1681 1741 1737 alios

144 1766 292 1829 pater
312 1755 518 1820 militis
541 1772 670 1809 cum-
689 1755 860 1809 filium
881 1757 1246 1826 comitaretur3
1282 1756 1474 1812 deinde
1494 1759 1736 1831 agnitus:

142 1842 213 1897 et,
251 1830 462 1904 vulgata
492 1829 666 1895 caede,
710 1839 1059 1903 temperatum
1087 1833 1155 1888 ab
1180 1833 1435 1887 innoxiis.
1514 1833 1574 1886 In
1609 1833 1743 1887 urbe

143 1918 320 1962 tamen
361 1904 698 1976 trepidatum,
737 1908 1199 1977 praecurrentibus
1226 1908 1430 1980 passim
1452 1906 1735 1962 militibus.

139 1984 342 2038 Forum
373 1980 607 2035 maxime
635 1982 897 2052 petebant,
937 1983 1189 2053 cupidine
1216 1982 1426 2038 visendi
1454 1981 1649 2047 locum,
1684 1983 1740 2036 in

140 2076 254 2131 quo
275 2056 440 2112 Galba
459 2056 727 2112 iacuisset.
797 2057 908 2110 Nec
925 2057 1109 2112 minus
1134 2075 1355 2113 saevum
1377 2056 1739 2130 spectaculum

140 2141 290 2188 erant
309 2133 435 2204 ipsi,
466 2132 628 2204 tergis
647 2130 878 2187 ferarum
905 2138 957 2186 et
975 2132 1283 2205 ingentibus
1308 2132 1424 2187 telis
1446 2133 1737 2196 horrenteS,

139 2225 267 2263 cum
294 2208 505 2262 turbam.
531 2205 718 2278 populi
738 2223 834 2278 per
853 2207 1120 2262 inscitiam
1148 2225 1340 2278 parum
1359 2209 1604 2272 vitarent,
1628 2215 1737 2270 aut,

139 2284 236 2338 ubi
268 2283 472 2337 lubrico
502 2283 620 2337 viae
646 2281 728 2336 vel
757 2297 983 2337 occursu
1013 2281 1241 2337 alicuius
1265 2284 1634 2354 procidissent,
1674 2281 1739 2336 ad

139 2359 403 2431 iurgium,
445 2373 569 2420 mox
597 2357 664 2411 ad
695 2373 889 2413 manus
913 2365 964 2411 et
990 2356 1193 2412 ferrum
1215 2359 1515 2412 transirent.
1596 2356 1739 2423 Quin

137 2442 190 2487 et
215 2433 420 2487 tribuni
449 2430 804 2504 praefectique
831 2449 954 2488 cum
983 2439 1179 2489 terrore
1216 2440 1269 2488 et
1293 2441 1615 2488 armatorum
1652 2447 1742 2486 ca-

137 2510 304 2564 tervis
323 2507 628 2562 volitabant.

251 2585 336 2636 89.
381 2583 500 2653 Ipse
525 2581 790 2647 Vitellius,
833 2599 863 2636 a
900 2590 1060 2654 ponte
1090 2583 1295 2648 Milvio,
1337 2582 1539 2656 insigni
1579 2599 1735 2656 equ0,

135 2656 426 2730 paludatus
456 2658 849 2730 accinctusque,
891 2667 1137 2714 senatum
1165 2666 1217 2712 et
1240 2657 1503 2729 populum
1532 2666 1653 2713 ante
1682 2674 1742 2712 se

135 2749 326 2808 agens,
363 2749 472 2805 quo
509 2735 711 2802 minus,
751 2742 812 2790 ut
847 2742 1054 2808 captam
1068 2773 1084 2802 ,
1124 2733 1315 2791 urbem
1353 2733 1735 2808 ingrederetur,
