2081 3038
225 253 274 292 Α.
299 252 350 291 c.
375 233 470 309 33.)
647 243 786 289 mn.
828 242 923 290 Ἦ.
965 243 1125 290 cAP.
1166 243 1409 292 24—26.
1455 282 1461 287 .
1728 237 1832 292 209

224 343 556 401 centurionis
583 351 636 400 et
653 343 872 418 Didymi
893 341 1068 400 liberti
1091 341 1342 416 epistolae
1362 359 1637 402 servorum
1658 347 1835 403 nomi-

223 439 294 476 na
313 419 702 493 praeferebant,
729 427 792 477 ut
809 420 936 492 quis
953 419 1313 494 egredientem
1326 420 1576 478 eubiculo
1594 421 1831 478 Drusum

226 496 554 570 pulsaverat,
597 503 939 552 exterruerat.
1015 496 1195 552 Etiam
1233 512 1334 552 sua
1370 496 1531 552 verba
1570 498 1830 562 centurio,

225 572 480 628 saevitiae
498 570 681 642 plena,
692 574 969 644 tamquam
1154 571 1289 637 ‘um,
1300 587 1567 644 vocesque
1584 571 1836 629 deficien—

225 648 296 702 tis
321 645 603 712 adiecerat,
645 644 772 720 quis
806 647 983 718 primo
1039 645 1412 702 alienationem
1440 647 1637 702 mentis
1662 649 1837 703 simu-

227 721 366 796 lans)
393 721 555 794 quasi
579 738 678 794 per
705 721 1050 788 dementiam,
1082 720 1291 778 funesta
1309 721 1543 788 Tiberio,
1566 739 1717 788 mox,
1740 723 1837 778 ubi

228 814 424 870 exspes
431 797 574 854 vitae
593 795 718 864 fuit,
741 797 1020 854 meditatas
1044 797 1475 870 compositasque
1488 797 1641 856 diras
1656 799 1837 870 inpre-

224 872 475 930 oabatur:
516 881 592 938 ut,
625 877 1051 943 quemadmodum
1077 889 1269 928 nurum
1290 876 1559 944 filiumque
1582 878 1773 944 {ratris
1790 881 1839 926 et

227 957 435 1018 nepotes
479 951 784 1018 domumque
831 965 1028 1003 omnem
1068 951 1311 1004 caedibus
1344 952 1717 1018 complevisset,
1760 953 1840 1003 ita

225 1040 421 1094 poenas
437 1026 640 1078 nomini
651 1027 928 1093 qenm‘que
947 1029 1206 1080 maiorum
1230 1032 1279 1079 ot
1289 1029 1517 1093 posteris
1533 1027 1836 1080 exsolveret.

230 1097 602 1154 obturbabant
619 1097 842 1170 quidem
860 1105 1057 1170 patres,
1081 1098 1261 1170 specie
1275 1097 1593 1156 detestandi:
1628 1097 1724 1155 sed
1742 1115 1839 1172 pe-

233 1173 472 1232 netrabat
487 1190 656 1247 pavor
676 1180 729 1230 et
753 1172 1052 1239 admiratio,
1076 1172 1331 1230 callidum
1349 1173 1500 1241 olim,
1524 1182 1577 1231 et
1598 1173 1839 1250 tegendis

231 1248 527 1305 sceleribus
565 1248 858 1305 obscurum
873 1289 888 1315 ,
930 1248 1040 1304 huo
1080 1248 1429 1306 confidentiae
1470 1251 1685 1307 venisse
1698 1291 1713 1317 ,
1756 1256 1834 1315 ut,

233 1333 511 1398 tamquam
536 1323 755 1383 dimotis
781 1323 1105 1397 parietibus,
1136 1324 1434 1381 ostenderet
1460 1334 1705 1398 nepotem
1734 1323 1840 1381 sub

233 1400 454 1457 verbere
482 1399 829 1466 oenturionis,
860 1399 999 1456 inter
1017 1415 1297 1458 servorum
1319 1401 1478 1467 ictus,
1500 1409 1737 1457 extrema
1757 1401 1841 1457 vi-

233 1484 314 1531 tae
333 1473 588 1532 alimenta
604 1473 804 1532 frustra
819 1482 1082 1533 orantem.

343 1554 430 1609 25.
472 1550 726 1607 Nondum
745 1552 796 1613 is
813 1550 962 1608 dolor
979 1550 1295 1617 exoleverat,
1320 1568 1447 1606 oum
1464 1549 1531 1606 de
1545 1549 1843 1625 Agrippina

235 1626 502 1692 auditum,
546 1644 732 1700 quam,
775 1625 1047 1683 interfecto
1084 1626 1295 1693 Seiana,
1336 1643 1433 1699 spe
1470 1633 1839 1691 sustentatam,

234 1702 540 1775 provixisse
557 1718 694 1768 reor,
718 1709 787 1767 et,
817 1710 1105 1775 postquam
1126 1701 1263 1759 nihil
1284 1700 1351 1757 de
1370 1702 1589 1759 saevitia
1608 1702 1844 1758 remitte-

234 1777 410 1844 batur,
435 1776 708 1834 voluntate
727 1776 1072 1836 exstinctam:
1104 1778 1213 1833 nisi
1234 1778 1302 1845 si,
1326 1779 1531 1852 negatis
1550 1777 1840 1844 alimentis,

234 1850 595 1911 adsimulatus
633 1860 714 1907 est
751 1852 894 1919 finis,
938 1854 1035 1925 qui
1058 1852 1328 1912 videretur
1352 1861 1541 1925 sponte
1566 1861 1841 1925 sumptus.

232 1928 528 1985 Enimvero
537 1928 784 1985 Tiberius
803 1926 1127 1985 foedissimis
1144 1929 1609 1985 criminationibus
1624 1928 1843 1993 exarsit,

237 2002 616 2082 inpudicitiam
643 2020 894 2079 arguens,
927 2012 979 2059 et
1006 2003 1261 2061 Asinium
1280 2002 1499 2060 Gallum
1519 2001 1843 2068 adulterum,

236 2081 470 2155 eiusque
521 2086 692 2135 morte
737 2079 804 2135 ad
849 2078 1086 2135 taedium
1124 2080 1265 2137 vitae
1310 2076 1664 2151 compulsam.
1708 2124 1715 2128 .
1742 2076 1849 2132 Sed

237 2154 558 2285 Agrippina,
583 2154 742 2227 aequi
761 2155 1051 2227 inpatiens,
1070 2154 1384 2212 dominandi
1408 2153 1583 2220 avida,
1596 2150 1849 2211 virilibus

237 2231 384 2285 curis
426 2226 732 2287 eminamm
751 2230 882 2286 vitia
901 2236 1139 2289 exuerat.
1214 2231 1408 2287 Eodem
1432 2234 1517 2286 die
1532 2234 1847 2301 defunctam,

239 2324 340 2375 quo
369 2309 578 2361 biennio
611 2314 734 2361 ame
761 2306 986 2363 Seianus
1006 2322 1206 2374 poema
1241 2309 1435 2370 luisset,
1475 2308 1853 2375 munos-ianque

239 2385 296 2435 id
317 2384 664 2451 prodendum,
696 2379 901 2437 addidit
930 2379 1149 2441 Caesar:
1198 2381 1521 2454 iactavitque
1534 2422 1547 2446 ,
1582 2384 1720 2451 quod
1746 2392 1852 2434 non

242 2460 428 2529 laqueo
463 2458 820 2529 atranqulata,
849 2473 1014 2527 nequo
1051 2461 1111 2511 in
1134 2456 1411 2513 Gemonias
1432 2460 1673 2525 proiecta
1699 2459 1849 2523 foret.

241 2533 400 2589 Actae
429 2532 502 2589 ob
526 2530 586 2595 id
609 2538 806 2605 grates,
833 2530 1217 2605 decretumque
1232 2572 1245 2597 ,
1276 2540 1336 2585 ut
1364 2531 1855 2600 quintumdecimum

245 2610 368 2665 Kal.
400 2609 726 2673 Novembris,
757 2613 1030 2679 utriusque
1062 2614 1205 2666 necis
1231 2611 1331 2669 die,
1349 2622 1447 2673 per
1476 2607 1642 2673 omnis
1670 2620 1853 2667 annos,

244 2688 435 2753 donum
452 2685 571 2740 Iovi
593 2694 916 2740 sacraretur.

324 2763 438 2888 Τ26.
475 2756 643 2889 ,Haud
679 2758 850 2844 multo
887 2765 1007 2832 post
1046 2756 1228 2813 Coooei
1236 2772 1299 2811 us
1337 2755 1532 2881 Negva,
1572 2753 1859 2809 continuus

370 2853 539 2891 Aemus
609 2874 622 2888 ο
