2081 3038
218 225 269 265 A.
294 204 465 280 cao.)
633 213 790 262 ms.
828 213 869 259 1.
908 211 1092 258 cAP.
1133 211 1379 260 24—26.
1753 201 1818 256 47

328 319 413 376 ⁶24.
454 312 829 388 Flagrantibus
867 315 975 367 iam
1008 310 1239 368 militum
1274 312 1470 365 animis
1501 309 1646 365 velut
1683 309 1820 364 laces

218 391 489 452 addiderat
526 392 767 445 Maevius
800 388 1029 450 Pudens,
1073 404 1101 445 e
1131 388 1390 458 proximis
1421 386 1687 458 Tigellini.
1773 387 1821 439 ls

221 467 639 528 mobilissimum
680 481 954 537 quemque
991 465 1225 536 ingenio,
1257 472 1348 516 aut
1387 465 1640 532 pecuniae
1681 461 1822 516 indi·

218 559 373 616 gum,
397 549 447 597 et
466 542 522 596 in
545 559 709 596 novas
727 539 1042 610 cupiditates
1065 539 1402 608 praecipitem
1425 537 1736 596 adliciendo,
1760 554 1822 592 co
1857 581 1862 588 .

222 615 497 689 paullatim
520 633 835 690 progressus
855 621 951 678 est,
974 622 1029 669 ut
1052 631 1144 684 per
1165 615 1395 683 speciem
1420 613 1673 672 convivii,
1687 629 1824 682 quo-

221 693 357 748 tiens
380 691 546 748 Galba
567 691 711 763 apud
731 689 995 746 Othonem·
1012 688 1335 759 epularetur,
1349 687 1546 742 cohorti
1570 687 1823 740 excubias

220 769 396 841 agenti
421 767 619 822 viritim
641 775 887 822 centenos
908 781 1160 824 nummos
1180 763 1466 818 divideret:
1492 779 1653 834 cpiam
1683 762 1824 816 velut

224 841 493 914 publicam
516 841 845 916 largitionem
868 840 1006 896 Otho
1025 839 1399 894 secretioribus
1420 838 1559 910 apiul
1581 837 1824 907 singulos

158 928 172 938 ·
224 919 475 990 praemiis
496 917 825 984 intendebat;
866 915 995 971 adeo
1014 913 1290 974 animosus
1311 925 1604 985 corruptor.
1629 914 1826 967 utCoc-

221 996 333 1048 ceio
373 992 593 1049 Proculo
630 992 966 1064 speculatori,
1008 990 1077 1046 de
1105 1002 1250 1062 parte
1281 991 1468 1045 finium
1500 1008 1621 1044 cum
1650 991 1824 1046 vicino

221 1069 533 1143 ambigenti,
566 1069 881 1125 universum
914 1069 1076 1122 vicini
1106 1085 1317 1141 agrum,
1341 1085 1437 1121 sua
1469 1069 1690 1137 pecunia
1713 1083 1826 1118 em-

222 1153 395 1216 ptum,
437 1145 575 1200 dono
610 1145 840 1200 dederit:
892 1160 986 1215 per
1024 1143 1318 1200 socordiam
1357 1143 1628 1216 praefecti,
1661 1158 1824 1216 quem

220 1229 341 1279 ncta
364 1221 559 1292 pariter
578 1229 629 1276 et
646 1219 849 1276 occulta
871 1218 1137 1276 fallebant.

330 1299 415 1352 25.
457 1295 561 1352 Sed
598 1305 713 1350 tum
752 1312 783 1350 e
822 1295 1027 1350 libertis
1058 1293 1408 1350 Onomastum
1443 1292 1620 1348 futuro
1640 1291 1825 1349 sceleri

221 1370 488 1444 praefecit,
530 1389 559 1424 a
589 1388 698 1443 quo
727 1371 979 1424 Barbium
1012 1369 1316 1432 Proculum,
1345 1372 1681 1424 tesserarium
1705 1387 1828 1439 spe-

221 1446 539 1509 culatorum,
571 1455 634 1500 et·
651 1446 952 1508 Veturium,
984 1445 1248 1516 optionem
1281 1446 1566 1499 eorundem
1588 1486 1600 1507 ,
1634 1444 1828 1515 pei-‹lu-

221 1532 353 1587 ctosi,
384 1532 667 1596 postquam
701 1540 849 1578 vario
877 1538 1122 1576 sermone
1147 1519 1366 1576 callidos
1386 1521 1720 1593 audacesque
1741 1538 1828 1575 ro-

220 1599 425 1675 gnovit,
451 1597 618 1669 pretio
636 1606 687 1651 et
707 1596 987 1668 promissis
1006 1605 1206 1657 onerat,
1230 1596 1347 1651 data
1375 1598 1596 1667 pecunia
1620 1596 1683 1649 ad
1709 1615 1830 1667 per-

221 1672 498 1732 tentandos
519 1671 757 1743 plurium
780 1675 1007 1727 animos.
1089 1671 1380 1743 Suscepere
1399 1673 1506 1727 ‹luo
1521 1672 1830 1743 ‚manipula-

220 1767 309 1805 res
331 1748 619 1820 imperium
642 1747 822 1818 populi
848 1748 996 1803 Rom.
1028 1746 1483 1804 transferendum:
1527 1759 1576 1803 ct
1599 1760 1830 1803 transtu-

222 1825 419 1880 lerunt.
499 1824 557 1877 ln
580 1825 953 1879 conscientiam
987 1823 1233 1879 facinoris
1261 1842 1414 1896 pauci
1437 1824 1642 1879 adsciti.
1725 1824 1830 1878 Su-

221 1916 448 1971 spensus
477 1908 770 1953 ceterorum
798 1900 1004 1955 animos
1033 1900 1263 1954 diversis
1291 1900 1494 1953 artibus
1519 1898 1823 1955 stimulant:

218 1975 485 2049 primores
520 1974 776 2039 militum,
809 1992 902 2046 per
933 1975 1182 2031 beneficia
1215 1973 1530 2050 Nymphidii
1561 1987 1617 2029 ut
1638 1992 1830 2048 sus-pe-

220 2060 363 2107 ctost
400 2049 598 2124 vulgus
618 2060 670 2105 et
688 2050 993 2112 ceteros,ira
1016 2061 1067 2106 et
1084 2051 1448 2122 desperatione
1465 2050 1613 2105 dilati
1641 2053 1828 2123 totiens

220 2126 479 2183 donativi.
539 2126 716 2190 Erant,
740 2143 878 2198 quos
902 2129 1152 2181 memoria
1177 2128 1400 2183 Neronis
1421 2146 1482 2183 ac
1499 2126 1828 2183 desiderium

220 2202 418 2275 prioris
441 2200 680 2257 licentiae
704 2202 1026 2259 accenderet.
1091 2203 1150 2259 ln
1169 2220 1456 2260 commune
1474 2220 1661 2259 omnes
1684 2213 1828 2258 metu

220 2277 507 2335 mutandae
528 2277 749 2333 militiae
770 2278 1116 2333 terrebantur.

334 2356 418 2410 26.
464 2351 645 2409 Infecit
664 2370 723 2408 ea
744 2354 889 2409 tabes
908 2352 1178 2427 legionum
1200 2371 1420 2427 quoque
1439 2362 1489 2410 et
1503 2353 1828 2409 auxiliorum

226 2437 395 2485 motas
433 2429 539 2484 iam
581 2439 803 2492 mentes,
847 2438 1128 2501 postquam
1163 2430 1439 2504 vulgatum
1483 2440 1610 2489 erat.
1655 2429 1830 2485 labare

225 2505 527 2561 Germanici
550 2506 815 2559 exercitus
835 2506 1013 2560 iidem.
1082 2505 1334 2577 Adeoque
1355 2516 1528 2576 parata
1551 2506 1692 2576 apud
1717 2523 1832 2558 ma-

225 2580 307 2635 los
344 2580 553 2642 seditio,
595 2580 753 2635 etiam
792 2581 933 2651 apud
971 2590 1204 2655 integros
1233 2581 1592 2636 dissimulatio
1624 2581 1739 2643 suit.
1776 2590 1832 2636 ut

222 2664 435 2729 postero
464 2656 657 2711 Iduum
686 2655 773 2714 die
802 2656 1110 2712 redeuntem
1134 2675 1162 2712 a
1185 2675 1342 2713 coena
1367 2658 1626 2713 Othonem
1653 2668 1831 2730 raptu·

224 2730 275 2785 ri
302 2728 518 2860 ξιξιεήηι,
551 2732 658 2861 fligi
686 2736 884 2789 incerta
913 2734 1102 2801 noctis,
1132 2744 1184 2791 et
1203 2744 1302 2791 tota
1329 2734 1460 2865 uigie
1479 2751 1665 2809 sparsa·
1686 2734 1834 2791 mili·

346 2820 517 2863 acnus
604 2844 619 2861 .
