2081 3038
222 205 466 280 ματα.)
619 214 779 258 ΜΒ.
820 213 886 259 v.
929 214 1110 260 CAP.
1154 214 1395 259 23—25.
1722 208 1821 262 243

223 324 388 380 metu,
412 315 606 368 direxit
624 312 869 379 classem,
888 332 1113 370 numero
1131 315 1393 385 inparem,
1410 331 1510 368 usu
1530 315 1819 388 remigum,

219 393 635 464 gubernatorum
683 397 793 444 arte
809 431 821 455 ,
871 390 1091 444 navium
1138 389 1506 462 magnitudine
1545 392 1817 461 potiorem.

222 469 318 521 His
338 465 535 520 flumen
559 464 885 532 secundum3
927 463 1010 519 illi
1029 473 1187 519 vento
1205 464 1513 536 agebantur.
1562 466 1651 520 Sic
1668 483 1823 536 prae—

227 541 378 605 vecti,
403 548 594 595 tentato
617 539 814 594 levium
841 538 1063 594 telorum
1086 540 1245 604 iactu,
1270 538 1616 595 dirimuntur.
1673 541 1821 596 Civi-

227 619 311 681 tis,
337 615 470 670 nihil
493 615 626 669 ultra
651 632 836 679 auem,
861 622 1005 670 trans
1025 614 1273 669 Rhenum
1294 616 1571 668 concessit.
1646 615 1823 670 Ceria-

225 694 310 756 tis,
336 688 568 745 insulam
591 691 905 744 Batavorum
935 689 1195 745 hostiliter
1215 689 1518 760 populatuS‚
1548 707 1701 762 agros
1722 689 1845 762 vil-⁵

229 769 412 838 tasque
431 765 621 820 Civilis
642 765 880 828 intact03‚
905 774 1023 820 nota
1047 772 1157 818 arte
1176 764 1399 828 ducum,
1423 764 1654 819 sinebat:
1698 781 1821 818 cum

223 843 458 906 interim,
501 839 639 894 flexu
673 841 918 894 autumni
947 848 998 896 et
1031 839 1231 896 crebris
1258 857 1352 911 per
1382 841 1611 894 hiemem
1634 839 1825 894 imbri-

225 919 347 979 buS‚
363 915 680 987 superfusus
702 916 877 970 amnis
895 916 1185 986 palustrem
1202 914 1573 987 humilemque
1588 915 1821 971 insulam

224 995 279 1047 in
304 992 486 1049 faciem
518 993 690 1066 stagni
718 989 970 1062 opplevit.
1052 992 1164 1046 Nec
1179 991 1364 1048 classis
1386 1001 1474 1046 aut
1496 998 1823 1046 commeatus

223 1068 466 1123 aderant:
515 1076 792 1140 castraque
819 1067 876 1120 in
907 1067 1065 1138 plano
1093 1067 1219 1132 sita,
1261 1068 1312 1121 vi
1346 1065 1587 1122 fluminis
1613 1066 1824 1122 differe-

223 1145 433 1198 bantur.

331 1221 416 1274 24.
442 1219 678 1274 Potuisse
695 1226 824 1274 tunc
841 1219 1075 1290 opprimi
1094 1217 1346 1292 legioneS‚
1376 1227 1423 1272 et
1446 1219 1675 1274 voluisse
1690 1219 1821 1274 Ger·-

223 1313 430 1358 man08‚
462 1293 555 1349 sed
584 1293 703 1348 dolo
729 1311 754 1346 a
779 1310 836 1348 se
857 1293 1036 1357 ssexoe,
1061 1293 1553 1365 inputavitCiviliS.
1635 1296 1821 1366 Neque

224 1371 469 1425 abhorret
487 1385 632 1432 vero,
666 1367 881 1439 quando
907 1367 1093 1438 paucis
1116 1375 1237 1438 post
1254 1369 1443 1423 diebus
1464 1370 1659 1423 deditio
1679 1372 1823 1424 inse-

225 1453 341 1498 cuta
369 1451 464 1498 est.
544 1445 678 1496 Nam
710 1441 929 1496 Cerialis
969 1458 1065 1511 per
1100 1441 1331 1496 occultos
1372 1445 1585 1498 nuntios
1612 1443 1822 1497 Batavis

224 1536 429 1592 pacem,
465 1517 623 1575 Civili
644 1519 854 1572 veniam
875 1524 1163 1581 ostentans,
1194 1516 1443 1572 Veledam
1466 1517 1823 1590 propinquos-

223 1612 330 1667 que
352 1593 614 1657 monebat‚
637 1598 902 1663 [ortanam
923 1595 1059 1655 belli,
1082 1600 1155 1646 tot
1175 1596 1409 1647 cladibus
1428 1598 1715 1657 adversam,
1730 1612 1823 1662 op-

219 1680 446 1740 portuno
463 1688 587 1739 erga
605 1672 850 1737 poputum
870 1668 1154 1723 Romanum
1170 1673 1353 1733 merito
1372 1677 1589 1723 mutare.
1637 1668 1825 1724 Caesae

229 1748 490 1808 Treveros,
511 1752 740 1812 receptos
765 1744 812 1797 U
811 1746 934 1805 bio-5,
957 1752 1183 1812 ereptam
1204 1744 1421 1798 Batavis
1435 1749 1697 1811 patriamt
1730 1764 1824 1800 ne-

224 1840 322 1893 que
351 1824 499 1875 aliud
531 1819 712 1875 Civilis
739 1823 974 1874 amicitia
997 1828 1263 1887 paratum,
1296 1836 1451 1888 quam
1476 1822 1709 1883 vulnera,
1736 1826 1825 1889 fu·-

223 1914 344 1967 9a3‚
395 1900 581 1950 luctus,
659 1895 882 1949 Exulem
919 1912 1032 1947 eum
1070 1904 1119 1949 et
1162 1903 1423 1949 extorrem
1458 1898 1823 1963 recipientibus

223 1976 397 2026 oneri:
438 1980 485 2025 et
510 1973 644 2025 satis
665 1974 980 2038 peccavisse,
1010 1974 1147 2039 quod
1178 1974 1361 2025 totiens
1389 1970 1615 2024 Rhenum
1646 1978 1823 2023 tran-s·-

221 2051 532 2103 scenderiat.
611 2045 674 2101 Si
701 2049 826 2115 quid
851 2048 997 2099 ultra
1019 2048 1321 2111 moliantur,
1348 2049 1469 2101 inde
1494 2049 1747 2101 iniuriam
1776 2054 1823 2100 et

224 2126 446 2191 culpam,
469 2125 588 2175 hinc
609 2124 854 2175 altionem
874 2128 920 2173 et
939 2124 1059 2175 deos
1082 2125 1209 2190 sore.

331 2200 416 2255 25.
479 2196 836 2251 Miscebantur
874 2196 1038 2250 minis
1078 2196 1361 2267 promissa.
1438 2197 1525 2264 Et,
1565 2214 1822 2253 concussa

223 2272 749 2329 Transrhenanorum
775 2272 896 2336 fide,
920 2272 1057 2325 inter
1076 2273 1296 2329 Batavos
1312 2289 1531 2345 quoque
1550 2290 1822 2328 sermones

220 2349 350 2406 orti:
393 2366 496 2403 non
510 2352 898 2417 proroyandam
918 2350 1062 2401 ultra
1081 2352 1319 2404 ruinam.-
1357 2366 1451 2403 nec
1462 2366 1615 2418 posse
1631 2348 1698 2403 ab
1718 2366 1824 2402 una

221 2430 430 2479 ’tatione
459 2428 617 2478 totius
643 2427 782 2478 orbis
811 2426 1079 2477 servitium
1104 2426 1306 2492 depelli.
1390 2424 1529 2489 Quid
1540 2430 1825 2495 perfectam

223 2504 376 2554 caede
401 2508 449 2553 et
477 2502 731 2553 incendiis
760 2500 1028 2567 leq-ionum,
1052 2503 1157 2553 πίει·
1175 2508 1232 2553 ut
1246 2502 1427 2567 plures
1444 2503 1825 2569 validioresque

220 2572 558 2629 accit-entur?
596 2573 658 2628 Si
685 2574 998 2642 Vespasiano
1026 2576 1211 2628 bellum
1230 2579 1555 2639 na-vaverim,
1588 2576 1824 2645 Vespasi-

219 2667 380 2703 anum
408 2666 582 2703 rerum
606 2652 772 2718 potiri
779 2669 797 2718 ;
837 2653 920 2703 ein
942 2652 1193 2719 populum
1212 2650 1497 2705 Romanam
1516 2656 1681 2706 armis
1695 2668 1825 2721 pro-

218 2733 415 2790 vocent,
457 2733 666 2794 quotam
697 2734 901 2795 partem
935 2729 1139 2795 qeneris
1174 2728 1389 2780 humani
1412 2726 1639 2783 Batavos
1678 2726 1825 2782 esee?

1292 2801 1410 2868 Οἳ
