2081 3038
278 204 379 261 2¹0
706 209 845 255 LIB.
882 208 981 257 1v.
1020 209 1182 257 cAP.
1223 209 1448 258 00—62
1635 216 1688 257 A.
1711 218 1758 257 u.
1781 207 1878 257 ⁸25.

280 316 377 373 tes,
398 306 725 365 oombuere:
766 308 928 364 ceteri
943 315 1082 364 retro
1100 310 1160 364 in
1179 316 1347 365 castra
1363 306 1706 382 profligiunt;
1745 326 1880 381 que-

277 390 427 437 rente
442 399 574 439 sane
590 382 766 440 Civile
788 392 841 439 et
863 386 1168 457 increpante
1197 384 1512 449 GermanoS,
1537 392 1798 453 tamquam
1813 387 1878 453 fi-

277 463 391 513 dem
413 476 515 527 per
536 462 707 516 scelus
734 462 1114 530 abrumperent.
1189 458 1449 515 Simulata
1477 476 1538 513 ea
1567 458 1784 525 fuerint,
1811 474 1878 515 an

277 534 505 591 retinere
522 536 821 592 saevientes
840 535 1163 609 nequiverit,
1184 552 1380 608 parum
1399 534 1730 591 adfirmatur.
1790 535 1880 589 Di-

276 610 445 683 reptis
470 612 680 678 cestris,
710 610 851 667 faces
876 611 1155 667 iniiciunt:
1195 619 1544 684 cunctosque,
1565 610 1663 683 qui
1681 608 1880 683 proelio

276 685 670 760 superfuerant,
691 686 1001 745 incendium
1020 686 1219 742 hausit.

388 765 445 818 6⁴
461 803 475 818 .
516 761 728 829 Civilis,
750 762 976 820 barbaro
993 770 1133 827 voto,
1153 768 1273 833 post
1291 766 1472 833 coepta
1498 760 1757 817 adversus
1777 762 1881 817 Ro-

279 855 468 895 manos
497 855 663 904 arma,
732 856 993 912 ropexum
1020 836 1408 910 rutilatumque
1425 834 1651 903 crinem,
1678 844 1879 908 patrata

278 913 497 969 demum
518 912 677 969 caede
716 914 991 987 egionum,
1020 912 1286 986 deposuit.
1363 912 1432 967 Et
1450 910 1734 979 ferebatur,
1757 929 1883 984 par-

276 987 405 1045 vulo
425 987 536 1043 filio
552 988 817 1061 quosdam
836 991 1188 1061 captivorum,
1201 988 1411 1062 sagittis
1429 986 1731 1061 iaculisque
1743 1004 1882 1061 pue-

276 1063 471 1119 rilibus
499 1062 759 1137 figendos,
790 1062 1070 1120 obtulisse.
1149 1064 1396 1120 Ceterum
1424 1080 1600 1135 neque
1625 1080 1686 1119 se
1705 1080 1885 1135 neque

276 1154 607 1209 quemquam
628 1138 888 1195 Batavum
913 1140 971 1195 in
988 1138 1152 1195 verba
1173 1138 1470 1197 Galliarum
1499 1138 1704 1211 adegit:
1745 1138 1886 1197 finus

273 1213 669 1269 Germanorum
695 1214 921 1285 opibus:
962 1223 1034 1281 et,
1063 1216 1112 1270 si
1135 1214 1446 1271 certandum
1471 1213 1734 1269 adversus
1753 1213 1890 1271 Gal-

275 1285 355 1343 los
376 1288 443 1343 de
462 1291 799 1359 possessione
816 1308 999 1347 rerum
1020 1288 1168 1358 foret,
1197 1289 1433 1365 inclytus
1458 1288 1598 1345 fama
1617 1297 1670 1345 et
1685 1290 1883 1363 potior.

276 1363 577 1421 Mummius
604 1366 901 1439 Lupercus,
932 1366 1140 1441 legatus
1163 1366 1407 1440 legionis,
1437 1366 1574 1421 inter
1589 1364 1728 1422 dona
1745 1367 1889 1421 mis—

276 1456 373 1495 sus
394 1440 637 1497 Veledae.
716 1442 795 1498 Ea
814 1444 968 1517 virgo
986 1443 1218 1503 nationis
1236 1442 1515 1497 Bructerae
1537 1438 1641 1495 late
1660 1441 1890 1514 imperi·-

276 1515 447 1572 tabat:
490 1527 666 1574 vetere
692 1518 840 1591 apud
856 1518 1152 1584 Germanos
1180 1535 1346 1584 more,
1374 1535 1484 1590 quo
1500 1515 1787 1590 plerasque
1805 1516 1890 1574 fe-

276 1594 549 1648 minarum
582 1592 841 1660 fatidicas,
874 1603 945 1660 et,
976 1601 1294 1668 augescente
1319 1593 1714 1664 superstitione,
1737 1593 1891 1650 arbi-

276 1675 482 1722 trantur
519 1668 667 1724 deas.
748 1670 1007 1742 Tuncque
1038 1669 1266 1726 Veledae
1303 1667 1582 1724 auctoritas
1619 1666 1885 1726 adolevit:

277 1759 403 1796 nam
418 1761 701 1812 prosperas
712 1745 989 1808 Ger-manis
1003 1763 1090 1800 res
1107 1755 1158 1800 et
1175 1749 1440 1800 eoecidium
1459 1747 1716 1813 legionum
1727 1761 1891 1816 prae-

276 1817 501 1874 dixerat.
578 1818 685 1875 Sed
711 1821 988 1891 Lupercus
1014 1821 1074 1875 in
1104 1819 1294 1876 itinere
1311 1817 1637 1874 interfectus.
1718 1819 1891 1876 Pauo}

276 1897 649 1950 centurionum
688 1895 1158 1969 tribunorumque,
1199 1896 1257 1952 in
1285 1894 1458 1950 Gallia
1481 1894 1671 1968 geniti,
1709 1911 1892 1951 reser-

278 1981 490 2034 vantur,
520 1973 721 2043 pignus
744 1971 1030 2026 societatis.
1111 1969 1440 2036 Cohortium,
1463 1969 1691 2036 alarum,
1713 1968 1890 2044 legio-

278 2062 409 2098 num
431 2045 651 2100 hiberna
678 2045 937 2100 subversa
954 2054 1320 2118 cremataque:
1342 2045 1413 2101 iis
1431 2052 1640 2102 tantum
1657 2042 1885 2113 relictis,

278 2137 417 2192 quae
435 2120 751 2193 Magontiaci
770 2137 833 2176 ac
855 2121 1212 2178 Vindonissae
1229 2121 1331 2176 sita
1350 2129 1496 2176 sunt.

388 2198 471 2250 62.
515 2196 677 2270 Legio
696 2197 1052 2253 sextadecima
1072 2215 1198 2254 cum
1216 2195 1436 2252 auxiliis
1454 2194 1618 2252 simul
1635 2194 1836 2254 deditis
1853 2213 1890 2252 a

277 2270 506 2326 Novesio
544 2274 601 2326 in
638 2271 898 2330 coloniam
920 2273 1272 2330 Treverorum
1309 2271 1606 2345 transgredi
1642 2270 1884 2338 iubeant,

277 2345 549 2413 praefinita
568 2345 675 2411 die,
709 2348 847 2402 intra
876 2366 1044 2420 quam
1065 2348 1253 2403 castris
1271 2347 1562 2402 excederet.
1639 2346 1886 2403 Medium

274 2435 453 2471 omne·
472 2429 683 2491 tempus
723 2439 817 2492 per
846 2425 1021 2480 varias
1061 2440 1218 2478 curas
1257 2439 1438 2496 egere:
1491 2422 1885 2494 ignavissimus

275 2494 531 2562 quisque,
572 2512 847 2550 caesorum
890 2498 1033 2568 apud
1063 2498 1248 2553 Vetera
1287 2495 1552 2567 exemplo,
1592 2505 1882 2567 paventes3

276 2565 463 2619 melior
481 2584 607 2637 pars
625 2571 817 2625 rubore
836 2580 887 2626 et
905 2571 1146 2627 infamia.
1231 2571 1397 2638 Quale
1425 2574 1560 2626 illud
1583 2569 1724 2625 iter?
1763 2575 1887 2640 quis

272 2641 387 2691 dux
404 2646 521 2694 viae
533 2640 563 2694 P
600 2654 648 2700 et
670 2651 844 2701 omnia
861 2650 919 2701 in
936 2651 1163 2702 arbitrio
1181 2663 1375 2708 eorum,
1405 2662 1536 2714 quos
1552 2649 1692 2700 vitae
1709 2650 1889 2701 neeis-

274 2724 372 2774 que
396 2716 629 2772 dominos
653 2723 911 2786 fecissent.
989 2719 1119 2788 Alii,
1149 2717 1301 2776 nulla
1326 2717 1600 2778 dedecoris
1616 2736 1766 2787 cura,
1787 2736 1888 2792 pe-
