2081 3038
254 232 351 287 {3⁰
734 232 1390 285 HISTORIARUM
1573 227 1853 302 (mu-828.

250 338 513 413 quaedam
543 338 725 413 signa:
766 339 941 411 ipsam
971 338 1210 411 aquilam
1234 337 1429 393 Atilius
1448 338 1640 403 Verus,
1662 339 1860 409 primi-

252 414 349 486 pili
378 416 638 479 centurio,
678 413 847 469 multa
872 431 997 468 cum
1027 414 1262 469 hostium
1289 422 1484 487 strage,
1521 412 1657 468 etad
1680 420 1855 477 extre-

250 506 403 543 mum
425 489 678 553 moriens,
702 497 1019 544 servaverat.

358 566 447 618 23.
506 562 772 619 Sustinuit
819 562 1082 617 labantem
1129 563 1297 617 aciem
1335 561 1602 617 Antonius
1617 602 1630 627 ‚
1670 563 1854 617 accitis

248 638 615 711 praetorianis.
695 637 821 705 Qui,
854 636 949 693 ubi
975 654 1228 709 excepere
1245 654 1319 708 pu
1361 654 1504 702 nam,
1527 635 1736 707 pellunt
1754 636 1856 693 ho-

249 721 407 777 stem,
437 713 563 769 dein
582 712 875 785 pelluntur.
954 714 1202 785 Namque
1221 712 1338 767 Vite
1362 712 1491 767 lieni
1513 719 1772 767 tormenta
1792 713 1854 768 in

250 806 498 863 aggerem
526 789 646 843 viae
672 786 1027 852 contulerant,
1069 795 1128 841 ut
1156 786 1258 842 tela
1286 804 1454 843 vacuo
1482 794 1643 861 atque
1669 794 1853 859 aperto

251 872 641 928 excuterentur,
664 863 903 934 dispersa
932 863 1109 934 primo
1129 872 1180 916 et
1197 862 1450 927 arbustis,
1473 862 1593 915 sine
1612 860 1851 917 hostium

248 955 407 1003 noxa,
431 939 609 993 inlisa.
689 938 1057 1010 Magnitudine
1081 938 1279 993 eximia
1299 935 1755 1008 quintaedecimae
1776 935 1858 991 le·

249 1014 426 1087 gionis
449 1013 635 1067 balista
679 1012 988 1084 ingentibus
1008 1013 1154 1066 saxis
1173 1012 1419 1067 hostilem
1440 1012 1607 1066 aciem
1627 1028 1856 1083 prorue-

250 1089 357 1144 bat.
438 1088 671 1157 Lateque
692 1085 897 1141 cladem
928 1085 1217 1151 intulisset,
1251 1086 1310 1143 ni
1327 1086 1436 1141 duo
1453 1084 1672 1151 milites,
1694 1102 1852 1158 prae-

247 1163 454 1217 clarum
485 1160 689 1215 facinus
718 1162 856 1224 ausi,
888 1162 1121 1232 adreptis
1149 1178 1178 1215 e
1203 1169 1377 1234 strage
1403 1162 1572 1216 scutis
1595 1161 1847 1235 ignorati,

247 1236 423 1292 vincla
454 1253 515 1289 ac
545 1235 857 1291 libramenta
882 1244 1263 1292 tormentorum
1284 1236 1652 1293 abscidissem.
1679 1238 1686 1247 ⁴
1733 1236 1854 1292 Sta-

250 1313 346 1365 tim
378 1310 607 1365 conFossi
636 1319 783 1377 sunt,
812 1328 983 1385 eoque
1006 1311 1319 1367 intercidere
1344 1313 1587 1368 nomina:
1627 1310 1696 1367 de
1715 1310 1853 1369 facto

250 1386 397 1440 haud
422 1386 733 1459 ambigitur.
814 1387 1011 1443 Neutro
1038 1386 1386 1442 inclinaverat
1416 1385 1641 1452 fortuna,
1683 1386 1853 1443 donec

249 1460 427 1516 adulta
458 1470 607 1517 nocte
636 1460 763 1516 luna
790 1479 1017 1536 surgens
1045 1462 1340 1517 ostenderet
1357 1462 1497 1516 acies
1516 1460 1847 1536 fellei-etque.

248 1537 353 1592 Sed
381 1537 653 1592 Flavianis
684 1539 903 1610 aequior
927 1557 955 1592 a
976 1545 1150 1612 tergo:
1194 1537 1321 1592 hinc
1340 1538 1566 1593 maiores
1581 1553 1849 1610 equorum

249 1614 600 1684 virorumque
626 1613 870 1678 umbrae,
912 1620 965 1667 et
990 1611 1140 1676 falso,
1185 1613 1318 1666 utin
1339 1627 1576 1683 corpora,
1615 1613 1726 1667 ictu
1747 1611 1852 1668 tela

249 1687 485 1742 hostium
506 1688 634 1742 citra
655 1688 937 1743 cadebant:
966 1686 1235 1742 Vitelliani
1257 1687 1479 1742 adverso
1499 1686 1705 1742 lumine
1723 1705 1852 1743 con-

249 1761 506 1827 lucentes,
537 1761 686 1818 velut
712 1779 781 1818 ex
806 1761 1010 1819 occulto
1038 1761 1417 1828 iaculantibus,
1445 1761 1647 1817 incauti
1665 1762 1853 1818 offere-

247 1837 461 1892 bantur.

358 1914 445 1968 24.
487 1912 657 1986 Igitur
674 1911 958 1976 Antonius,
978 1911 1073 1966 ubi
1097 1906 1312 1966 noscere
1331 1927 1459 1966 suos
1479 1912 1740 1984 noscique
1755 1929 1853 1984 po-

251 1995 399 2051 terat,
431 1986 565 2041 alios
588 1987 792 2059 pudore
818 1995 869 2042 et
893 1986 1124 2058 probris,
1153 1986 1352 2042 multos
1371 1985 1527 2041 laude
1545 1994 1598 2041 et
1615 1985 1846 2053 hortatu,

248 2079 435 2118 omnes
464 2079 561 2134 spe
588 2063 980 2134 promissisque
1009 2062 1322 2128 accendens,
1363 2077 1462 2116 cur
1479 2077 1694 2118 rursum
1709 2079 1854 2117 sunr-

245 2143 469 2206 psissent
486 2136 679 2192 arma?
706 2137 1033 2193 Pannonicas
1056 2136 1290 2212 legiones
1309 2137 1692 2210 interrogabat:
1731 2140 1854 2193 illos

248 2230 355 2267 esso
373 2229 595 2280 campos,
617 2217 675 2266 in
694 2215 881 2281 quibua
896 2216 1102 2268 abolere
1122 2216 1286 2267 labem
1299 2216 1502 2282 prioris
1519 2215 1850 2280 iqnomim'ao,

247 2291 338 2341 ubi
354 2294 650 2356 reciperare
667 2290 891 2356 olor-iam
904 2288 1277 2356 possent.'1'um
1287 2287 1354 2342 ad
1363 2287 1619 2349 Moesicos
1629 2303 1854 2342 conver-

248 2377 364 2421 sus.
384 2366 649 2429 principes
666 2371 1005 2430 auctoresque
1024 2365 1146 2417 beni
1161 2363 1361 2418 ciebat:
1399 2368 1606 2433 frustra
1631 2365 1787 2417 minis
1803 2369 1854 2416 ot

246 2439 418 2490 verbis
434 2445 741 2503 provocatos
767 2439 1082 2500 Vitellianos,
1113 2443 1162 2492 si
1178 2455 1364 2492 manus
1382 2454 1560 2492 eorum
1577 2439 1854 2506 oculosque

247 2523 351 2564 uon
374 2514 603 2566 tolerent.
631 2511 787 2577 Haec,
802 2521 1118 2584 utquosque
1136 2520 1452 2567 accesserat:
1483 2511 1636 2582 plura
1660 2511 1728 2564 ad
1747 2519 1856 2564 ter-

246 2583 439 2646 tianos,
452 2595 691 2640 veterum
713 2589 1115 2658 recentiumque
1129 2588 1425 2642 admonens
1439 2606 1453 2641 ι
1474 2594 1535 2641 ut
1549 2589 1646 2640 sub
1655 2585 1852 2640 MAa-

251 2663 391 2709 tom'o
412 2659 645 2720 Parthos,
666 2665 761 2714 sub
784 2661 1072 2716 Corbulone
1081 2663 1366 2725 Armenios,
1389 2677 1556 2728 nuper
1575 2661 1854 2716 Sarmatas

247 2733 573 2795 pepulissent.
598 2735 720 2789 Mox
738 2733 1003 2790 infensius
1021 2737 1398 2807 praetorianis:
1432 2735 1854 2806 Vos,inquit,ni-
