2081 3038
188 245 311 286 nc.
340 233 431 301 ω.)
607 235 763 282 LIB.
808 237 849 302 i.
891 237 1066 284 cAr.
1109 240 1347 282 10—12.
1749 233 1782 284 9

192 339 437 409 spasiano
460 335 751 408 liberisque
769 338 887 393 eius
916 338 1226 410 imperium,
1247 349 1367 410 post
1386 337 1649 394 fortunam
1669 356 1784 394 cre-

190 412 446 468 didimus,

302 491 385 542 Η.
428 487 730 560 Aegyptum
750 487 1055 558 copiasque,
1087 488 1288 560 quibus
1307 498 1648 553 coerceretur,
1673 490 1780 543 iam

192 563 315 618 inde
336 579 364 616 a
384 561 438 616 d.
464 562 704 634 Augusto
724 565 929 634 equites
951 563 1172 618 Romani
1189 563 1426 618 obtinent
1445 563 1554 618 loco
1571 581 1777 636 regum.

192 640 265 693 Ita
286 639 462 698 visum
496 637 763 708 expedire,
784 639 1112 709 provinciam
1139 639 1282 694 aditu
1304 638 1596 702 difficilem,
1620 656 1785 693 anno-

194 731 291 770 nae
320 713 619 777 fecundam,
654 714 1027 783 superstitione
1057 731 1118 768 ac
1145 712 1362 768 lascivia
1399 713 1693 782 discordem
1724 730 1786 766 ac

193 788 465 852 mobilem,
494 789 715 842 insciam
744 786 944 861 legum,
978 789 1216 862 ignaram
1243 790 1669 862 magistratuum,
1691 788 1783 842 do-

192 866 269 919 mi
288 865 528 918 retinere.
608 863 838 936 Regebat
863 873 978 918 tum
1009 865 1254 920 Tiberius
1279 864 1596 928 Alexander,
1640 865 1782 918 eius-

192 940 313 994 dem
337 939 581 993 nationis.
661 936 836 993 Africa
856 956 917 994 ac
938 939 1204 1014 legiones
1189 959 1246 995 in
1267 957 1345 1006 ea,
1375 939 1642 996 interfecto
1664 938 1786 994 Clo-

191 1015 279 1070 dio
301 1015 491 1079 Macro,
516 1021 753 1069 contenta
774 1013 1138 1087 qualicunque
1159 1017 1416 1087 principe,
1439 1024 1558 1088 post
1575 1015 1784 1086 experi-

194 1099 434 1146 mentum
454 1058 656 1144 domini
678 1090 919 1146 minoris.
998 1092 1144 1146 Duae
1162 1091 1528 1154 Mauritaniae,
1545 1091 1778 1155 Rhaetia,
1827 1139 1837 1154 ,

192 1167 465 1231 Noricum,
497 1165 738 1230 Thracia,
779 1173 831 1220 et
854 1183 994 1238 quae
1021 1167 1157 1222 aliae
1180 1167 1610 1239 procuratoribus
1637 1165 1784 1221 cohi-

191 1242 402 1306 bentur,
432 1250 491 1296 ut
517 1240 713 1312 cuique
743 1243 997 1296 exercitui
1018 1244 1241 1306 vicinae,
1271 1244 1340 1304 ita
1361 1244 1417 1298 in
1442 1242 1671 1298 favorem
1691 1249 1784 1296 aut

190 1317 375 1373 odium
394 1325 635 1372 contactu
653 1314 1003 1372 valentiorum
1027 1319 1336 1390 agebantur.
1407 1319 1640 1372 inermes
1662 1335 1783 1387 pro-

193 1393 416 1457 vinciae,
439 1401 596 1463 atque
616 1392 731 1462 ipsa
749 1393 806 1445 in
826 1393 1018 1462 primis
1040 1392 1201 1456 Italia,
1225 1394 1546 1463 cuicumque
1565 1392 1782 1446 servitio

192 1469 449 1541 exposita,
495 1469 552 1523 in
591 1467 823 1537 pretium
862 1465 991 1522 belli
1034 1483 1280 1521 cessurae
1317 1476 1482 1521 erant.
1562 1467 1658 1521 Hic
1684 1465 1784 1521 fuit

192 1562 371 1601 rerum
392 1543 749 1599 Romanarum
769 1549 957 1605 status,
989 1559 1114 1596 cum
1133 1542 1246 1597 Ser.
1271 1542 1436 1597 Galba
1457 1542 1668 1606 iterum,
1695 1542 1786 1595 Ti-

192 1629 279 1675 tus
290 1618 503 1681 Vinius,
525 1615 789 1681 consules,
812 1617 1126 1673 inchoavere
1145 1634 1368 1683 annum,
1379 1618 1486 1672 sibi
1506 1616 1778 1682 ultimum,

191 1696 325 1767 reip.
350 1709 513 1765 prope
529 1708 863 1762 sup1·.emum

306 1772 387 1823 ⁴2.
429 1767 619 1821 Paucis
636 1777 753 1837 post
772 1765 888 1821 Kal.
914 1769 1182 1823 Ianuarias
1201 1768 1390 1825 diebus
1412 1744 1780 1840 PompeiiPro-

194 1844 408 1933 pinqui,
431 1839 799 1914 procuratoris,
822 1859 851 1897 e
869 1842 1075 1917 Belgica
1099 1843 1296 1900 litterae
1313 1843 1649 1899 adseruntur:
1693 1862 1784 1898 su-

189 1923 416 1991 perioris
448 1917 756 1972 Germaniae
776 1918 1009 1986 legiones,
1036 1930 1196 1987 rupta
1213 1925 1527 1975 sacramenti
1545 1936 1784 1973 reveren-

195 2000 288 2057 tia,
329 1999 685 2061 imperatorem
720 1996 885 2047 alium
926 1997 1190 2063 namara,
1235 2004 1282 2049 et
1319 1998 1523 2049 senatui
1559 2012 1623 2047 ac
1659 2012 1780 2061 pop.

197 2072 334 2124 Rom.
358 2072 637 2123 arbitrium
654 2070 873 2137 eliqendi
888 2074 1203 2137 permittere,
1197 2091 1209 2101 ·
1235 2086 1342 2141 quo
1361 2069 1550 2123 seditio
1568 2068 1784 2122 mollius

193 2146 536 2215 acciperetur.
614 2142 897 2197 Maturavit
925 2160 983 2197 ea
1013 2160 1098 2199 res
1125 2144 1410 2200 consilium
1435 2143 1652 2206 Galbae,
1677 2144 1780 2195 iam

192 2221 399 2293 pridem
424 2219 489 2273 de
517 2217 793 2290 adoptione
810 2236 993 2273 secum
1020 2227 1212 2273 etcum
1236 2221 1496 2291 proximis
1515 2218 1779 2290 agitantis.

192 2297 308 2351 Non
339 2312 467 2349 sane
492 2294 724 2349 crebrior
753 2302 855 2347 tota
883 2294 1094 2349 civitate
1117 2311 1294 2355 sermo
1318 2312 1413 2366 per
1432 2258 1580 2349 illeso
1573 2310 1782 2348 menses

194 2370 391 2426 fuerat:
422 2371 661 2442 primum
684 2368 888 2425 licentia
910 2387 971 2423 ac
992 2368 1212 2425 libidine
1233 2369 1352 2423 talia
1375 2368 1647 2439 loquendi,
1661 2368 1780 2421 dein

195 2446 333 2501 fessa
372 2447 477 2501 iam
517 2452 679 2499 aetate
720 2443 936 2499 Galbae.
1016 2444 1205 2499 Paucis
1242 2445 1504 2507 iudicium
1530 2451 1622 2496 aut
1647 2442 1780 2511 reip.

193 2540 368 2577 amor:
411 2519 569 2577 multi
588 2518 790 2575 occulta
810 2536 924 2591 spe,
948 2528 1106 2591 prout
1125 2520 1250 2591 quis
1272 2518 1476 2574 amicus
1493 2516 1572 2571 vel
1597 2516 1780 2582 clienS,

194 2598 340 2653 hunc
364 2595 447 2650 vel
475 2594 633 2650 illum
664 2594 961 2650 ambitiosis
987 2594 1296 2649 rumoribus
1323 2592 1674 2656 destinabant,
1709 2592 1787 2646 et-

194 2672 302 2727 iam
328 2673 384 2725 in
414 2671 475 2724 T.
502 2671 646 2725 Vinii
669 2669 874 2736 odium,
915 2671 1012 2742 qui
1052 2672 1108 2723 in
1138 2668 1254 2725 dies
1279 2676 1478 2741 quanto
1504 2668 1781 2740 potentior,

194 2746 378 2803 eodem
411 2754 529 2803 actu
558 2745 782 2803 invisior
809 2753 936 2803 erat.
1016 2744 1228 2818 Quippe
1247 2744 1473 2811 hiantes,
1511 2745 1570 2807 in
1591 2760 1784 2818 magna
