2081 3038
233 220 286 256 A.
311 217 360 255 c.
384 198 480 272 τι.)
646 205 808 268 ΜΒ.
846 205 943 251 1v.
983 205 1181 252 cur.¹
1206 168 1451 253 81-s3.
1736 196 1837 254 225

235 310 459 364 caecitas
496 323 558 361 ao
589 305 835 361 debilitas
872 322 972 377 ope
1009 305 1247 361 humana
1284 303 1613 377 superabiles
1646 301 1835 362 forent.

235 382 428 438 Medmi
449 381 594 436 varie
612 380 898 436 disserere:
941 385 1062 436 huie
1081 399 1186 435 nou
1202 398 1411 435 emesam
1439 386 1542 434 vim
1559 383 1771 435 luminis
1790 390 1841 437 et

237 463 552 520 redituram5
575 461 624 511 si
637 459 957 525 pellerentur
986 459 1273 510 obstantia:
1311 459 1396 509 illi
1415 458 1614 522 elapsos
1634 460 1690 509 in
1706 473 1841 523 pra-

236 551 356 588 vum
391 540 558 595 artus,
599 535 650 586 si
674 533 904 585 salubris
929 535 1009 586 vis
1035 533 1363 593 adhibeatur,
1400 547 1549 597 posse
1566 534 1839 599 integrari.

237 610 300 662 Id
332 614 554 678 sortasse
597 610 745 661 cordi
777 611 904 669 deis,
944 615 994 660 et
1029 610 1207 660 divino
1232 609 1521 658 ministerio
1551 610 1843 673 principem

237 687 466 737 electum.
530 682 762 750 Denique
774 685 981 750 patrati
997 684 1214 735 remedii
1228 683 1453 748 qloriam
1466 697 1623 748 penes
1650 679 1843 736 caesa-

236 775 362 821 rem,
405 761 556 812 inriti
587 759 868 810 ludibrium
892 773 1048 823 penes
1074 761 1304 818 miseros,
1344 759 1472 825 sore.
1551 755 1719 827 Igitur
1738 755 1845 810 Ve-

237 833 543 904 spasianUS,
563 839 751 886 cuncta
775 830 1013 886 fortunae
1030 848 1161 884 suae
1179 839 1325 902 pater
1327 847 1357 884 e
1377 836 1542 892 ratuS,
1564 847 1662 884 neo
1680 829 1845 902 quid-

239 924 403 980 quam
435 905 573 961 ultra
603 904 933 970 incredibile,
977 906 1153 960 laeto'
1138 922 1255 978 ipse
1276 904 1447 969 vultu,
1478 913 1667 969 erecta,
1700 921 1842 978 quae

238 982 494 1047 adstabat,
517 981 882 1047 multitudine,
905 980 1053 1036 iussa
1076 981 1407 1053 exsequitur.
1488 977 1675 1035 Statim
1715 997 1845 1036 oon-

238 1075 390 1114 versa
419 1057 487 1112 ad
515 1075 678 1112 usum
699 1075 913 1122 manus,
941 1075 1003 1112 ac
1021 1073 1175 1112 caeco
1194 1056 1392 1112 reluxit
1409 1055 1544 1112 dies.
1622 1055 1845 1110 Utrum-

237 1151 364 1207 que,
377 1134 474 1207 qui
495 1133 801 1199 interfuere,
825 1149 970 1189 nune
987 1149 1208 1206 quoque
1225 1139 1541 1198 memorant,
1552 1139 1841 1206 postquam

238 1208 452 1264 nullum
477 1207 749 1264 mendacio
773 1209 1026 1280 pretium.

349 1287 433 1341 82.
477 1282 643 1338 Altior
673 1283 796 1338 inde
813 1283 1140 1354 Vespasiano
1166 1283 1362 1354 cupido
1385 1283 1617 1339 adeundi
1635 1301 1843 1339 sacrem

238 1359 441 1423 sedem,
463 1367 524 1412 ut
543 1375 706 1428 super
724 1358 921 1412 rebus
907 1359 1121 1444 imperii
1141 1356 1454 1412 consuleret.
1506 1359 1687 1413 Arceri
1708 1367 1845 1414 tem-

238 1434 330 1506 plo
347 1441 565 1488 cunctos
586 1432 760 1499 iubet3
803 1441 962 1503 atque
987 1433 1266 1504 ingressus
1292 1432 1637 1505 intentusque
1662 1434 1845 1488 numi-

217 1510 317 1581 ·ni,
361 1508 591 1579 respexit
633 1524 768 1577 pone
805 1515 1016 1580 tergum
1045 1524 1074 1560 e
1102 1505 1428 1576 primoribus
1457 1507 1645 1581 Aegyp
1646 1508 1844 1564 tiorum

241 1585 458 1640 nomine
495 1581 792 1650 Basiliden3
834 1598 1000 1654 quem
1028 1580 1213 1653 procul
1242 1580 1559 1637 Alexandria
1600 1582 1842 1655 plurium

239 1660 450 1715 dierum
481 1659 669 1713 itinere
697 1668 748 1712 et
779 1674 936 1731 aegro
961 1673 1179 1729 corpore
1203 1656 1425 1711 detineri
1458 1658 1645 1713 haud
1632 1676 1846 1733 ignora-

240 1737 347 1791 bat.
427 1735 804 1788 Percunctatur
831 1732 1153 1797 sacerdotes,
1186 1750 1319 1787 num
1348 1730 1441 1787 illo
1470 1733 1557 1787 die
1582 1734 1843 1790 Basilides

239 1810 500 1882 templum
530 1808 755 1862 inisset?
791 1816 1165 1879 percunctatur
1192 1808 1400 1872 obvios,
1444 1826 1575 1863 num
1614 1811 1673 1865 in
1713 1810 1845 1864 urbe

241 1888 393 1939 visus
435 1882 540 1939 sit‘?
597 1884 856 1956 Denique,
897 1884 1083 1939 missis
1122 1883 1419 1955 equitibus,
1458 1882 1713 1953 explorat,
1750 1883 1845 1939 illo

240 1960 494 2033 temporis
515 1967 786 2015 momento
799 1960 1063 2032 ocwginta
1092 1957 1336 2014 millibus
1356 1974 1619 2029 passuum
1640 1956 1847 2013 abfuis-

239 2055 317 2092 se.
386 2037 539 2090 Tunc
555 2034 797 2089 divinam
817 2035 1052 2105 speciem
1076 2042 1128 2089 et
1146 2035 1259 2089 vim
1280 2033 1522 2105 responsi
1542 2050 1608 2088 ex
1631 2034 1847 2089 nomine

238 2111 488 2167 Basilidis
507 2111 879 2181 interpretatus
897 2117 996 2164 est.

351 2190 435 2242 83.
465 2184 627 2259 Origo
646 2185 731 2240 dei
752 2184 990 2241 nondum
1012 2184 1211 2241 nostris
1228 2184 1535 2241 auctoribus
1554 2183 1844 2239 celebrata·
1832 2222 1845 2250 ,

242 2262 627 2337 Aegyptiorum
659 2261 919 2317 antistites
944 2260 1024 2315 sic
1044 2268 1366 2315 memorant:
1409 2260 1693 2315 Ptolemaeo
1714 2264 1845 2329 reqi,

241 2345 333 2409 qui
352 2339 694 2395 Macedonum
717 2341 924 2405 primus
941 2336 1161 2405 Aegypti
1187 2353 1305 2403 opes
1320 2338 1568 2405 firmcwit,
1592 2352 1707 2389 cum
1726 2336 1848 2389 Ale-

242 2418 506 2468 mandria-e
523 2428 702 2466 recens
721 2416 956 2467 conditae
979 2415 1182 2465 moenia
1203 2413 1490 2479 templaque
1508 2418 1559 2464 et
1574 2412 1854 2501 reliqiones

244 2493 472 2550 adderet,
511 2490 745 2541 oblatum
772 2505 869 2555 per
895 2491 1116 2556 quietem
1143 2491 1327 2541 decore
1352 2489 1547 2540 eximio
1574 2494 1623 2539 et
1650 2489 1848 2539 maiore

242 2580 400 2633 quam
429 2566 658 2616 humana
683 2567 849 2630 specie
877 2566 1125 2626 iuvenem,
1156 2566 1249 2631 qui
1274 2568 1520 2626 nwnoret,
1549 2568 1625 2625 ut,
1652 2563 1852 2631 fidissi—

243 2643 341 2693 mis
367 2642 656 2693 amicorum
684 2642 741 2692 in
759 2638 975 2692 Pontum
1000 2640 1189 2702 missis,
1220 2639 1436 2707 effigiem
1452 2653 1603 2691 suam
1621 2640 1847 2691 acciret:

246 2716 436 2767 laetum
456 2716 512 2766 id
529 2730 702 2783 reque,
715 2730 1057 2784 manumque
1072 2722 1120 2767 et
1134 2714 1381 2781 inclytam
1394 2715 1561 2769 sedem
1572 2717 1701 2785 sore,
1714 2728 1847 2782 quae

321 2788 532 2843 TAcirus
570 2788 637 2841 11.
