2081 3038
307 265 407 321 ⁴06
874 265 1342 320 ANNALmn
1631 257 1916 338 (suam.

304 373 451 430 fuere
465 416 479 442 ,
511 372 717 429 adt-ecta
733 373 882 431 omni
902 375 1114 430 civitate
1129 416 1142 440 ,
1175 379 1373 444 quanta
1399 375 1527 444 fides
1552 377 1739 430 amicis
1771 371 1921 428 Ger-

303 453 526 517 manici,
556 465 690 519 quae
716 453 915 520 fiducia
941 468 1060 507 reo:
1106 449 1261 504 satin'
1289 449 1542 503 cohiberet
1565 465 1631 503 ac
1651 457 1923 517 premeret

303 541 483 579 sensus
500 541 622 580 suos
644 525 897 580 Tiberius.
968 521 1050 579 'lis
1071 522 1215 579 haud
1233 520 1366 578 alias
1380 523 1631 579 intentior
1649 521 1916 595 populu3‚

302 597 431 729 rius
450 599 555 654 sihi
575 599 633 655 in
652 600 952 674 principem
970 597 1206 656 occultae
1226 598 1370 654 vocis
1391 606 1483 653 aut
1509 599 1806 672 suspicacis
1837 600 1923 654 si-

324 674 453 730 entii
466 675 738 751 permisit.
1718 683 1724 688 ’

419 749 501 808 12.
543 749 643 806 nie
668 758 885 808 senatus
906 749 1100 806 Caesar
1126 750 1414 805 orationem
1443 745 1632 804 habuit
1658 746 1922 804 meditato

303 833 746 899 temperamento:
788 825 966 882 Patris
992 829 1079 880 sui
1107 827 1330 896 teqatum
1347 833 1503 892 atque
1520 825 1745 878 amicum
1766 821 1922 878 Piso-

304 918 417 956 nem
434 903 613 972 fuisse,
626 905 1015 971 adiutoremque
1036 899 1344 956 Germanico
1363 901 1542 953 datum
1561 917 1595 954 a
1615 916 1684 962 se,
1697 908 1922 960 auctore

304 984 503 1040 senatu,
526 979 680 1035 rebus
696 977 840 1046 apud
862 973 1123 1032 Orientem
1140 977 1587 1030 administrandis.
1645 973 1766 1029 Illic
1787 991 1922 1028 con-

306 1055 536 1107 tumacia
562 1059 611 1106 et
641 1053 1009 1112 certaminibus
1038 1059 1331 1120 asperasset
1368 1053 1624 1115 iuvenem,
1665 1053 1920 1118 exituque

305 1130 417 1181 eius
438 1129 662 1181 laetatus
678 1135 807 1182 esset
820 1168 833 1192 ‚
866 1145 938 1182 an
955 1129 1150 1182 scetere
1168 1129 1532 1189 exstinxisset,
1554 1127 1770 1196 inteqris
1788 1129 1919 1180 ani-

304 1207 405 1256 mis
440 1203 851 1276 diiudicandum.
929 1203 1068 1260 Nam
1081 1244 1094 1268 ,
1136 1205 1186 1256 si
1224 1204 1422 1271 teqatus
1460 1203 1620 1271 officii
1647 1203 1913 1262 terminos,

306 1280 603 1348 obsequium
628 1293 755 1347 erqa
781 1280 1143 1346 imperatorem
1160 1318 1174 1342 ,
1205 1281 1377 1341 caeuit,
1408 1279 1730 1346 eiusdemque
1749 1283 1920 1330 morte

306 1362 355 1408 et
382 1355 527 1410 tuctu
551 1369 663 1410 meo
692 1356 918 1408 laetatus
945 1361 1050 1422 est;
1089 1357 1270 1417 odero,
1314 1366 1654 1422 seponamque
1689 1369 1726 1406 a
1761 1353 1918 1406 domo

306 1443 449 1496 mea,
490 1437 539 1484 et
559 1431 803 1500 privatas
831 1431 1138 1484 inimicitias
1163 1444 1270 1482 non
1295 1429 1352 1482 vi
1371 1430 1633 1504 principis
1651 1429 1916 1481 ulciscar.-

306 1507 391 1559 sin
416 1509 649 1577 facinus,
687 1509 746 1562 in
776 1507 1130 1577 cuiuscunque
1155 1503 1454 1559 mortalium
1481 1519 1602 1560 nece
1635 1505 1918 1559 vindican-

308 1584 457 1645 dum,
496 1584 781 1653 deteqitur,·
817 1598 909 1637 vos
934 1598 1060 1636 vero
1089 1589 1136 1635 et
1170 1582 1358 1638 liberos
1389 1576 1714 1643 Germanici,
1743 1585 1792 1631 et
1818 1594 1917 1633 nos

303 1664 573 1728 parentes,
602 1658 755 1711 iustis
776 1658 981 1711 solatiis
1007 1655 1236 1726 adficite,
1312 1653 1582 1725 Simulque
1606 1654 1738 1708 illud
1754 1670 1915 1725 repu-

308 1738 429 1793 tate,
444 1732 646 1784 turbide
665 1740 713 1787 et
732 1734 969 1788 seditiose
989 1732 1297 1787 tractaverit
1315 1735 1578 1786 exercitus
1590 1728 1705 1787 Piso
1711 1748 1730 1797 ;
1751 1744 1913 1801 quae-

306 1809 412 1859 sita
430 1809 645 1873 simper
663 1808 989 1861 ambitionem
1006 1808 1185 1867 studia
1212 1807 1435 1861 militum
1442 1824 1463 1874 ;
1501 1810 1669 1862 armis
1693 1809 1915 1875 repetita

303 1882 581 1949 provincia
588 1900 609 1948 ;
635 1897 709 1935 an
724 1883 865 1950 salsa
880 1884 1005 1936 haec
1025 1886 1083 1936 in
1101 1885 1273 1937 maius
1289 1882 1617 1950 vulyaverint
1638 1888 1914 1937 accusato·

307 1972 420 2013 res:
452 1971 673 2025 quorum
690 1972 781 2027 eqo
800 1960 976 2010 nimiis
991 1960 1182 2011 studiis
1199 1960 1316 2015 iure
1331 1974 1618 2011 succenseo.
1658 1954 1794 2013 Nam
1812 1972 1916 2025 quo

305 2034 589 2100 pertinuit,
620 2034 823 2085 nudare
841 2047 1054 2099 corpus,
1076 2040 1126 2086 et
1147 2036 1568 2099 contrectandum
1584 2034 1731 2101 vulyt'
1747 2031 1916 2087 oculis

304 2109 627 2175 permittere,
650 2109 957 2177 differrique
974 2112 1131 2161 etiam
1141 2124 1243 2177 per
1261 2115 1530 2175 externos,
1560 2116 1807 2177 tanquam
1824 2124 1904 2164 ve·

308 2197 441 2235 neno
459 2185 773 2249 interceptus
790 2189 933 2246 esset,
946 2184 997 2238 si
1012 2182 1215 2242 'incerta
1233 2183 1402 2237 adhuc
1421 2187 1542 2248 ista,
1559 2191 1609 2247 et
1625 2182 1916 2245 scrutanda

240 2324 251 2331 ·
306 2254 467 2312 sunt?
502 2256 675 2325 Defleo
692 2259 926 2329 equidem
946 2260 1116 2329 titium
1139 2276 1333 2323 meum,
1372 2275 1668 2328 semperque
1694 2260 1913 2341 deflebo.-

308 2334 398 2385 sed
425 2336 587 2401 'neque
614 2348 761 2387 reum
781 2334 1054 2403 prohibeO,
1095 2352 1196 2405 quo
1233 2338 1406 2389 minus
1443 2342 1630 2389 cuncta
1657 2332 1912 2405 proferat,

310 2408 497 2477 quibus
517 2410 811 2465 innocentia
829 2414 942 2465 eius
958 2411 1249 2473 sublevari,
1270 2416 1389 2473 aut,
1411 2413 1461 2468 si
1479 2426 1585 2479 qua
1600 2412 1703 2479 [uit
1720 2410 1918 2479 iniqui—

311 2488 394 2534 tas
415 2478 739 2549 Germanioi,
762 2488 1186 2558 coarquipossit:
1229 2501 1418 2557 vosque
1436 2501 1548 2549 ore,
1576 2500 1656 2547 ne,
1678 2486 1805 2556 quia
1822 2484 1918 2537 do—

313 2556 416 2609 tort
432 2572 543 2611 meo
564 2574 753 2615 caussa
774 2576 1009 2617 connexa
1029 2568 1122 2625 est,
1145 2560 1342 2620 obiecta
1363 2562 1586 2615 crimina
1598 2575 1702 2628 pro
1720 2562 1915 2627 adpro-

369 2633 449 2685 *ἐς
466 2636 761 2702 accipiatis.
840 2636 904 2692 Si
920 2652 1049 2709 quos
1061 2638 1390 2706 propinquus
1407 2637 1646 2703 sanquis,
1677 2640 1770 2690 aut
1787 2634 1915 2703 fides

432 2716 675 2773 patronos
693 2712 858 2775 dedit,
888 2720 1139 2782 quantum
1165 2712 1381 2780 quisque
1409 2709 1698 2779 eloquentia
1717 2716 1765 2761 et
1785 2724 1916 2763 cura

440 2788 467 2847 t,
490 2786 667 2840 iuvate
674 2790 1076 2854 periclitantem.
1102 2786 1186 2841 Ad
1201 2787 1420 2839 eundem
1440 2784 1682 2849 laborem,
1703 2782 1918 2841 eandem
