2081 3038
299 202 396 275 {58
773 227 1429 276 HISTORIARUM
1540 284 1548 289 ,
1634 220 1920 302 (banza.

293 329 365 384 cti
396 328 610 403 erigunt
637 330 805 385 aciem
833 348 930 403 per
957 330 1247 385 adversum
1274 329 1485 396 collem,
1507 347 1685 403 usque
1704 332 1771 387 ad
1792 334 1922 404 pri-

295 422 413 459 mas
431 404 756 477 Capitolinae
776 407 913 461 arcis
934 405 1091 462 soree.
1164 408 1331 461 Erant
1348 407 1646 479 antiquitus
1666 411 1916 479 porticus
1936 442 1941 447 ‚

295 480 351 535 in
375 479 532 535 latere
551 480 699 545 clivi,
723 482 937 536 dextrae
955 482 1344 537 subeuntibus:
1369 483 1426 537 in
1447 500 1679 555 quarum
1703 492 1908 539 tectum

294 558 495 629 egressi
515 558 661 612 saxis
682 557 986 630 tegulisque
1004 557 1313 613 Vitellianos
1332 558 1647 613 obruebant.
1714 560 1913 632 Neque

293 632 402 686 illis
423 650 635 697 manuS,
659 634 765 687 nisi
785 632 999 705 gladiis,
1021 642 1281 688 armatae:
1314 642 1363 687 et
1380 650 1647 689 arcessere
1666 642 1911 689 tormen-

293 717 342 762 ta
371 718 464 763 aut
493 708 718 763 missilia
748 710 868 771 tela,
898 708 1121 783 longum
1143 708 1438 763 videbatur.
1516 710 1681 764 Faces
1699 711 1754 764 in
1777 728 1911 781 pro-

293 785 582 838 minentem
607 801 703 855 poi
706 787 870 839 ticum
889 802 1074 839 iecere
1099 785 1165 838 Et
1180 785 1572 856 sequebantur
1557 802 1767 859 lo'nem
1782 803 1908 841 am·-

292 860 512 931 bustasq
521 878 586 913 ue
597 859 839 931 Capitolii
863 858 999 915 fores
1011 868 1391 947 penetrassent,
1410 878 1463 914 nl
1450 826 1707 915 Sabinus
1716 844 1907 917 revul-

291 953 379 989 sas
408 936 649 1007 undique
679 945 898 1000 statuae,
945 936 1131 991 decora
1165 937 1449 1001 maiorum,
1493 936 1549 990 in
1580 937 1699 1007 ipso
1724 936 1899 1001 aditu,

290 1011 407 1065 vice
437 1012 601 1074 muri,
633 1012 932 1066 obiecisset.
1013 1012 1056 1065 T
1060 1029 1153 1065 um
1178 1011 1417 1066 diversos
1448 1010 1693 1082 Capitolii
1719 1012 1902 1067 aditus

288 1086 570 1150 invadunt,
591 1086 738 1140 iuxta
763 1086 946 1141 lucum
968 1086 1126 1161 asyli,
1147 1095 1198 1141 et
1216 1104 1323 1159 qua
1346 1088 1567 1158 Tarpeia
1587 1104 1751 1159 rupes
1772 1104 1902 1143 cen-

291 1170 402 1217 tum
422 1161 679 1234 gradibus
701 1161 894 1216 aditur.
975 1164 1251 1233 Inprovisa
1278 1171 1504 1234 utraque
1525 1164 1636 1230 visg
1680 1165 1901 1234 propior

287 1246 448 1308 atque
485 1239 654 1291 acrior
691 1254 784 1308 per
813 1236 1026 1311 asylum
1066 1239 1368 1311 ingruebat.
1449 1240 1559 1292 Nec
1592 1240 1709 1293 sisti
1745 1248 1896 1309 pote—

287 1322 405 1367 rant
443 1313 755 1367 scandentes
796 1331 889 1385 per
929 1315 1211 1369 coniuncta
1246 1314 1511 1369 aedificia:
1554 1332 1712 1385 quae,
1748 1324 1807 1367 ut
1836 1316 1896 1369 in

287 1388 454 1443 multa
476 1406 621 1460 pace,
646 1391 702 1444 in
724 1390 890 1445 altum
911 1390 1070 1456 edita,
1102 1389 1277 1444 solum
1304 1388 1549 1460 Capitolii
1570 1390 1891 1461 aequabant.

286 1466 384 1523 Hic
403 1466 712 1540 ambigitur,
729 1466 908 1540 ignem
931 1466 1082 1521 tectis
1102 1474 1492 1540 oppugnatores
1513 1466 1808 1531 iniecerint,
1824 1483 1894 1522 an

283 1543 508 1606 obsessi,
523 1560 662 1613 quae
679 1544 911 1598 crebrior
933 1541 1069 1598 fama
1090 1553 1185 1606 est,
1202 1560 1310 1614 quo
1330 1544 1553 1596 nitentes
1570 1559 1631 1595 ac
1648 1559 1895 1614 progres-

285 1636 372 1672 sos
392 1618 731 1688 depellerent.
814 1619 940 1673 Inde
971 1617 1155 1689 lapsus
1180 1618 1324 1691 ignis
1344 1619 1399 1672 in
1424 1619 1659 1688 porticus
1678 1617 1894 1688 adposi-

286 1701 364 1748 tas
385 1693 637 1748 aedibus:
681 1711 807 1749 mox
835 1695 1160 1748 sustinentes
1188 1693 1459 1766 fastigium
1482 1692 1695 1764 aquilae
1718 1703 1893 1748 vetere

284 1769 430 1842 ligno
451 1778 722 1824 traxerunt
741 1769 1010 1824 flammam
1031 1769 1405 1840 alueruntque.
1436 1768 1533 1824 Sic„
1544 1768 1887 1840 Capitolium,

283 1845 480 1900 clausis
505 1844 726 1910 foribuS‚
747 1844 1085 1900 indefensum
1106 1853 1156 1899 et
1175 1845 1499 1916 indireptum
1522 1844 1885 1918 conflagravit.

391 1921 579 1977 72.1d
619 1921 826 1975 facinus
865 1929 984 1992 post
1021 1921 1287 1976 conditam
1326 1921 1515 1975 urbem
1554 1921 1889 1976 luctuosissi-

283 2015 435 2051 mum
461 1995 940 2068 foedissimumque
957 1989 1283 2084 reipublicae
1302 1995 1651 2067 populiRom.
1666 1996 1883 2051 accidit:

282 2073 430 2127 nullo
451 2080 664 2126 externo
684 2071 852 2135 hoste,
877 2073 1143 2144 propitiiS‚
1156 2073 1205 2126 si
1226 2090 1317 2143 per
1340 2089 1513 2126 mores
1533 2080 1739 2127 nostros
1763 2069 1888 2126 lice-

282 2158 377 2212 ret,
402 2149 536 2212 dele,
561 2147 740 2202 sedem
765 2149 905 2202 Iovis
931 2147 994 2203 Ο.
1019 2150 1071 2203 M
1081 2189 1092 2202 .
1122 2149 1393 2218 auspicato
1414 2166 1444 2201 a
1466 2148 1781 2211 maioribuS,
1805 2148 1887 2217 pi-

280 2241 423 2296 gnus
443 2225 676 2294 imperii,
691 2223 1153 2295 conditam‚quam
1176 2241 1279 2277 non
1294 2223 1520 2278 Porsena
1542 2223 1714 2278 dedita
1732 2223 1881 2288 urbe,

281 2317 456 2371 neque
486 2299 626 2354 Galli
655 2308 825 2371 capta,
856 2309 1111 2354 temerare
1141 2299 1455 2369 potuissent,
1488 2297 1665 2354 furore
1686 2299 1887 2368 princi-

281 2393 412 2446 pum
443 2375 711 2430 exscindi!
772 2376 984 2430 Arserat
1005 2384 1056 2429 et
1074 2383 1193 2429 ante
1212 2374 1535 2446 Capitolium
1556 2373 1703 2428 civili
1722 2373 1880 2439 bello,

281 2451 375 2506 sed
405 2451 590 2506 fraude
617 2453 850 2524 privata3
894 2469 1038 2506 nunc
1065 2450 1243 2523 palam
1272 2452 1576 2515 obsessum,
1600 2449 1777 2520 palam
1805 2450 1886 2504 in-

281 2545 531 2583 censum:
575 2528 778 2598 quibus
807 2545 1077 2582 armorum
1108 2525 1354 2581 caussis?
1388 2544 1499 2598 quo
1530 2534 1701 2580 tantae
1720 2525 1883 2580 cladis

277 2605 447 2670 pretio
477 2602 654 2657 stetit?
694 2604 791 2659 Pro
819 2604 983 2674 patria
1015 2601 1373 2658 bellavimus?
1410 2603 1635 2657 Voverat
1660 2601 1883 2674 Tarqui-

341 2693 406 2730 is
429 2677 642 2732 Priscus
665 2696 778 2745 rex,
802 2679 942 2734 bello
961 2677 1177 2744 Sabino,
1198 2680 1499 2750 ieceratque
1520 2677 1880 2745 fundamenta,

395 2755 570 2826 magis
589 2752 799 2811 futurae
813 2721 1395 2827 magnitudini8,quam
1408 2771 1517 2827 quo
1537 2753 1779 2812 modicae
1798 2753 1879 2810 ad-
