2081 3038
261 240 325 291 26
801 243 1301 289 -ANNALHJM
1588 234 1856 309 (aanor.

374 350 457 399 38.
501 344 568 400 At
603 345 661 401 in
693 344 924 401 Chaucis
956 351 1268 416 coeptavere
1306 343 1619 399 seditionem
1658 345 1862 416 praesi-

261 420 411 474 dium
435 420 690 493 agitantes
709 420 971 476 vexillarii
993 419 1321 473 discordium
1344 418 1862 492 legionum,etprae-

262 496 397 549 senti
418 494 648 550 duorum
669 496 904 551 militum
925 494 1192 565 supplicio
1204 493 1446 565 paullum
1465 496 1695 565 repressi
1710 501 1856 549 sunt.

263 571 491 624 Iusserat
507 570 564 624 id
582 570 852 635 Mennius,
877 578 1171 625 castrorum
1190 566 1506 640 praefectae,
1532 570 1669 624 bono
1686 570 1860 645 magis

261 643 505 715 exemplo
520 686 532 709 ,
556 661 721 716 quam
741 662 988 701 concesso
1009 644 1144 698 iure.
1224 643 1452 709 Deinde,
1476 645 1861 699 intumescente

261 726 408 774 motu
424 760 437 783 ,
478 718 740 793 profugus
765 728 1114 791 repertusque
1128 760 1142 784 ,
1182 727 1467 790 postquam
1493 719 1695 774 intutae
1732 717 1862 774 late-

261 794 404 859 brae,
425 794 754 866 praesidium
775 792 842 849 ab
859 794 1077 851 audacia
1096 801 1401 849 mutuatur:
1424 811 1527 849 non
1540 801 1862 864 praesectum

259 874 438 935 abiis,
459 874 548 923 sed
579 868 940 924 Germanicum
959 875 1165 932 ducem,
1192 874 1283 923 sed
1306 870 1562 923 Tiberium
1582 874 1863 938 imperato-

259 961 371 999 rem
388 948 594 999 violari.
671 944 844 999 Simul
863 944 1129 999 deterritis
1145 986 1158 1009 ,
1181 945 1277 1016 qui
1296 944 1623 1007 obstiterant,
1646 951 1861 1016 raptum

263 1018 522 1073 vexillum
542 1018 610 1073 ad
627 1019 800 1089 ripam
821 1020 1004 1085 vertit,
1025 1027 1096 1083 et,
1116 1025 1301 1087 siquis
1324 1025 1529 1088 aymine
1546 1024 1859 1082 decessisset,

257 1112 356 1164 pro
373 1098 630 1149 desertore
646 1099 784 1163 sora,
807 1094 1085 1150 clamitans
1100 1136 1112 1159 ,
1135 1094 1347 1149 reduxit
1371 1094 1428 1149 in
1448 1094 1667 1151 hiberna
1689 1094 1863 1149 turbi-

259 1168 356 1223 dos
376 1176 428 1222 et
445 1168 580 1223 nihil
603 1186 781 1225 ausos.
1522 1226 1528 1231 ,

374 1246 458 1297 39.
501 1244 700 1299 Interea
723 1244 876 1319 legati
899 1244 967 1299 ab
996 1253 1183 1299 senatu
1199 1286 1214 1309 ,Α
1244 1260 1549 1317 regressum
1576 1244 1685 1299 iam
1714 1244 1860 1315 apud

263 1336 408 1372 aram
437 1319 695 1373 Ubiorum
725 1320 1103 1375 Germanicum
1132 1320 1345 1374 adeunt.
1424 1321 1570 1375 Duae
1598 1319 1676 1374 ibi
1696 1317 1863 1393 legio-

265 1410 386 1457 nes,
416 1394 592 1464 prima
611 1402 770 1465 atque
793 1396 1047 1449 vicesima
1064 1436 1077 1459 ,
1110 1396 1480 1469 veteranique,
1512 1411 1683 1465 nuper
1704 1394 1860 1449 missi

261 1468 366 1524 sub
385 1468 598 1534 vexillo,
625 1468 948 1526 hiemabant.
1028 1468 1253 1525 Pavidos
1271 1479 1323 1525 et
1338 1469 1657 1526 conscientia
1677 1484 1861 1526 vecor-

261 1541 356 1598 des
373 1545 534 1599 intrat
555 1553 748 1611 metus,
774 1546 984 1599 venisse
1001 1545 1218 1600 Pati-um
1238 1545 1413 1610 iussu,
1436 1547 1533 1618 qui
1554 1545 1700 1599 irrita
1724 1543 1861 1599 face-

263 1627 406 1685 rent,
437 1637 576 1691 quae
600 1637 697 1691 per
725 1621 1034 1676 seditionem
1075 1628 1459 1691 expresserant.
1541 1621 1713 1691 thue
1744 1637 1859 1676 mos

265 1693 452 1766 vulgo,
483 1696 736 1765 quamvis
756 1693 904 1749 falsis
922 1711 1074 1748 reum
1094 1695 1323 1750 subdere
1337 1737 1350 1760 ,
1382 1695 1681 1751 Munatium
1704 1694 1861 1749 Plan-

263 1787 386 1822 cum
402 1809 414 1832 ,
439 1767 715 1823 consulatu
737 1768 1008 1834 functum,
1031 1770 1328 1841 principem
1351 1770 1627 1844 legationis
1642 1813 1654 1835 ,
1680 1779 1861 1827 aucto-

261 1860 375 1898 rem
397 1843 839 1898 senatusconsulti
857 1844 1133 1898 incusant:
1176 1853 1227 1900 et
1246 1853 1393 1900 nocte
1412 1844 1667 1900 concubia
1687 1845 1861 1900 vexil-

264 1917 406 1982 lum,
448 1919 503 1972 in
533 1917 691 1973 domo
724 1918 1024 1974 Germanici
1054 1919 1249 1985 situm,
1291 1919 1523 1993 flagitare
1558 1921 1855 1992 occipiunt:

261 2009 634 2064 concursuque
651 1992 719 2048 ad
739 1995 956 2048 ianuam
978 1992 1111 2049 facto
1126 2036 1139 2059 ‚
1163 1993 1458 2050 moliuntur
1481 1993 1618 2049 fores
1630 2013 1645 2063 ;
1686 2004 1861 2050 extra-

263 2076 409 2124 ctum
428 2068 594 2124 cubili
614 2067 912 2134 Caesarem,
928 2069 1133 2124 tradere
1150 2069 1433 2135 vexillum,
1454 2071 1655 2125 intento
1672 2071 1860 2125 mortis

265 2153 408 2200 metu
438 2144 714 2220 subigunt.
792 2145 945 2210 Mox,
979 2145 1101 2218 vagi
1122 2162 1217 2216 per
1236 2146 1380 2210 vias,
1412 2145 1599 2200 obvios
1626 2145 1863 2200 habuere

265 2221 478 2294 legatos,
509 2221 687 2276 audita
705 2220 1141 2286 consternatione,
1164 2219 1231 2274 ad
1243 2219 1623 2276 Germanicum
1643 2220 1863 2274 tenden-

264 2307 360 2350 tes·
437 2297 691 2368 lngerunt
727 2294 1103 2351 contumelias:
1150 2295 1363 2350 caedem
1405 2303 1621 2366 parant:
1670 2295 1863 2350 Planco

263 2370 516 2434 maxime,
539 2387 703 2440 quem
723 2370 953 2442 dignitas
973 2369 1102 2444 fuga
1118 2369 1496 2442 impediverat:
1522 2388 1559 2424 n
1714 2369 1863 2426 aliud

263 2443 578 2514 periclitanti
607 2444 944 2510 subsidium,
983 2462 1151 2517 quam
1180 2453 1347 2500 castra
1380 2446 1585 2516 primae
1632 2445 1859 2519 egIonis.

263 2518 380 2574 illic
395 2520 550 2592 signa
571 2527 622 2574 et
639 2519 876 2591 aquilam
897 2521 1178 2592 amplexus
1194 2559 1207 2585 ‚
1245 2519 1501 2592 religione
1518 2536 1638 2574 seso
1654 2520 1865 2574 tutaba-

264 2602 378 2648 tur:
410 2611 492 2657 ac,-
517 2595 571 2648 ni
592 2593 842 2666 aquilifer
863 2593 1195 2666 Calpurnius
1208 2595 1323 2650 vim
1345 2602 1635 2650 extremam
1658 2595 1866 2649 arcuis-

261 2675 344 2722 set
355 2706 370 2730 ‚
401 2666 602 2740 (rarum
621 2669 782 2724 etiam
800 2668 939 2724 inter
959 2668 1157 2743 hostes)
1174 2669 1382 2743 legatus
1408 2667 1595 2741 populi
1613 2669 1861 2735 Romani,

263 2739 516 2798 Romanis
535 2741 592 2800 in
611 2744 798 2800 eastris
811 2783 826 2809 ,
847 2744 1109 2819 sanguine
1128 2761 1227 2802 suo
1246 2743 1429 2809 altaria
1447 2743 1610 2802 deun
1626 2760 1866 2804 comma·-

1496 2877 1527 2903 d
