2081 3038
271 222 338 276 26
755 224 1403 273 HISTORIARUM
1605 215 1873 289 (mmm.

385 331 466 382 tt.
511 327 640 381 Viso
664 328 912 381 eominus
939 334 1265 381 armatorum
1296 326 1531 399 agmine,
1564 324 1877 382 vexillarius

273 404 548 460 comitatae
569 402 794 457 Galbam
815 402 1047 457 cohortis
1066 401 1308 473 (Atilium
1336 401 1691 475 Vergilionem
1711 400 1879 458 fuisse

273 478 506 549 tradunt)
534 478 801 549 dereptam
833 475 1032 531 Galbae
1058 477 1349 549 imaginem
1370 478 1483 534 solo
1499 476 1722 533 adflixit.
1801 478 1879 533 Eo

273 556 432 627 signo
461 552 738 607 manifesta
768 554 826 607 in
854 552 1117 607 Othonem
1147 554 1389 607 oninium
1422 553 1657 608 militum
1676 552 1875 619 studia,

273 631 546 685 desertum
577 627 702 703 fuga
731 626 917 699 populi
952 626 1150 693 forum,
1174 628 1418 683 destricta
1438 628 1701 683 adversus
1718 627 1879 684 dubi-

274 715 442 760 tantes
464 705 582 759 tela.
665 705 813 758 quta
835 702 1006 758 Curtii
1033 701 1205 758 lacum
1231 703 1574 775 trepidatione
1595 703 1877 759 ferentium

275 782 446 837 Galba
475 780 740 853 proiectus
769 796 800 833 e
823 778 953 833 sella
976 796 1038 833 ac
1060 778 1372 850 provolutus
1392 789 1489 834 est.
1568 781 1876 835 Extremam

276 861 392 912 eius
425 874 627 921 vocem,
661 866 721 910 ut
747 857 944 926 cuique
970 853 1155 909 odium
1184 864 1275 909 aut
1293 854 1572 911 admiratio
1594 855 1710 920 fuit,
1732 856 1879 911 varie

273 932 570 1005 prodidere.
650 930 788 993 Alii,
825 929 1137 1001 suppliciter
1176 930 1545 1004 interrogasse,
1588 935 1715 1001 quid
1750 935 1881 985 mali

273 1005 579 1063 meruisset?
631 1023 829 1077 paucos
863 1011 974 1060 dies
1011 1007 1323 1060 exsolvendo
1348 1010 1593 1061 donativo
1629 1006 1878 1077 depreca-

275 1094 420 1139 tum:
472 1082 673 1153 plure5‚
711 1080 974 1135 obtulisse
999 1078 1139 1135 ultro
1167 1083 1571 1152 percussoribus
1602 1080 1875 1156 iugulum,

275 1169 484 1226 aym-ent
522 1175 586 1211 ac
616 1161 849 1226 sta-irent,
885 1162 936 1211 si
964 1162 1043 1210 ita
1070 1174 1097 1209 e
1118 1160 1386 1224 republica
1404 1162 1683 1213 adderetur.
1758 1158 1875 1213 Non

274 1234 437 1288 interf
437 1234 514 1285 uit
532 1231 908 1293 occidentium,
929 1230 1065 1304 quid
1084 1231 1297 1287 diceret.
1352 1233 1421 1287 De
1440 1250 1752 1304 percussore
1772 1251 1876 1288 non

275 1311 404 1363 satis
432 1316 651 1363 constat.
731 1306 963 1373 Quidam
993 1307 1299 1362 Terentium
1327 1319 1623 1371 evocatum,
1656 1308 1746 1364 alii
1780 1310 1881 1363 Le-

275 1385 519 1448 canium3
561 1383 793 1439 crebrior
823 1380 960 1437 sama
989 1382 1203 1438 tradidit
1228 1383 1543 1439 Camurium
1570 1384 1690 1439 XV.
1713 1383 1879 1459 legio-

277 1461 361 1516 nis
391 1459 637 1525 militem,
679 1461 924 1532 inpresso
949 1457 1146 1534 gladic,
1190 1458 1441 1533 iugulum
1470 1461 1589 1515 eius
1609 1460 1873 1516 hausisse.

276 1537 444 1592 Ceteri
474 1554 627 1591 crura
659 1536 983 1608 brachiaque
1019 1537 1163 1608 (nam
1184 1546 1370 1606 pectus
1400 1536 1689 1610 tegebatur)
1730 1535 1879 1592 foede

275 1612 569 1668 laniavere:
621 1612 874 1684 pleraque
896 1610 1117 1667 vulnera
1146 1609 1349 1667 feritate
1372 1623 1425 1667 et
1448 1615 1667 1668 saevitia
1691 1621 1878 1668 trunco

273 1689 380 1744 iam
403 1688 606 1758 corpori
629 1687 846 1742 adiecta.

385 1765 468 1818 42.
511 1763 690 1819 -Titum
718 1763 844 1818 inde
864 1762 1089 1816 Vinium
1116 1761 1378 1816 invasere.
1459 1763 1533 1816 De
1552 1781 1664 1835 quo
1690 1772 1741 1818 et
1760 1765 1879 1835 ipso

273 1838 585 1912 ambigitur,
615 1838 1076 1910 consumpseritne
1097 1853 1279 1892 vocem
1307 1836 1425 1892 eius
1450 1838 1657 1893 instans
1680 1850 1873 1904 metim,

273 1934 339 1971 an
365 1913 625 1987 proclama
634 1916 784 1978 verit,
817 1931 918 1968 non
939 1931 1047 1967 ease
1064 1915 1132 1967 ab
1156 1913 1349 1969 Othone
1370 1919 1688 1977 mandatum,
1709 1924 1769 1969 ut
1789 1933 1878 1970 oc-

275 1996 548 2049 cideretur.
589 1988 741 2057 Quod
763 2006 857 2044 seu
881 1987 1036 2044 finxit
1058 1987 1358 2053 formidine.
1381 2005 1477 2044 seu
1498 1991 1875 2046 conscientiam

273 2067 653 2124 coniurationis
673 2064 950 2120 confessus
967 2074 1074 2121 est:
1117 2063 1226 2119 huc
1244 2065 1422 2136 potius
1443 2066 1562 2121 eius
1582 2067 1686 2120 vita
1710 2064 1878 2121 sama-

273 2161 382 2217 que
411 2142 647 2205 inclinat,
693 2150 752 2196 ut
780 2141 1027 2197 conscius
1053 2139 1269 2195 sceleris
1292 2138 1468 2204 fuerit.
1509 2142 1668 2197 cuius
1686 2159 1875 2197 caussa

273 2228 400 2275 erat.
480 2218 617 2272 Ante
635 2217 816 2271 aedem
848 2217 902 2272 d.
935 2215 1059 2271 Iulii
1088 2216 1268 2280 iacuit,
1298 2218 1473 2287 primo
1491 2218 1597 2272 ictu
1621 2219 1676 2272 in
1702 2217 1879 2289 popli-

274 2306 400 2358 tem,
433 2311 557 2349 mox
578 2311 605 2346 a
631 2293 765 2348 lulio
785 2292 936 2358 Caro,
966 2290 1253 2366 legionario
1274 2291 1463 2358 milite,
1488 2301 1780 2366 utrumque
1798 2292 1879 2348 la-

274 2379 360 2426 tus
383 2369 851 2426 transverberatus.

385 2449 469 2501 43.
514 2445 782 2518 Insignem
812 2441 902 2499 illa
923 2443 1011 2498 die
1029 2443 1210 2498 virum
1235 2441 1609 2515 Sempronium
1637 2443 1877 2501 Densum

273 2529 414 2576 aetas
460 2530 634 2576 nostra
667 2519 818 2574 vidit.
898 2518 1150 2574 Centurio
1188 2520 1235 2573 is
1266 2520 1553 2590 praetoriae
1572 2519 1825 2584 cohortis,
1846 2539 1879 2576 a

275 2594 440 2650 Galba
461 2594 730 2650 custodiae
751 2595 956 2650 Pisonis
977 2593 1210 2658 additus,
1240 2595 1419 2651 stricto
1440 2596 1672 2668 pugione
1689 2612 1881 2651 occur-

273 2685 398 2722 rens
416 2672 634 2724 armatis
653 2680 705 2725 et
723 2669 899 2725 scelus
921 2669 1267 2742 exprobrans,
1279 2686 1341 2724 ac
1360 2669 1515 2725 modo
1536 2687 1697 2725 manu
1717 2671 1879 2727 modo

361 2760 402 2788 ’ἡ
421 2744 669 2800 vertendo
692 2747 748 2800 in
778 2761 838 2800 se
855 2761 1216 2817 percussores,
1244 2761 1576 2821 quamquam
1598 2744 1877 2810 vulnerato
