2081 3038
247 231 312 283 82
731 231 1379 278 Hrs‘ronmnum
1578 220 1847 296 (mmm.

250 335 426 388 facies.
506 332 766 388 Cominus
805 333 1129 404 eminusque
1170 333 1393 386 catervis
1433 338 1483 386 et
1508 333 1697 387 cuneis
1724 350 1852 388 con-

245 408 556 463 currebant:
599 409 654 462 in
677 425 868 482 aggere
886 410 1004 462 viae
1024 406 1228 462 conlato
1246 407 1436 479 gradu,
1470 407 1780 478 corporibus
1802 415 1855 464 et

249 482 576 538 umbonibus
595 483 713 548 niti,
744 484 945 538 omisso
971 481 1205 554 pilorum
1230 482 1386 545 iactu,
1409 480 1602 554 gladiis
1624 491 1673 536 et
1696 500 1853 537 secu-

245 559 398 612 ribus
416 556 593 630 galeas
616 555 912 628 loricasque
929 573 1303 629 perrumpere:
1327 567 1602 611 noscentes
1616 557 1754 611 inter
1770 574 1847 623 se,

247 635 434 687 ceteris
454 633 750 705 conspicui,
773 633 830 687 in
853 641 1101 686 eventum
1127 632 1286 685 totius
1306 631 1432 685 belli
1459 631 1745 686 certabant.

357 710 440 764 43.
485 708 638 762 Forte
675 708 813 762 inter
849 707 1052 760 Padum
1096 707 1377 777 viamque,
1410 708 1607 776 patenti
1638 721 1847 777 campo,

247 781 384 837 duae
406 781 640 855 legiones
670 798 992 864 congressae
1003 789 1157 834 sunt:
1200 797 1295 850 pro
1314 780 1525 835 Vitellio
1546 782 1851 835 unaetvice-

246 858 404 921 sima,
440 858 528 911 cui
559 873 851 930 cognomen
883 857 1097 923 Rapaci,
1132 863 1306 909 vetere
1328 855 1493 928 gloria
1516 856 1778 929 insignis:
1814 873 1851 910 ·e

247 942 394 1002 parte
413 930 638 986 Othonis
666 932 840 1002 prima
860 930 1129 1004 Adiutrix,
1155 947 1258 984 non
1280 939 1399 984 ante
1415 931 1473 984 in
1492 931 1659 984 aciem
1680 930 1853 985 dedu-

247 1017 348 1070 cta,
391 1005 485 1060 sed
517 1005 736 1080 ferox-et
764 1006 888 1060 novi
911 1005 1115 1060 decoris
1136 1004 1310 1058 avida.
1390 1005 1645 1068 Primani,
1670 1007 1851 1060 stratis

247 1082 856 1136 unaetvicesimanorum
872 1080 1172 1150 principiiS,
1188 1079 1424 1151 aquilam
1434 1079 1717 1134 abstulere.
1731 1079 1853 1146 Quo

245 1156 424 1210 dolore
441 1171 657 1210 accensa
681 1154 836 1228 lez-gie,
869 1163 922 1209 et
940 1155 1139 1226 inpulit
1160 1172 1349 1209 rursus
1370 1157 1660 1226 primanoS,
1684 1156 1854 1210 inter-

249 1229 380 1284 fecto
407 1227 670 1300 Orphidio'
693 1229 928 1302 Benigno
958 1229 1145 1302 legato,
1175 1238 1225 1284 et
1250 1229 1481 1300 plurima
1502 1230 1653 1303 signa
1677 1229 1855 1286 vexil-

248 1303 406 1376 laque
427 1321 492 1358 ex
514 1305 758 1359 hostibus
779 1306 973 1376 rapuit.
1054 1304 1098 1358 Α
1126 1313 1273 1375 parte
1290 1304 1391 1358 alia
1414 1305 1665 1376 propulsa
1685 1306 1856 1376 quin-

249 1387 490 1434 tanorum
513 1381 696 1451 inpetu
719 1380 1075 1434 tertiadecima
1101 1378 1264 1451 legio:
1306 1380 1653 1434 circumventi
1675 1379 1855 1450 pluri-

247 1471 340 1508 um
363 1454 589 1510 adcursu
613 1455 1087 1527 quartadecimani.
1136 1454 1221 1518 Et,
1244 1453 1474 1508 ducibus
1495 1453 1718 1508 Othonis
1738 1453 1851 1508 iam

245 1531 454 1601 pridem
483 1530 746 1605 profugiS,
777 1530 1000 1585 Caecina
1031 1547 1095 1583 ac
1112 1528 1306 1583 Valens
1332 1530 1591 1584 subsidiis
1611 1546 1739 1585 suos
1760 1530 1856 1583 fir-

225 1606 482 1659 -mabant.
561 1606 798 1660 Accessit
827 1622 1008 1661 recens
1048 1603 1332 1669 auxilium,
1364 1605 1537 1659 Varus
1568 1604 1854 1675 Alphenus

247 1697 368 1734 cum
404 1680 632 1744 Batavis,
667 1680 784 1734 fusa
813 1679 1167 1753 gladiatorum
1194 1697 1380 1744 manu,
1408 1696 1593 1751 quam,
1617 1680 1855 1734 navibus

140 1755 155 1768 ⁶
250 1763 619 1819 transvectam,
650 1756 922 1825 oppositae
949 1754 1187 1809 cohortes
1214 1756 1270 1808 in
1303 1756 1421 1826 ipso
1440 1753 1662 1808 flumine
1682 1757 1856 1811 truci-

246 1828 516 1883 daverant.
597 1829 670 1883 Ita
691 1830 914 1884 victores
938 1828 1075 1883 latus
1095 1828 1329 1883 hostium
1353 1830 1564 1885 invecti.

358 1906 440 1959 424.
487 1904 578 1967 Et,
603 1904 778 1957 media
807 1904 918 1957 acie
945 1912 1216 1974 perrupta,
1250 1902 1433 1977 fugere
1456 1906 1657 1974 passim
1682 1902 1855 1959 Otho-

247 1978 414 2040 niani,
457 1979 768 2033 Bedriacum
808 1987 1063 2049 petentes.
1144 1978 1455 2033 Inmensum
1494 1980 1549 2032 id
1578 1979 1847 2050 spatium:

245 2052 542 2107 obstructae
563 2062 737 2125 strage
756 2068 1036 2123 corporum
1060 2051 1193 2107 viae.
1236 2052 1355 2117 Quo
1375 2054 1499 2123 plus
1516 2054 1693 2108 caedis
1714 2051 1847 2108 fuit:

247 2145 422 2200 neque
441 2131 584 2183 enim
606 2127 859 2181 civilibus
879 2127 1035 2181 bellis
1054 2128 1192 2197 capti
1209 2128 1265 2181 in
1285 2128 1532 2199 praedam
1546 2136 1847 2183 vertuntur.

245 2203 532 2259 Suetonius
557 2202 831 2259 Paullinus
851 2212 901 2257 et
913 2203 1153 2257 Licinius
1166 2202 1420 2256 Proculus
1442 2203 1671 2257 diversis
1692 2203 1855 2258 itine-

247 2280 398 2334 ribus
424 2287 592 2333 castra
617 2278 867 2333 vitavere.
890 2278 1117 2332 Vedium
1142 2277 1414 2348 Aquilam,
1430 2275 1851 2333 tertiaedecimae

247 2353 472 2425 legionis
496 2352 746 2425 legatum,
771 2353 880 2407 irae
901 2352 1135 2407 militum
1155 2352 1490 2407 inconsultus
1509 2370 1674 2423 pavor
1692 2353 1853 2408 obtu-

250 2425 327 2480 lit.
407 2428 572 2481 Multo
601 2428 778 2481 adhuc
805 2428 893 2482 die
914 2426 1117 2481 vallum
1139 2428 1433 2501 iugi-essue,
1458 2427 1687 2483 clamore
1706 2428 1853 2482 sedi-

249 2502 502 2555 tiosorum
545 2510 596 2555 et
633 2499 904 2573 fugacium
945 2504 1429 2572 circumstrepitur:
1474 2519 1575 2557 non
1614 2503 1843 2575 probris,

249 2592 352 2629 non
385 2576 634 2630 manibus
662 2577 954 2632 abstinent:
995 2580 1304 2631 desertorem
1328 2582 1745 2647 proditoremque
1764 2578 1851 2629 in-

247 2659 490 2717 crepant:
534 2650 685 2704 nullo
721 2653 934 2721 proprio
950 2651 1177 2705 crimine
1194 2653 1331 2716 eius,
1374 2651 1470 2706 sed
1498 2667 1643 2705 more
1672 2650 1845 2723 vulgi,

247 2736 412 2774 suum
441 2724 676 2793 quisque
715 2724 972 2796 flagitium
1003 2724 1126 2778 aliis
1159 2724 1494 2779 obiectantes.
1576 2726 1850 2779 Titianum
