2081 3038
267 284 366 338 278
818 291 863 338 A
881 293 928 335 N
950 292 992 335 N
1015 291 1061 335 A
1084 291 1121 333 ι,
1142 291 1163 332 1
1184 290 1283 333 mi
1598 278 1668 352 (A.
1690 297 1743 336 u.
1770 289 1868 335 806.

266 389 514 456 cularios,
538 389 820 447 audebant.
875 391 1217 462 obsessaque
1236 391 1423 445 civitas
1440 386 1872 456 Anemuriensis,

265 474 317 520 et
345 465 498 521 missi
528 484 557 520 e
576 466 730 540 Syria
762 468 818 524 in
848 467 1157 522 subsidium
1186 467 1421 538 equites,
1458 481 1583 519 cum
1611 462 1875 536 praefecto

265 539 449 596 Curtio
467 538 680 608 Severo,
704 542 1013 598 turbantur:
1045 539 1189 613 quod
1208 539 1332 597 duri
1352 541 1555 596 circum
1576 539 1699 606 loci,
1830 541 1877 581 '-

265 617 520 688 tibusque
549 615 617 672 ad
642 635 880 691 pugnam
915 615 1118 682 idonei,
1160 623 1406 689 equestre
1430 614 1697 688 proelium
1767 615 1876 670 aud

228 693 237 699 “
267 691 618 763 patiebantur.
697 693 828 748 Dein
869 709 964 747 rex
1002 692 1123 747 eius
1150 707 1272 746 orae
1299 690 1621 756 Antiochus,
1660 689 1877 747 blandi-'-

265 767 462 822 mentis
483 767 740 823 adversus
758 767 992 841 plebem,
1017 765 1201 822 fraude
1218 767 1277 822 in
1297 764 1509 831 ducem,
1534 782 1658 821 cum
1678 765 1876 822 barba-

265 860 447 898 rorum
477 843 654 914 copias
687 843 1049 908 dissociasset,
1094 841 1392 898 Troxobore
1425 841 1723 915 paucisque
1758 842 1876 916 pri-

267 918 506 974 moribus
525 917 834 984 interfectis,
858 924 1058 973 ceteros
1078 915 1356 973 clementia
1376 917 1692 990 composuit.

372 995 456 1048 56.
482 991 596 1048 Sub
610 992 752 1048 idem
769 1001 1002 1066 tempuS,
1012 994 1151 1048 inter
1166 991 1340 1048 lacum
1352 993 1621 1048 Fucinum
1630 1007 1875 1048 amnem-

264 1083 372 1140 que
392 1067 540 1122 Lirin
554 1110 566 1134 ,
590 1076 842 1140 perrupto
863 1076 1040 1124 monte
1054 1111 1067 1134 ,
1099 1085 1208 1142 quo
1234 1067 1624 1142 magnificentia
1644 1068 1821 1143 operis
1842 1085 1874 1122 a

263 1141 513 1214 pluribus
535 1143 823 1209 viseretur,
857 1143 974 1198 lacu
1004 1145 1061 1198 in
1090 1144 1209 1216 ipso
1228 1141 1416 1199 navale
1433 1141 1697 1216 proelium
1718 1142 1875 1198 ador-

267 1225 449 1285 natur,
475 1224 535 1271 ut
553 1217 826 1289 quondam
847 1217 1129 1294 Augustus
1143 1262 1156 1286 ‚
1186 1226 1385 1274 structo
1404 1219 1482 1274 cis
1502 1217 1739 1274 Tiberim
1761 1223 1873 1274 sta-

264 1309 399 1366 gno,
442 1291 538 1349 sed
569 1293 778 1350 levibus
806 1293 1065 1368 navigiis,
1107 1303 1159 1349 et
1197 1295 1402 1356 minore
1437 1293 1586 1366 copia
1612 1291 1866 1349 ediderat.

265 1367 522 1424 Claudius
550 1370 794 1426 triremes
822 1369 1300 1443 quadriremesque
1328 1378 1379 1424 et
1408 1368 1742 1446 undeviginti
1774 1368 1874 1424 ho·-

267 1444 476 1499 minum
497 1443 666 1500 millia
687 1445 942 1511 armavit,
971 1445 1143 1501 cincto
1160 1445 1365 1500 ratibus
1385 1444 1589 1500 ambitu
1606 1487 1618 1510 ‚
1649 1461 1717 1500 ne
1736 1461 1873 1521 vaga

265 1519 457 1609 effugia
482 1519 674 1591 forent3
697 1538 761 1578 ac
777 1530 953 1577 tamen
975 1519 1211 1594 spatium
1232 1519 1512 1593 ampiexus
1528 1563 1541 1587 ‚
1566 1519 1635 1575 ad
1652 1519 1765 1575 vim
1786 1538 1872 1575 re-

267 1598 439 1669 migii,
462 1596 880 1671 gubernantium
901 1606 1058 1663 arteS,
1081 1598 1315 1669 impetus
1336 1596 1578 1662 navium,
1602 1604 1652 1651 et
1670 1593 1873 1671 proelio

264 1670 435 1725 solita.
518 1672 578 1725 In
606 1672 812 1727 ratibus
848 1672 1233 1744 praetoriarum
1268 1672 1564 1728 cohortium
1604 1670 1890 1745 manipuli.

265 1753 578 1817 turmaeque
606 1745 938 1813 adstiterant,
973 1748 1283 1819 antepositis
1313 1745 1761 1822 propugnaculis,
1804 1764 1872 1801 ex

263 1820 390 1891 quis
411 1819 703 1891 catapultae
730 1820 1082 1895 ballistaeque
1109 1822 1467 1879 tenderentur.
1546 1821 1772 1895 Reliqua
1791 1820 1874 1876 la-

263 1912 360 1948 cus
390 1892 649 1951 classiarii
677 1898 827 1952 tectis
853 1896 1085 1953 navibus
1104 1897 1428 1954 obtinebant.
1507 1898 1671 1969 Ripas
1693 1904 1745 1951 et
1762 1894 1873 1953 col-

265 1968 360 2033 le3‚
386 1987 447 2025 ac
465 1970 729 2027 montium
749 1972 886 2031 edita
901 2014 914 2037 ‚
944 1973 1002 2027 in
1022 1973 1243 2031 modum
1268 1972 1456 2029 theatri
1478 1964 1765 2037 multitudo
1785 1973 1873 2027 in-

265 2062 486 2101 numera
519 2046 804 2119 complevit
831 2048 1095 2121 proximis
1115 2065 1145 2103 e
1163 2048 1505 2121 municipiis,
1538 2055 1589 2104 et
1615 2046 1706 2103 alii
1738 2048 1874 2102 urbe

262 2138 328 2175 ex
352 2122 487 2192 ipsa,
511 2121 720 2178 visendi
741 2124 992 2196 cupidine
1013 2131 1105 2179 aut
1122 2123 1295 2180 officio
1315 2125 1372 2180 in
1388 2123 1711 2213 principem.
1748 2123 1872 2195 Ipse

262 2196 464 2269 insigni
483 2196 876 2269 paludamento,
890 2216 1065 2273 neque
1078 2198 1263 2271 procul
1276 2199 1569 2274 Agrippina
1585 2196 1873 2273 chlamyde

261 2279 463 2337 aurata,
485 2272 812 2345 praesedere.
884 2276 1208 2349 Pugnatum,
1232 2290 1565 2349 quamquam
1587 2270 1725 2328 inter
1742 2290 1893 2329 ὅσω·

263 2354 368 2413 tes,
403 2345 617 2403 fortium
647 2349 884 2407 virorum
914 2350 1121 2405 animo:
1165 2366 1251 2417 ac,
1282 2357 1403 2423 post
1422 2348 1656 2408 multum
1676 2346 1875 2405 vulne-

260 2439 406 2487 rum,
428 2422 689 2479 occidioni
715 2427 947 2497 exempti
973 2434 1119 2481 sunt.
1212 2448 1219 2457 ·

369 2498 458 2553 57.
499 2496 604 2555 Sed
621 2498 851 2589 perfecto
870 2500 1188 2573 spectaculo,
1200 2504 1441 2573 apertum
1462 2514 1724 2574 aquarum
1746 2500 1869 2557 iter.

260 2572 473 2628 lncuria
498 2590 674 2645 opens
703 2574 980 2632 manifesta
1010 2576 1139 2643 fuit,
1181 2574 1327 2631 haud
1364 2574 1494 2631 satis
1532 2574 1773 2649 depressi
1802 2576 1873 2631 ad

347 2662 408 2701 ·1s
427 2649 536 2703 ima
559 2648 642 2704 vel
663 2646 854 2707 media.
913 2652 1118 2727 quue,
1143 2659 1377 2725 tempore
1393 2649 1683 2717 interiectu,
1706 2650 1873 2707 altius

379 2721 438 2774 ‘si
459 2736 652 2793 specus
669 2766 681 2789 ,
715 2734 765 2779 et
785 2726 1169 2783 contrahendae
1189 2744 1379 2783 rursus
1398 2721 1732 2783 multitudini
1750 2724 1873 2807 gla-

387 2808 525 2848 ›rum
555 2800 916 2857 spectaculum
948 2802 1121 2857 editur
1136 2842 1150 2867 ‚
1191 2800 1377 2858 inditis
1412 2800 1683 2878 pontibus¹
1705 2798 1875 2878 pede·
