2081 3038
261 232 360 287 308
825 235 1295 286 ANNALIUM
1586 229 1861 305 (amau.

259 336 486 397 Corbulc
507 339 678 396 socias
697 337 936 397 cohortes
959 347 1012 396 et
1035 338 1237 395 auxilia
1256 355 1444 413 regum
1464 356 1563 413 pro
1580 340 1861 409 cornibus,

259 414 436 473 medio
463 423 668 471 sextam
693 412 957 490 legionem
987 415 1286 483 constituit3
1328 415 1416 470 cui
1445 416 1607 471 accita
1634 432 1732 489 pu·
1764 434 1865 473 no-

257 499 397 547 ctem
413 489 537 547 aliis
557 506 625 547 ex
642 491 831 547 castris
851 491 952 547 tria
971 490 1141 547 millia
1165 490 1508 549 tertianorum
1529 493 1859 565 permiscue-

257 575 356 635 rat,
396 584 506 625 una
543 584 668 624 cum
695 565 897 640 aquila,
939 566 1098 639 quasi
1129 564 1312 621 eadem
1342 565 1481 641 legio
1512 574 1858 640 spectaretur.

256 641 536 709 Tiridates,
560 651 810 718 vergente
825 644 934 697 iam
954 640 1061 708 die,
1084 640 1269 713 procul
1290 640 1508 708 adstitit,
1522 641 1667 698 unde
1688 643 1859 699 videri

256 718 452 793 magis,
491 735 658 792 quam
696 717 872 773 audiri
909 724 1108 789 posset.
1188 716 1263 771 Ita
1290 717 1409 773 sine
1436 734 1723 793 congressu
1742 720 1861 775 dux

255 794 529 925 {naitanus
557 793 838 849 abscedere
866 790 1092 848 militem
1110 833 1123 857 ,
1164 809 1265 847 sua
1292 808 1569 867 quemque
1584 794 1642 849 in
1662 801 1857 860 eastra,

255 886 314 925 iu
410 912 424 925 .

367 948 450 1000 39.
480 944 615 1011 Rex,
625 943 742 1000 sive
759 942 1002 999 fraudem
1020 949 1354 1015 suspectans,
1368 943 1498 1016 quia
1514 940 1670 1016 plura
1690 943 1857 1000 simul

255 1020 313 1076 in
333 1020 447 1076 loca
465 1019 662 1085 ibatur,
685 1020 803 1075 sive
829 1024 892 1074 ut
909 1025 1238 1075 commeatus
1258 1026 1466 1075 nostros
1485 1020 1700 1075 Pontico
1718 1021 1860 1079 mari

253 1113 316 1150 ac
336 1096 664 1167 Trapezunte
681 1093 878 1168 oppido
894 1093 1237 1151 adventantes
1256 1094 1610 1167 interciperet,
1634 1110 1861 1169 propere

185 1170 204 1223 .“
252 1170 496 1228 discedit.
575 1168 680 1225 Sed
705 1186 885 1244 neque
911 1169 1295 1227 commeatibus
1327 1171 1440 1226 vim
1470 1166 1639 1226 facere
1661 1170 1855 1243 potuit,

253 1247 384 1377 202³?
409 1252 742 1377 Ξῗοῧίἰῖῗ
768 1244 1653 1379 ξξῗέΐὲἓζῑξῖιῖιῗᾱὲἕὴᾚῗῖ
1679 1247 1861 1395 iffi?

253 1394 536 1453 Armenios
563 1396 631 1453 ad
659 1363 760 1455 sua
781 1395 1111 1454 defendenda
1130 1404 1355 1471 cogeret,
1376 1364 1685 1453 exscindere
1703 1406 1858 1469 parat

253 1472 484 1530 castella.
551 1471 794 1548 sibique,
817 1472 962 1548 quod
983 1472 1381 1531 validissimum
1402 1472 1459 1528 in
1480 1489 1541 1528 ea
1559 1470 1860 1546 praefectu-

252 1568 331 1616 ra,
374 1558 722 1626 cognomento
757 1549 1081 1617 Volandum,
1123 1549 1315 1619 sumit3
1376 1549 1580 1606 minora
1611 1545 1861 1606 Cornelio

253 1625 442 1682 Flacco
468 1623 657 1702 legato,
690 1634 742 1681 et
765 1625 960 1682 Insteio
986 1623 1231 1699 Capitoni
1258 1630 1549 1681 castrorum
1569 1623 1854 1698 praefecto,

252 1700 488 1758 mandat.
565 1701 727 1768 Tum,
768 1700 1171 1774 circumspectis
1206 1700 1558 1756 munimentis
1572 1742 1585 1766 ,
1625 1708 1676 1755 et
1712 1716 1859 1772 quae

253 1775 636 1852 expugnationi
661 1775 871 1843 idonea,
901 1775 1154 1849 provisis,
1184 1774 1422 1832 hortatur
1442 1774 1660 1841 milites,
1684 1785 1743 1830 ut
1759 1778 1859 1830 ho·-

250 1861 379 1907 stom
403 1868 612 1922 mum,
641 1867 806 1922 nequo
826 1857 954 1921 pact·
979 1860 1074 1906 aut
1086 1854 1290 1920 praelio
1301 1859 1567 1922 paratum,
1588 1853 1679 1906 aed
1690 1855 1859 1921 perfl-

251 1931 396 1984 diant
433 1935 484 1982 et
511 1930 780 1999 &quacum
813 1931 943 1998 [uqa
980 1929 1311 1998 confitentem,
1351 1935 1601 1983 emant
1627 1929 1855 1991 sedibus,

251 2005 550 2074 mortuoquo
568 2006 777 2074 pariter
800 2012 850 2057 et
863 2007 1095 2072 praedae
1115 2005 1450 2062 consulerent.
1528 2002 1689 2069 Tum,
1716 2001 1865 2074 qua-i

251 2077 528 2151 dripartito
543 2077 801 2146 exercitu,
823 2077 922 2134 hos
939 2077 998 2133 in
1016 2076 1338 2134 testudinem
1364 2076 1702 2153 conglobatos
1719 2073 1874 2133 sub-⁸

251 2151 456 2210 ruendo
479 2153 622 2210 vallo
647 2153 873 2220 inducit,
903 2151 1036 2210 alios
1056 2151 1227 2208 scalas
1244 2153 1527 2209 moenibus
1547 2151 1852 2220 admovere,

251 2227 746 2303 multoqtormentis
765 2227 906 2284 faces
925 2235 976 2284 et
995 2229 1175 2284 hastas
1193 2228 1431 2284 incutere
1449 2228 1617 2285 iubet.
1664 2228 1859 2284 Libra-

250 2304 456 2360 toribus
476 2303 944 2378 funditoribusque
963 2304 1263 2361 adtributus
1284 2303 1453 2372 locus,
1472 2304 1621 2361 unde
1636 2304 1857 2360 eminus

249 2378 471 2452 glandes
490 2387 822 2454 torquerent3
864 2396 932 2436 ne
951 2397 1059 2454 qua
1078 2395 1204 2452 pars
1229 2379 1536 2436 subsidium
1564 2378 1857 2436 laboranti-

250 2453 356 2509 bus
375 2454 548 2522 ferret,
570 2471 689 2529 pan
707 2455 952 2528 undique
973 2463 1143 2510 motu.
1198 2456 1399 2512 Tantus
1416 2454 1543 2512 inde
1564 2453 1719 2512 ardor
1737 2471 1859 2510 cer-

251 2531 412 2584 tantis
430 2532 694 2588 exercitus
714 2529 834 2598 fuit,
864 2539 927 2586 ut
941 2531 1081 2586 intra
1100 2533 1308 2588 tertiam
1328 2531 1435 2588 diei
1453 2539 1659 2604 partem
1678 2529 1859 2586 nuda-

251 2604 293 2656 ti
331 2606 814 2681 propugnatoribus
851 2607 1016 2672 muri,
1056 2605 1233 2662 obices
1271 2614 1544 2679 portarum
1579 2605 1854 2674 subversi,

250 2685 400 2817 5:5⁹?
409 2690 994 2824 fflssflssffizssz‘:
1003 2695 1418 2830 βῒέῗέἒωωθ
1354 2681 1857 2816 Ρ“ιξ’,ΐῖῑῖ,ἳὶ“ὲῗ.ῗι·“.“ῗ
