2081 3038
233 238 482 310 reae.)
634 242 794 290 mn.
833 240 940 292 111.
979 244 1160 291 cAP.
1203 244 1441 291 τευ-52.
1632 245 1634 247 ·
1736 237 1835 296 its

233 347 342 401 Nec
361 344 645 418 pecuniam
677 357 768 401 aut
787 344 1116 401 frumentum
1139 346 1505 417 providerant:
1546 355 1599 402 et
1619 345 1839 402 festina*

234 423 306 478 tio
336 431 495 493 atque
516 420 742 477 aviditas
761 421 1191 494 praepediebant,
1218 421 1372 488 dum,
1394 438 1534 495 quae
1551 426 1719 496 accipi
1738 440 1836 495 po—

235 506 422 561 terant,
443 498 744 569 rapiuntur.

343 574 402 627 5⁴
416 612 428 626 .
450 572 834 629 Celeberrimos
855 580 1097 627 auctores
1115 571 1303 636 habeo,
1325 579 1523 627 tantam
1542 572 1836 627 victoribus

234 647 492 703 adversus
511 647 591 703 fas
611 647 868 721 nefasque
885 648 1292 703 inreverentiam
1318 646 1505 712 fuisse,
1525 656 1584 704 ut
1600 649 1837 720 gregari-

234 741 300 777 us
320 734 506 795 eques,
524 724 761 779 occisum
783 741 811 778 a
833 741 891 778 se
909 725 1152 795 proxima
1174 728 1286 778 acie
1308 720 1517 777 fratrem
1541 722 1833 794 professuS,

235 799 534 870 praemium
562 815 593 852 a
619 796 852 854 ducibus
877 800 1105 871 petierit.
1185 800 1295 853 Nec
1323 798 1433 852 illis
1462 808 1555 853 aut
1582 798 1839 853 honorare

233 890 351 928 eam
379 874 594 927 caedem
621 874 711 928 ius
738 874 1042 936 hominum,
1074 883 1166 929 aut
1184 874 1372 929 ulcisci
1394 875 1526 929 ratio
1544 872 1693 935 belli,
1718 888 1839 943 per-

233 948 489 1004 mittebat.
569 948 918 1014 Distulerant‚
981 959 1255 1023 tamquam
1305 950 1503 1005 maiora
1560 950 1832 1014 meritum,

233 1041 396 1097 quam
423 1040 564 1098 quae
591 1026 766 1079 statim
791 1024 1216 1083 exsolverentur:
1262 1041 1359 1081 nec
1376 1026 1676 1097 quidquam
1700 1024 1836 1079 ultra

233 1099 473 1154 traditur.
553 1100 799 1156 Ceterum
828 1110 880 1156 et
908 1102 1181 1173 prioribus
1206 1104 1409 1157 civium
1432 1101 1585 1156 bellis
1607 1118 1703 1172 par
1721 1116 1838 1155 sce-—

231 1175 318 1231 lus
356 1176 639 1231 inciderat:
682 1194 808 1231 nam
838 1176 1057 1248 proelio,
1100 1194 1210 1249 quo
1238 1178 1380 1249 apud
1414 1176 1709 1231 Ianiculum
1742 1175 1838 1230 ad-

230 1267 419 1305 versus
448 1251 675 1309 Cinnam
705 1259 1002 1325 pugnatum
1033 1261 1133 1316 est,
1171 1253 1523 1323 Pompeianus
1553 1253 1707 1307 miles
1732 1251 1837 1306 sra-

229 1335 364 1381 trem
385 1344 569 1391 suum,
592 1326 737 1391 dein,
761 1328 970 1399 cognito
989 1325 1239 1391 facinore,
1271 1344 1329 1381 se
1349 1328 1529 1397 ipsum
1553 1327 1829 1391 interfecit,

230 1408 290 1455 ut
309 1400 535 1455 Sisenna
551 1407 828 1456 memorat.
893 1400 1059 1455 Tanto
1078 1402 1245 1455 acrior
1265 1402 1406 1471 apud
1428 1404 1673 1463 maiores,
1697 1404 1836 1455 sicut

233 1476 523 1530 virtutibus
541 1474 730 1549 gloria,
755 1475 825 1530 ita
845 1472 1061 1549 flagitiis
1080 1476 1398 1546 poenitentia
1421 1474 1539 1529 fuit.
1582 1474 1683 1529 Sed
1709 1476 1836 1530 baec

231 1549 462 1622 aliaque,
476 1551 716 1605 exveteri
736 1553 992 1605 memoria
1011 1553 1191 1622 petita,
1206 1551 1453 1622 quotiens
1474 1567 1557 1604 res
1581 1549 1844 1622 locusque·

232 1624 476 1696 exempla
515 1626 642 1680 recti
680 1633 773 1680 aut
809 1625 994 1682 solatia
1032 1625 1161 1681 mali
1202 1634 1399 1697 poscet,
1434 1625 1579 1681 haud
1602 1626 1837 1681 absurde

233 1699 672 1755 memorabimus.
1417 1737 1423 1740 <

340 1778 426 1831 52.
454 1775 682 1831 Antonio
701 1775 1042 1848 ducibusque
1060 1776 1293 1848 partium
1315 1777 1583 1846 praemitti
1602 1777 1829 1848 equites,

229 1867 556 1924 omnemque
577 1851 852 1906 Umbriam
873 1851 1135 1923 explorari
1156 1850 1374 1922 placuit,
1400 1853 1447 1904 si
1468 1869 1577 1922 qua
1598 1853 1835 1922 Apenni-

229 1929 287 1982 ni
318 1928 443 2000 iuga
471 1925 789 1993 clementius
813 1927 1113 1982 adirentur:
1156 1927 1315 1980 acciri
1341 1926 1550 1998 aquilas
1571 1931 1835 2000 signaque

229 2011 281 2058 et
299 2001 570 2075 quidquid
589 2000 828 2058 Veronae
845 2001 1080 2057 militum
1104 2000 1260 2057 foret:
1286 2001 1599 2074 Padumque
1618 2010 1669 2056 et
1688 2017 1834 2057 mare

227 2077 616 2134 commeatibus
636 2077 910 2150 compleri.
989 2077 1157 2132 Erant
1176 2078 1313 2132 inter
1335 2076 1519 2142 duces,
1540 2078 1636 2150 qui
1661 2087 1835 2132 necte-

227 2160 345 2208 rent
374 2171 580 2210 moras:
641 2155 846 2226 quippe
873 2153 1078 2208 nimius
1108 2155 1215 2208 iam
1238 2151 1522 2218 Antonius,
1545 2163 1596 2208 et
1614 2153 1832 2208 certiora

227 2245 295 2284 ex
316 2229 561 2284 Muciano
579 2230 948 2302 sperabantur.
1023 2229 1271 2300 Namque
1290 2229 1593 2293 Mucianus,
1620 2237 1726 2282 tam
1748 2243 1834 2282 ce—

227 2303 324 2359 leri
345 2306 564 2360 victoria
593 2306 808 2371 anxius,
841 2312 910 2370 et,
939 2304 996 2360 ni
1015 2321 1269 2377 praesens
1288 2305 1423 2358 urbe
1442 2305 1717 2376 potiretur,
1740 2321 1835 2358 ex·-

224 2387 428 2450 pertem
450 2397 509 2435 se
536 2379 663 2436 belli
681 2380 992 2454 gloriaeque
1015 2389 1179 2446 ratus,
1210 2379 1277 2434 ad
1296 2381 1539 2434 Primum
1560 2389 1613 2435 et
1634 2379 1832 2434 Varum

225 2455 403 2510 media
431 2456 777 2527 scriptitabat,
809 2461 1110 2511 instandum
1139 2461 1345 2524 coepti-3,
1380 2462 1471 2510 aut
1490 2473 1681 2510 rursus
1703 2472 1834 2508 cun-

227 2534 406 2584 ctandi
425 2534 678 2586 utilitates
695 2530 1014 2596 edisserens,
1045 2541 1204 2604 atque
1224 2532 1295 2585 ita
1316 2532 1662 2602 compositus,
1686 2539 1747 2585 ut
1767 2547 1835 2584 ex

225 2613 421 2658 eventu
451 2622 631 2661 rerum
658 2607 879 2662 adstersa
899 2609 1173 2672 abnueret,
1205 2605 1288 2662 vel
1308 2622 1559 2678 prospera
1580 2621 1835 2681 agnosce-

223 2685 322 2734 ret.
401 2678 631 2736 Plotium
653 2683 922 2756 Griphum
941 2727 954 2750 ,
984 2699 1157 2756 nuper
1186 2700 1215 2737 a
1237 2683 1563 2753 Vespasiano
1590 2685 1647 2738 in
1677 2699 1835 2738 sena-

222 2754 422 2883 ²⁰¹ss¹¹¹¹
442 2755 684 2887 ordiflem
702 2759 964 2826 additum,
993 2775 1057 2816 ac
1076 2759 1271 2834 legioni
1290 2765 1673 2832 praepositum,
1693 2768 1813 2813 cete

345 2846 512 2886 aeirus
602 2869 615 2886 .
