2081 3038
285 204 387 258 322
868 207 1337 253 ANNALIUM
1640 199 1897 273 (rusia

381 293 445 348 66.
465 308 592 353 Nero,
614 307 743 347 ducta
759 307 979 357 Poppaea,
1001 306 1225 347 Octaviam
1242 307 1458 348 amolitur.
1506 308 1617 349 Tum
1640 310 1752 351 hanc
1769 321 1895 351 revo-

279 380 362 423 cat,
399 378 464 416 61.
479 376 665 416 laetante
683 377 858 425 populo.
877 376 1103 426 Poppaeae
1120 386 1222 415 mox
1239 376 1379 416 honos
1396 378 1625 427 repositus.
1657 378 1766 419 Eius
1784 378 1891 419 dou.

279 444 461 484 62-64.
480 443 652 484 Aniceti
669 444 830 485 scelere
849 442 1031 483 Octavia
1048 444 1093 483 in
1112 444 1288 483 exilium
1315 443 1441 493 pulsa
1456 447 1634 484 necatur
1650 446 1695 485 in
1720 446 1893 485 Panda·

281 513 405 552 teria.
431 512 690 561 ‘temporum
707 510 949 550 infelicitas.
981 510 1048 550 85.
1062 510 1261 551 mlier-tos
1275 510 1577 561 Doryphorum
1593 516 1637 554 et
1649 512 1891 554 Pallantem

276 590 444 619 veneno
461 579 575 619 tolllt
585 578 713 619 Nero.
745 577 907 618 Seneca
923 578 1155 618 incusatur.
1188 580 1291 619 Piso
1302 578 1463 619 Neroni
1481 580 1722 621 insidiatur.

379 647 511 689 Gesta
526 648 636 687 haec
653 647 778 686 annin
795 647 964 686 circiter
979 648 1196 696 quattuor,
1220 646 1265 686 0.
1285 646 1495 695 Vipstano,
1520 647 1567 687 0.
1583 648 1752 687 Meto
1765 648 1894 698 Capi-

277 719 384 756 tone.
420 716 529 765 Im».
548 715 712 755 Nerone
727 714 832 759 IV..
863 712 990 753 Gouo
1009 714 1201 753 Cornelio
1224 713 1409 753 Lentulo.
1458 714 1503 755 0.
1526 714 1723 755 Caesonio
1745 716 1889 763 Paeto,

280 784 323 824 G.
343 784 540 824 Favonio
561 782 818 831 maiano.
854 780 904 819 P.
919 780 1067 834 Xan-io
1088 780 1219 827 Celso.
1238 781 1288 820 Β.
1307 782 1453 822 Asinio
1472 782 1595 822 Gallo
1612 792 1715 823 coss.

395 873 443 927 i.
475 860 617 923 Caio
651 866 938 939 Vipstano,
973 866 1199 922 Fonteio
1220 884 1394 932 coss.,
1428 866 1529 923 diu
1558 867 1889 925 meditatum

278 945 464 1001 scelus
491 960 600 998 non
629 943 774 997 ultra
793 942 936 996 Nero
957 940 1196 1006 distulit,
1222 951 1492 1001 vetustate
1514 944 1737 1015 imperii
1759 963 1889 1003 eoa·-

277 1021 375 1076 lita
402 1018 631 1075 audacia
647 1058 660 1081 ,
696 1025 750 1071 et
770 1014 1089 1089 flagrantior
1116 1018 1173 1071 in
1202 1016 1325 1073 dies
1350 1036 1535 1075 amore
1562 1020 1881 1092 Poppaeae;

275 1113 438 1169 quae,
463 1094 574 1149 sibi
595 1092 1010 1149 matrimonium
1031 1100 1086 1147 et
1104 1092 1407 1149 discidium
1424 1092 1703 1159 Octaviae,
1728 1096 1891 1153 inco-

275 1172 414 1227 lumi
437 1169 767 1242 Agrippina,
797 1166 947 1224 haud
973 1184 1222 1239 sperans,
1246 1168 1460 1224 crebris
1478 1171 1889 1228 criminationi-

275 1246 412 1310 bus,
444 1242 744 1317 aliquando
771 1242 1147 1317 perfacetum,
1180 1245 1437 1300 incusare
1464 1247 1797 1320 principem,
1833 1257 1889 1305 et

268 1324 532 1392 pupilium
551 1336 771 1384 vocare,
803 1326 895 1389 qui
915 1324 1075 1375 iussis
1096 1323 1289 1375 alienis
1306 1324 1577 1385 obnoxius,
1606 1340 1710 1377 non
1734 1330 1890 1379 modo

274 1402 496 1466 imperii,
518 1400 608 1451 sod
628 1399 883 1451 libertatis
902 1400 1059 1450 etiam
1077 1401 1349 1465 indifferct.
1394 1396 1501 1451 Gur
1520 1402 1654 1452 enim
1674 1403 1887 1469 differ„

273 1477 487 1543 nuptias
503 1470 668 1528 suas?
692 1472 938 1528 Formam
961 1475 1161 1528 scilicet
1184 1474 1461 1542 displicere
1480 1483 1527 1528 et
1546 1478 1885 1543 triumphales

273 1547 438 1606 avos?
481 1567 554 1604 an
577 1553 942 1619 secunditatem
968 1558 1016 1602 et
1048 1565 1227 1603 verum
1252 1547 1523 1603 animum?
1570 1551 1787 1614 Timeri,
1822 1570 1888 1607 ne

273 1643 416 1681 uxor
433 1628 615 1680 saltem
636 1628 866 1680 iniurias
884 1633 1117 1692 patrum,
1145 1629 1285 1678 iram
1313 1626 1498 1694 populi
1516 1629 1766 1680 adversus
1790 1645 1887 1682 su-

267 1706 505 1772 perbiam
531 1704 914 1769 avaritiamque
938 1704 1151 1763 matriss,
1180 1703 1404 1767 aperiat.
1470 1699 1667 1765 Quodsi
1690 1719 1888 1757 nurum

273 1777 568 1846 Aqrippina
592 1779 800 1830 nonnisi
825 1778 935 1844 filio
961 1780 1213 1843 infestam,
1226 1779 1366 1844 serre
1393 1785 1587 1843 posset,
1628 1781 1888 1834 reddatur

252 1858 392 1921 ‘ipsa
420 1851 634 1907 Othonis
661 1854 919 1920 couiu9i0.
985 1851 1191 1905 Ituram
1226 1867 1428 1919 quoquo
1463 1861 1752 1915 terrarum,
1792 1857 1888 1908 ubi

271 1932 482 1982 audiret
515 1933 689 1995 potius
729 1928 1065 1982 contumelias
1091 1930 1447 1993 imperatoris,
1486 1944 1645 1994 quam
1673 1932 1882 1993 viseret,

270 2006 523 2072 periculis
549 2006 660 2056 eius
685 2007 932 2056 inmioeta.
989 2001 1134 2055 Haec
1164 2009 1331 2071 atque
1356 2000 1517 2064 talia,
1552 2001 1797 2057 lacrimis
1828 2013 1885 2059 et

275 2088 388 2134 arte
426 2077 708 2133 adulterae
746 2076 1089 2148 penetrantia
1104 2117 1117 2141 ,
1169 2092 1331 2131 nemo
1366 2076 1724 2147 prohibebat3
1780 2096 1884 2134 cu-

272 2155 558 2226 pientibus
594 2153 808 2208 cunctis
839 2151 1070 2224 infringi
1102 2151 1403 2222 potentiam
1430 2152 1642 2215 matris,
1678 2161 1733 2208 et
1759 2172 1885 2210 ere-

272 2231 436 2286 dente
458 2228 628 2292 nullo,
651 2245 828 2300 usque
848 2227 917 2282 ad
937 2226 1163 2281 caedem
1182 2227 1303 2282 eius
1323 2225 1585 2282 duratura
1604 2227 1705 2282 tilii
1726 2228 1881 2286 odia.

384 2308 438 2360 2.
469 2303 658 2360 Tradit
677 2301 928 2367 CluviuS,
951 2301 1316 2374 Agrippinam
1338 2302 1530 2359 ardore
1556 2304 1881 2361 retinendae

273 2379 547 2454 potentiae
568 2395 631 2433 eo
659 2395 836 2450 usque
861 2388 1197 2450 provectam,
1220 2386 1281 2434 ut
1302 2377 1485 2433 medio
1505 2378 1641 2444 diei,
1666 2398 1791 2437 cum
1820 2383 1881 2438 id

269 2455 536 2528 temporis
545 2455 686 2510 Nero
704 2472 804 2527 per
822 2455 1015 2510 vinum
1037 2461 1092 2508 et
1112 2453 1305 2526 epulas
1326 2453 1698 2519 incalesceret,
1712 2455 1882 2512 offer-

271 2540 353 2586 ret
372 2549 435 2587 se
454 2531 678 2603 saepius
697 2531 996 2586 temulento
1016 2537 1290 2602 comptam
1310 2538 1364 2586 et
1383 2531 1592 2586 incesto
1610 2541 1879 2602 paratam.
1936 2571 1941 2574 -

272 2609 515 2678 lamque,
541 2607 749 2663 lasciva
767 2607 953 2662 oscula
975 2613 1029 2660 et
1056 2605 1414 2676 praenuntias
1433 2604 1631 2680 flagitii
1652 2607 1881 2664 blandi-

271 2683 376 2736 tias
392 2680 784 2738 adnotantibus
797 2680 1362 2753 proximis,Senecam
1372 2690 1557 2737 contra
1570 2683 1880 2741 muliebres

271 2755 579 2811 inlecebras
592 2757 908 2812 subsidium
921 2775 950 2812 a
962 2756 1164 2812 femina
1175 2757 1460 2828 petivisse:
1478 2758 1879 2834 inmissamque
