2081 3038
185 208 454 288 (nasae.)
529 217 947 267 AcchLA.
989 221 1147 269 cAP.
1189 223 1428 268 24-26,
1682 215 1783 272 28⁸⁷

187 322 404 396 cogniti.
459 319 704 396 Agricola
723 322 1012 394 expulsum
1030 323 1288 379 seditione
1304 323 1587 381 domestica
1607 343 1781 382 unum

187 413 254 453 ex
271 395 474 472 regulis
493 399 668 472 gentis
688 407 979 470 exceperat,
1003 415 1067 455 ac
1084 399 1260 470 specie
1279 401 1541 455 amicitiae
1558 403 1615 456 in
1634 419 1785 458 occa-

187 473 391 528 sionem
422 473 695 529 retinebat.
774 473 940 546 Saepe
967 492 1036 530 ex
1066 491 1129 530 eo
1154 474 1359 539 audivi,
1381 475 1585 549 legione
1604 494 1710 534 una
1733 487 1783 532 et

187 547 410 604 modicis
429 549 646 605 auxiliis
665 549 916 604 debellari
935 551 1269 622 obtinerique
1278 550 1585 606 Hiberniam
1603 569 1779 624 posse.

187 624 354 697 quue
381 627 540 680 etiam
571 623 826 681 adversus
853 626 1180 682 Britanniam
1209 625 1569 698 profuturum,
1602 645 1647 681 si
1680 627 1785 682 Ro-

188 717 344 756 mana
369 701 577 774 ubique
603 718 770 768 arma,
801 710 854 756 et
871 701 1019 757 velut
1046 719 1076 757 e
1096 709 1380 774 conspectu
1405 701 1618 757 libertas
1637 700 1787 757 tolle-

187 785 350 832 retur.
1023 805 1030 810 ·

295 855 380 908 925.
423 851 669 908 Ceterum
697 852 906 918 aestate,
935 870 1045 925 qua
1065 860 1278 908 sextum
1296 852 1458 908 officii
1476 870 1679 908 annum
1699 854 1786 908 in-

187 928 426 993 choabat,
449 925 730 1000 amplexus
750 928 990 983 civitates
1007 936 1154 985 trans
1174 929 1471 985 Bodotriam
1492 930 1639 994 sitaS,
1656 929 1785 1001 quia

187 1013 363 1061 motus
383 1006 758 1060 universarum
780 1003 918 1059 ultra
937 1006 1201 1078 gentium,
1214 1013 1265 1060 et
1282 1003 1473 1060 infesta
1492 1004 1671 1060 hostili
1693 1021 1786 1060 ex-

186 1082 351 1136 ercitu
387 1081 596 1145 itinera,
638 1081 960 1136 timebantur
976 1123 988 1147 ‚
1029 1089 1215 1152 portus
1251 1081 1419 1136 classe
1457 1080 1781 1152 exploravit:

185 1174 342 1230 quae,
366 1157 433 1212 ab
443 1155 685 1231 Agricola
706 1158 944 1229 primum
963 1156 1246 1230 adsumpta
1266 1158 1323 1212 in
1342 1165 1545 1230 partem
1558 1158 1779 1223 virium,

185 1232 503 1305 sequebatur
522 1233 731 1307 egregia
750 1233 944 1304 specie,
969 1251 1097 1288 cum
1118 1233 1280 1289 simul
1302 1241 1459 1300 terra,
1482 1233 1645 1288 simul
1670 1251 1786 1288 ma-
1873 1233 1885 1249 ‘

122 1328 127 1335 ’
185 1309 251 1373 ri,
295 1307 494 1363 bellum
525 1308 886 1379 inpelleretur,
928 1326 990 1363 ac
1019 1309 1177 1380 saepe
1200 1308 1393 1363 iisdem
1413 1311 1599 1364 castris
1620 1309 1783 1380 pedes

186 1399 480 1454 equesque,
520 1390 571 1437 et
611 1383 856 1438 nauticus
895 1382 1073 1447 miles,
1118 1385 1273 1437 mixti
1302 1385 1469 1456 copiis
1495 1393 1545 1438 et
1565 1383 1778 1449 laetitia,

185 1475 283 1513 sua
305 1459 538 1531 quisque
558 1456 709 1524 facta,
733 1475 860 1513 suos
881 1475 1037 1512 casus
1059 1457 1390 1512 adtollerent:
1434 1475 1495 1512 ae
1516 1459 1671 1514 modo
1690 1458 1785 1512 sil-

187 1552 376 1589 varum
416 1542 467 1588 et
504 1535 766 1589 montium
805 1532 1087 1605 profunda,
1131 1533 1287 1588 modo
1321 1541 1692 1606 tempestatum
1725 1552 1786 1588 ac

188 1608 446 1665 fluctuum
467 1609 707 1675 adversa,
730 1610 857 1664 hinc
874 1617 1010 1664 terra
1029 1616 1081 1663 et
1098 1609 1286 1675 hostiS,
1309 1609 1437 1665 hinc
1456 1620 1643 1665 auctus
1653 1608 1781 1665 Oce·

187 1703 322 1741 anus
345 1685 560 1739 militari
578 1686 822 1740 iaetantia
842 1693 1291 1757 compararentur.
1350 1685 1628 1741 Britannos
1648 1704 1784 1759 quo-

186 1778 312 1835 que,
339 1768 406 1816 ‘ut
431 1778 499 1815 ex
527 1761 750 1832 captivis
777 1761 1111 1829 audiebatur,
1135 1762 1252 1818 visa
1273 1760 1461 1816 classis
1479 1762 1785 1833 obstupefa-

185 1837 373 1902 ciebat,
416 1844 710 1909 tamquam,
755 1845 932 1909 aperto
960 1838 1126 1893 maris
1156 1838 1242 1892 sui
1270 1845 1487 1903 secreto,
1531 1838 1781 1893 ultimum

186 1913 342 1969 victis
360 1912 667 1986 perfugium
687 1911 1036 1970 clauderetur.
1103 1912 1186 1969 Ad
1210 1931 1405 1969 manus
1424 1920 1474 1968 et
1492 1930 1637 1968 arma
1658 1931 1783 1968 con-

187 1990 327 2045 versi
349 1988 686 2045 Caledoniam
705 1988 992 2045 incolentes
1011 1990 1217 2063 populi,
1233 1997 1416 2062 paratu
1439 2006 1651 2063 magn0,
1668 2008 1783 2042 ma-

184 2067 295 2121 iore
334 2064 493 2129 fama,
537 2065 615 2120 uti
652 2082 769 2121 mos
799 2072 878 2119 est
905 2065 971 2120 de
994 2066 1212 2141 ignotiS,
1252 2082 1592 2140 oppugnasse
1620 2064 1778 2130 ultr0,

185 2139 394 2196 castella
435 2140 622 2207 adorti,
663 2148 887 2208 metum,
939 2148 998 2197 ut
1034 2150 1398 2213 provocanteS,
1444 2140 1777 2196 addiderant:

183 2217 702 2291 regrediendumque
729 2218 858 2272 citra
885 2216 1203 2283 Bodotriam,
1235 2225 1286 2272 et
1306 2216 1668 2273 excedendum
1687 2233 1783 2287 po-

186 2295 313 2360 tine,
345 2310 508 2367 quam
537 2290 878 2364 pellerentur,
909 2294 1087 2365 specie
1114 2294 1459 2365 prudentium
1486 2292 1668 2365 ignavi
1689 2291 1783 2345 ad-

185 2370 496 2426 monebant:
539 2385 663 2423 cum
683 2368 896 2423 interim
915 2370 1201 2443 cognoscit,
1219 2369 1396 2424 hostes
1416 2368 1667 2441 pluribus
1689 2382 1783 2440 ag·-

185 2445 424 2503 minibus
453 2445 782 2515 inrupturos„
863 2443 958 2510 Ac,
987 2462 1057 2500 ne
1075 2453 1357 2517 superante
1376 2461 1601 2500 numero
1618 2451 1668 2497 et
1688 2460 1782 2514 pe-

183 2522 304 2576 ritia
326 2520 559 2577 locorum
583 2520 972 2588 circumiretur,
996 2520 1171 2576 diviso
1190 2528 1241 2576 et
1259 2520 1377 2593 ipse
1400 2522 1459 2576 in
1479 2528 1584 2576 tres
1603 2526 1780 2591 partes

183 2594 418 2653 exercitu
442 2596 676 2651 incessit.

293 2674 380 2729 26.
422 2669 576 2738 Quod
604 2670 697 2727 uhi
727 2672 999 2747 cognitum
1017 2671 1179 2739 hosti,
1204 2678 1403 2727 mutato
1421 2678 1635 2744 repente
1655 2688 1781 2727 con-

181 2744 326 2815 silio,
348 2747 588 2809 universi
607 2762 803 2817 nonam
823 2746 1107 2825 legionem,
1130 2755 1192 2807 ut
1208 2750 1443 2807 maxime
1462 2746 1775 2816 invalidam,
