2081 3038
133 2876 159 2886 ο.-

545 167 960 213 DIALOGUS.
1001 168 1161 215 cAP.
1205 170 1444 214 14—16.
1699 164 1796 219 3¹5

189 270 288 325 siis
311 268 545 333 recessit,
567 276 618 322 et
637 268 806 322 otiu'm
828 285 992 323 suum
1013 269 1223 324 mavult
1242 286 1503 325 novorum
1524 270 1797 327 rhetorum

189 362 358 409 more,
389 361 552 416 quam
576 351 814 399 veterum
829 352 1125 411 oratorum,
1150 361 1484 400 consumere.

305 423 386 475 ⁴5.
430 420 568 474 Tum
590 418 751 490 Aper,
795 419 914 473 Non
933 420 1157 485 desinis,
1200 418 1445 487 Messala,
1492 428 1663 476 vetera
1683 429 1799 477 tan-

189 506 306 552 tum
345 504 396 549 et
433 495 652 566 antiqua
691 494 896 560 mirari,
939 503 1243 550 nostrorum
1282 502 1460 549 autem
1498 503 1799 569 temporum

189 572 366 629 studia
405 569 638 625 inridere
675 577 835 643 atque
873 569 1251 625 contemnere?
1306 569 1445 625 Nam
1472 569 1621 625 hunc
1644 578 1800 627 tuum

191 662 492 703 sermonem
521 662 680 717 saepe
707 646 912 719 excepi,
955 663 1103 711 cum,
1125 643 1323 701 oblitus
1344 652 1395 704 et
1413 654 1534 701 tuae
1554 653 1605 699 et
1624 644 1802 701 fratris

191 724 268 780 tui
303 721 653 795 eloquentiae,
696 722 967 775 neminem
1003 720 1106 776 hoc
1132 728 1368 793 tempore
1393 727 1654 776 oratorem
1685 738 1803 776 esse

191 797 563 855 contenderes:
607 804 768 867 atque
787 795 844 850 id
865 812 960 863 eo„
979 796 1153 862 credo,
1177 796 1456 862 audacius„
1479 794 1627 869 quod
1646 796 1803 851 mali-

189 875 410 950 gnitatis
446 873 752 945 opinionem
781 889 888 926 non
919 871 1211 937 verebaris,
1252 889 1378 927 cum
1406 888 1526 927 eam
1549 871 1798 947 gloriam,

191 968 357 1023 quam
378 948 475 1005 tibi
495 947 588 1003 alii
607 946 920 1013 concedunt,
945 948 1064 1020 ipse
1084 947 1181 1002 tibi
1199 946 1508 1021 denegares·

301 1025 489 1097 Neque
526 1023 697 1089 illiue,
740 1023 937 1095 inquit,
979 1023 1245 1083 sermonis
1284 1023 1391 1078 mei
1418 1022 1801 1095 poenitentiam

189 1120 316 1177 ago;
379 1116 556 1172 neque
591 1106 683 1154 aut
718 1096 1058 1164 Secundum,
1106 1106 1200 1156 aut
1240 1100 1575 1164 Maternum,
1622 1104 1715 1153 aut
1752 1106 1803 1153 te

188 1180 393 1249 ipsum,
417 1174 576 1248 Aper,
599 1174 952 1249 (quamquam
973 1174 1243 1231 interdum
1262 1175 1319 1230 in
1340 1174 1666 1233 contrarium
1689 1173 1803 1229 dis-

189 1251 362 1325 putes)
383 1250 533 1306 aliter
557 1252 752 1305 sentire
771 1249 946 1306 credo.
1026 1248 1104 1309 Ac
1125 1249 1289 1306 velim
1308 1251 1713 1323 interpretatum
1733 1249 1800 1304 ab

191 1328 372 1399 aliquo
393 1334 654 1390 vestrum,
696 1332 756 1378 ut
779 1341 996 1383 caussas
1025 1324 1194 1379 huius
1220 1324 1459 1380 infinitae
1476 1324 1801 1380 differentiae

191 1408 456 1458 scrutetur
485 1418 546 1454 ac
571 1398 774 1463 reddat,
805 1415 943 1470 quas
965 1415 1180 1453 mecum
1197 1400 1314 1471 ipse
1332 1398 1656 1471 plerumque
1676 1416 1801 1454 con-

191 1478 365 1554 quiro.
442 1476 528 1543 Et,
569 1473 714 1548 quod
753 1472 1083 1548 quibusdam
1122 1471 1306 1530 solatio
1336 1482 1433 1540 est,
1478 1474 1614 1530 mihi
1645 1480 1803 1548 auget

192 1553 580 1628 quaestionem,
621 1551 750 1623 quia
788 1549 962 1614 video,
1007 1550 1166 1604 etiam
1209 1549 1386 1604 Graiis
1426 1549 1701 1615 accidisse,
1743 1557 1803 1605 ut

193 1628 408 1702 longius
429 1626 569 1682 absit
587 1625 852 1680 Aeschine
871 1633 921 1679 et
939 1625 1293 1680 Demosthene
1312 1624 1564 1681 Sacerdos
1586 1625 1685 1681 iste
1705 1626 1803 1680 Ni-

193 1711 353 1768 Getes,
378 1710 430 1757 et
448 1703 496 1757 si
517 1701 641 1774 quis
662 1701 800 1756 alius
819 1700 1099 1774 Ephesum
1120 1701 1203 1758 vel
1226 1701 1509 1775 Mitylenas
1533 1702 1800 1757 continuis

193 1777 631 1834 scholasticorum
659 1776 981 1832 clamoribus
1002 1777 1193 1851 quatit,
1218 1794 1378 1848 quam
1398 1775 1524 1832 Afer
1552 1785 1643 1832 aut
1660 1776 1802 1831 Afri-

193 1871 360 1910 canus
382 1861 473 1909 aut
491 1871 585 1909 vos
605 1854 711 1925 ipsi
731 1871 762 1907 a
782 1851 1032 1908 Cicerone
1052 1859 1144 1908 aut
1163 1851 1350 1908 Asinio
1370 1852 1685 1906 recessistis

309 1933 390 1984 ⁴6.
431 1929 701 2004 Magnam,
734 1928 913 2000 inquit
931 1925 1230 1993 SecunduS,
1262 1936 1312 1982 et
1341 1926 1561 2002 dignam
1577 1934 1800 1981 tractatu

193 2005 559 2080 quaestionem
579 2005 816 2060 movisti.
868 2001 972 2058 Sed
991 2004 1117 2076 quis
1138 2019 1255 2058 eam
1274 2003 1472 2060 iustius
1491 2001 1797 2076 explicabit,

192 2100 358 2156 quam
392 2088 470 2148 tu,
515 2080 582 2136 ad
610 2081 766 2135 cuius
793 2096 1065 2134 summam
1085 2077 1438 2138 eruditionem
1458 2086 1509 2135 et
1527 2086 1801 2152 praestan-

192 2159 466 2214 tissimum
493 2155 772 2230 ingenium
801 2173 928 2210 cura
946 2172 1165 2228 quoque
1184 2163 1235 2210 et
1254 2154 1525 2212 meditatio
1545 2153 1802 2210 accessit?

301 2234 370 2287 Et
397 2231 641 2297 Messala,
671 2231 942 2303 Aperiam,
977 2231 1173 2304 inquit,
1198 2232 1537 2307 cogitationes
1558 2249 1727 2297 mm,
1750 2230 1799 2286 si

192 2308 328 2364 illud
350 2325 379 2362 a
402 2307 554 2364 vobis
573 2313 692 2361 ante
710 2308 1062 2378 inpetravero,
1075 2315 1136 2363 ut
1146 2325 1239 2364 vos
1258 2324 1476 2382 quoque
1495 2323 1797 2366 sermonem

193 2385 341 2440 hunc
360 2391 602 2440 nostrum
621 2381 904 2438 adiuvetis,

303 2460 404 2515 Pro
432 2458 664 2524 duobus,
704 2458 884 2530 inquit
912 2457 1202 2526 MaternuS,
1242 2458 1513 2532 promitto.
1592 2458 1731 2514 Nam
1750 2465 1801 2512 et

194 2553 292 2609 ego
313 2541 364 2589 et
372 2533 651 2593 Secundus
671 2550 1029 2606 exsequemur
1048 2551 1136 2589 eas
1156 2543 1353 2607 putee,
1367 2551 1505 2607 quas
1524 2532 1800 2590 intellexe-

194 2612 369 2665 rimus
406 2616 456 2664 te
493 2628 599 2665 non
636 2616 743 2664 tam
783 2609 1051 2676 omisisse,
1089 2628 1257 2684 quam
1296 2609 1451 2670 nobis
1489 2608 1793 2682 reliquisse.

197 2685 402 2762 Aprum
425 2685 568 2752 enim
588 2685 756 2745 solere
773 2684 1079 2753 dissentire,
1100 2694 1153 2743 et
1173 2694 1230 2745 tu
1248 2684 1431 2764 paullo
1451 2691 1571 2743 ante
1590 2683 1795 2751 dixisti,
