2081 3038
276 157 556 270 Λ.ο.το.).
701 183 862 256 Lis.
903 207 972 254 11.
1014 207 1193 256 cAP.
1234 208 1316 254 81.
1356 209 1441 253 82.
1784 195 1881 248 403

388 307 473 358 81.
515 302 652 357 Ante
678 302 804 357 Idus
832 303 998 358 lulias
1025 303 1179 378 Syria
1206 306 1385 361 omnis
1413 305 1468 368 in
1498 306 1681 362 eodem
1704 325 1887 364 sacra-

278 386 456 433 mento
496 376 616 432 fuit.
695 378 978 434 Accessere
1013 395 1139 433 curn
1183 395 1345 452 regno
1382 378 1695 446 Sohaemus,
1735 381 1879 437 haud

277 452 596 524 spernendis
615 452 854 520 viribus;
895 454 1209 518 Antiochus,
1234 455 1453 508 vetustis
1471 456 1666 526 opibus
1687 459 1879 530 ingens

277 537 328 582 et
347 528 754 584 inservientium
777 545 966 602 regum
985 529 1309 584 ditissimus.
1387 529 1509 585 Mox
1534 547 1628 602 per
1645 532 1876 586 occultos

275 620 500 658 suorum
521 604 736 661 nuntios
757 605 963 659 excitus
981 603 1050 658 ab
1073 603 1203 660 urbe
1221 602 1478 676 Agrippa,
1501 605 1687 676 ignaro
1703 607 1880 661 adhue

275 677 508 744 Vitellio,
539 677 697 734 celeri
719 678 1057 751 navigatione
1075 688 1464 750 properaverat.
1542 679 1651 734 Nec
1674 682 1879 736 minore

277 753 460 810 animo
499 754 680 827 regina
717 753 967 808 Berenice
985 763 1179 824 ¹partes
1216 753 1453 818 iuvabat,
1492 751 1685 811 florens
1714 765 1878 810 aetate

277 825 582 899 formaque,
621 837 674 882 et
709 830 824 884 seni
862 845 1081 900 quoque
1117 828 1443 900 Vespasiano
1484 829 1877 902 magnificentia

277 918 566 958 munerum
605 911 771 976 grata.
851 901 1131 975 Quidquid
1186 905 1585 974 provinciarum
1642 904 1878 958 adluitur

276 977 434 1042 mari,
461 976 588 1034 Asia
617 987 780 1050 atque
797 977 996 1034 Achaia
1021 986 1197 1042 tenus.
1220 989 1594 1050 quantumque
1612 979 1875 1034 introrsus

273 1054 333 1107 in.
360 1051 586 1108 Pontum
615 1061 668 1108 et
693 1053 976 1111 Armenios
1001 1055 1239 1125 patescit,
1269 1057 1531 1109 iuravere.
1610 1053 1713 1108 Sed
1734 1055 1877 1109 iner-

273 1143 388 1182 mes
409 1126 565 1201 legati
593 1128 864 1201 regebant,
879 1128 1125 1186 ,nondum
1146 1129 1340 1184 additis
1360 1128 1723 1200 Cappadociae
1746 1129 1876 1202 legi-

255 1202 485 1258 .unibus.
565 1201 864 1269 Consilium
891 1205 959 1258 de
975 1221 1190 1259 summa
1211 1221 1387 1260 rerum
1408 1205 1583 1278 Beryti
1608 1204 1870 1270 habitum.

270 1275 416 1332 Illuc.
431 1277 713 1332 Mucianus
743 1295 868 1334 cum
898 1278 1085 1352 legatis
1114 1279 1453 1350 tribunisque
1480 1288 1530 1333 et
1550 1279 1875 1350 splendidis-

271 1351 410 1406 simo
437 1368 654 1423 quoque
681 1354 1057 1410 centurionum
1084 1369 1147 1406 ac
1173 1351 1407 1406 militum
1436 1355 1608 1408 venit:
1652 1364 1702 1408 et
1734 1373 1763 1408 e
1786 1355 1875 1409 lu-

271 1425 422 1480 daico
459 1426 693 1490 exercitu
735 1426 866 1480 lecta
899 1426 1109 1480 decora.
1189 1425 1417 1482 Tantum
1447 1425 1612 1481 simul
1630 1429 1871 1497 peditum

272 1500 627 1571 equitumque
663 1508 716 1556 et
747 1499 1135 1555 aemulantium
1173 1499 1309 1554 inter
1346 1516 1407 1555 se
1440 1517 1629 1573 regum
1653 1513 1867 1572 paratus

271 1575 506 1646 speciem
526 1574 766 1630 fortunae
784 1574 1097 1647 principalis
1118 1573 1411 1630 effecerant.

383 1652 468 1705 82.
504 1650 681 1705 Prima
701 1650 992 1715 bellicum,
1014 1667 1170 1723 agere
1188 1648 1443 1713 delectus.
1464 1666 1709 1706 revocare
1728 1660 1869 1707 vete-

271 1740 449 1779 ranos.
527 1724 867 1781 Destiiiantur
886 1725 1093 1781 validae
1110 1726 1351 1780 civitates
1370 1726 1677 1781 exercendis
1694 1744 1871 1782 armo·—

269 1816 396 1855 rum
411 1797 668 1858 officinis:
701 1801 847 1871 apud
865 1800 1249 1856 Antiochenses
1266 1817 1459 1857 aurum
1480 1811 1871 1873 argentumque

269 1874 540 1948 signatur:
604 1890 774 1947 eaque
809 1884 998 1931 cuncta
1037 1892 1133 1946 per
1170 1876 1389 1930 idoneos
1417 1877 1709 1939 ministros,
1752 1878 1867 1931 suis

269 1966 518 2021 quaeque
537 1947 684 2014 locis,
710 1948 1112 2005 festinabantur.
1172 1951 1297 2021 Ipse
1318 1950 1680 2021 Vespasianus
1701 1950 1865 2015 adire,

263 2023 486 2094 hortari,
505 2024 673 2083 bonos
695 2024 870 2090 laude,
892 2042 1085 2097 segnes
1102 2024 1366 2097 exemplo,
1390 2026 1609 2081 incitare
1630 2028 1773 2096 saepi
1782 2044 1864 2089 uS,

265 2116 432 2172 quam
459 2115 724 2168 eoercere3
765 2100 896 2155 vitia
921 2101 1097 2173 magis
1119 2101 1435 2165 amicorum,
1458 2117 1623 2172 quam
1647 2102 1867 2155 virtutes

265 2172 664 2232 dissimulans.·
715 2174 914 2231 Multos
940 2173 1285 2245 praefecturis
1305 2184 1356 2230 et
1373 2175 1863 2246 procurationibus;

263 2248 548 2321 plerosque
575 2251 825 2307 senatorii
852 2249 1059 2305 ordinis
1086 2248 1287 2306 honore
1312 2249 1571 2321 percoluit
1584 2291 1596 2312 ‚
1627 2251 1867 2323 egregios

263 2326 410 2382 viros
437 2332 492 2379 et
517 2342 642 2395 mox
670 2342 884 2380 summa
913 2323 1155 2395 adeptos;
1195 2324 1524 2395 quibusdam
1545 2322 1750 2379 fortuna
1773 2341 1867 2395 pro

264 2398 558 2455 virtutibus
602 2397 724 2458 fuit.
800 2399 1123 2455 Donativum
1166 2399 1327 2455 militi
1372 2416 1548 2472 neque
1584 2400 1866 2456 Mucianus

261 2474 440 2545 prima
457 2474 725 2545 concione,
749 2474 858 2531 nisi
878 2473 1105 2538 modice,
1131 2474 1455 2542 ostenderat3
1498 2491 1567 2529 ne
1585 2474 1867 2546 Vespasia-

263 2564 371 2603 nus
389 2548 610 2619 quidem
629 2548 756 2620 plus
773 2548 922 2605 civili
940 2547 1081 2605 bello
1096 2548 1307 2613 obtulit,
1329 2565 1494 2620 quam
1514 2548 1607 2605 alii
1627 2550 1683 2605 in
1704 2566 1861 2621 pace:

233 2624 474 2695 'egregie
503 2622 692 2685 firmus
717 2624 978 2682 adversus
1006 2623 1293 2679 militarem
1320 2623 1673 2697 largitionem,
1696 2640 1865 2696 eoque
1912 2649 1914 2651 ·

262 2699 496 2756 exercitu
535 2698 771 2758 meliore.
848 2699 1002 2759 Missi
1040 2697 1109 2761 ad
1146 2698 1401 2771 Parthum
1436 2699 1865 2771 Armeniumque
