2081 3038
346 202 444 256 444
903 204 1378 255 Anxanum
1664 194 1943 270 (i.u.82o.

338 314 546 379 perium
569 316 817 375 evertant,
847 310 1135 379 libertatem
1146 313 1480 380 praeferunt.-
1517 310 1568 366 si
1578 312 1943 377 perverterint,

343 388 630 441 libertatem
649 389 818 453 ipsam
835 388 1221 455 adgrediemur.
1294 380 1523 438 Frustra
1544 381 1783 439 Cassium
1798 401 1947 439 amo-

343 465 482 523 visti,
502 464 550 515 si
568 463 786 529 miscere
803 470 852 515 et
869 465 1043 529 vigere
1056 458 1338 515 Brutorum
1357 462 1586 515 aemulos
1596 475 1858 528 passurus
1876 476 1946 513 ee.

345 538 575 604 Denique
592 538 723 590 nihil
743 540 852 605 ipse
880 540 942 589 de
966 536 1193 590 stra-eea
1211 539 1512 603 scripsimus,-
1550 538 1949 609 disceptatorem

343 620 579 665 senatum
600 614 747 665 nobis
765 614 1012 681 relinque.
1084 607 1303 665 Extollit
1320 610 1400 663 ira
1418 617 1729 681 promptum
1748 608 1947 671 Cossu-

345 686 475 741 tiani
513 686 760 741 animum
796 686 961 741 Nero:
1021 684 1311 757 adiicitque
1346 684 1657 741 Marcellum
1690 684 1943 755 Eprium,

345 762 452 815 acri
471 758 788 833 eloquentia.

452 839 539 893 23.
582 836 651 890 At
667 836 885 890 Baream
904 832 1166 890 Soranum
1188 835 1295 889 iam
1316 834 1421 889 sibi
1438 832 1941 900 OstoriusSabinus,

346 928 511 985 eques
549 910 820 965 Romanus
835 952 848 975 ‚
889 917 1196 985 poposcerat
1232 927 1385 965 reum
1402 952 1417 977 ,
1458 927 1524 965 ex
1566 909 1945 981 proconsulatu

346 986 522 1051 Asiae,
555 986 613 1041 in
640 1002 750 1059 qua
774 984 1091 1040 offensiones
1111 986 1373 1057 principis
1394 987 1545 1041 auxit
1560 986 1763 1044 iustitia
1786 995 1947 1057 atque

347 1061 630 1124 industria,
660 1067 712 1114 et
737 1062 868 1133 quia
885 1060 1064 1131 portui
1080 1060 1440 1133 Ephesiorum
1459 1060 1739 1133 aperiendo
1759 1077 1947 1118 curam

345 1139 733 1207 insumpserat:
779 1135 999 1208 vimque
1017 1136 1247 1193 civitatis
1272 1136 1643 1209 Pergamenae,
1654 1135 1950 1207 prohiben-

346 1212 414 1266 tis
435 1210 708 1275 Acratum,
732 1208 972 1267 Caesaris
992 1210 1263 1276 libertum,
1276 1218 1476 1268 statuas
1497 1219 1547 1265 et
1566 1212 1802 1284 picturas
1822 1229 1950 1269 ave-

348 1286 491 1351 here,
515 1282 744 1341 inultam
761 1286 1030 1342 omiserat.
1106 1284 1211 1341 Sed
1231 1287 1445 1343 crimini
1464 1286 1687 1343 dabatur
1712 1288 1950 1343 amicitia

348 1362 539 1426 Plauti,
573 1368 624 1415 et
651 1361 872 1418 ambitio
898 1360 1256 1417 conciliandae
1283 1363 1587 1433 provinciae
1614 1361 1683 1417 ad
1704 1379 1833 1433 spes
1854 1380 1951 1418 no-

351 1454 460 1492 vas.
541 1436 777 1509 Tempus
796 1436 1121 1492 damnationi
1140 1434 1423 1505 delectum,
1452 1456 1561 1509 quo
1580 1436 1841 1495 Tiridates
1862 1456 1950 1493 ac-

347 1511 622 1586 cipiendae
662 1512 944 1568 Armeniae
980 1530 1145 1586 regno
1170 1512 1509 1569 adventabat:
1552 1523 1612 1568 ut
1639 1512 1707 1568 ad
1731 1522 1947 1570 externa

346 1589 656 1644 rumoribus
683 1588 996 1644 intestinum
1027 1585 1203 1644 scelus
1226 1588 1617 1654 obscuraretur,
1640 1607 1731 1654 an,
1753 1598 1815 1647 ut
1832 1608 1949 1646 ma·-

345 1664 682 1737 gnitudinem
717 1663 1114 1736 imperatoriam
1152 1663 1309 1720 caede
1345 1664 1643 1738 insignium
1680 1666 1944 1730 virorum,

347 1739 504 1812 quasi
524 1739 669 1812 regio
689 1735 939 1804 facinore,
959 1747 1259 1794 ostentaret.
1316 1787 1323 1794 .

455 1817 540 1872 24.
583 1813 769 1888 Igitur,
782 1815 932 1870 omni
951 1814 1163 1869 civitate
1181 1813 1248 1868 ad
1258 1813 1632 1886 excipiendum
1642 1814 1943 1888 principem

345 1887 802 1962 spectandumque
822 1906 1001 1964 regem
1027 1889 1214 1956 effusa,
1236 1889 1485 1956 Thrasea,
1514 1907 1741 1949 occursu
1760 1892 1946 1964 prohi-

345 1965 510 2030 bitus,
534 1982 639 2020 non
659 1962 874 2020 demisit
893 1965 1164 2021 animum:
1194 1965 1290 2020 sed
1308 1963 1577 2020 codicillos
1596 1965 1663 2022 ad
1680 1966 1945 2025 Neronem

345 2041 664 2112 composuit,
684 2041 964 2114 requirens
982 2040 1203 2105 obiecta,
1216 2049 1267 2096 et
1284 2048 1705 2114 expurgaturum
1724 2041 1948 2098 adseve-

345 2133 490 2182 rans,
513 2115 562 2172 si
583 2115 822 2170 notitiam
842 2114 1133 2170 criminum
1160 2123 1212 2172 et
1228 2115 1435 2188 copiam
1462 2114 1704 2172 diluendi
1718 2117 1948 2174 habuis-

345 2200 443 2247 set.
521 2189 628 2246 Eos
652 2188 920 2246 codicillos
948 2191 1086 2248 Nero
1102 2198 1442 2264 properanter
1464 2192 1684 2264 accepit,
1708 2209 1827 2264 spe,
1850 2211 1948 2250 ex-

344 2268 588 2322 territum
616 2263 903 2322 Thraseam
943 2265 1243 2338 scripsisse,
1284 2284 1381 2339 per
1404 2283 1544 2340 quae
1571 2267 1945 2325 claritudinem

345 2343 607 2414 principis
655 2338 948 2415 extolleret,
1008 2359 1274 2416 suamque
1300 2339 1517 2410 ,famam
1560 2341 1944 2399 dehonestaret.

346 2416 499 2483 Quod
529 2417 623 2473 ubi
653 2434 758 2472 non
787 2418 982 2482 evenit,
1007 2417 1329 2490 vultumque
1348 2426 1398 2473 et
1414 2418 1639 2490 spiritus
1656 2427 1709 2474 et
1728 2413 1947 2474 liberta-

344 2500 452 2546 tem
474 2493 701 2547 insontis
723 2489 859 2546 ultro
878 2493 1143 2560 extimuit,
1166 2494 1341 2550 vocari
1358 2501 1535 2565 patres
1557 2493 1721 2550 iubet.
1804 2493 1945 2550 Tum

345 2567 576 2620 Thrasea
597 2566 733 2621 inter
749 2569 1020 2638 proximos
1043 2568 1379 2634 consultavit,
1403 2576 1691 2624 tentaretne
1708 2564 1947 2626 defensi-

343 2657 521 2704 onem,
543 2659 612 2694 an
631 2651 917 2713 sperneret.

453 2718 539 2772 25.
581 2715 798 2773 Diversa
817 2715 1036 2774 consilia
1060 2717 1448 2776 adferebantur.
1525 2718 1739 2788 Quibus
1758 2721 1946 2778 intrari
