2081 3038
297 200 396 253 260
867 201 1340 250 ANNALIUM
1636 191 1902 267 (ausos.

297 309 535 376 exempla
551 306 925 368 Mithridatem,
947 319 1042 359 nec
1060 305 1164 360 sibi
1179 307 1285 359 vim
1302 305 1373 357 ad
1392 306 1746 373 exequendum
1763 310 1906 360 dees-

294 399 378 437 se.-
417 398 598 436 verum
618 385 696 437 ita
715 382 1002 436 maioribus
1017 381 1287 450 placitum,
1304 377 1511 448 quanta
1526 385 1829 450 pervicacia
1850 387 1905 436 in

295 460 503 519 hostem,
547 465 696 511 tanta
728 458 1059 526 beneficentia
1087 457 1339 510 adversus
1362 457 1620 524 supplices
1643 459 1901 510 utendum.

299 532 436 589 Nam
462 535 747 600 triumphos
764 535 828 586 de
839 533 1053 601 populis
1072 533 1345 600 manisque
1362 533 1583 600 inteqris
1597 533 1829 600 adquiri.

405 610 462 668 24
480 649 492 664 .
535 606 784 662 Traditus
811 614 933 680 post
956 605 1091 662 haec
1114 603 1468 671 Mithridates,
1490 612 1786 679 vectusque
1801 606 1907 662 Ro-

297 701 443 740 mam
467 699 564 756 per
581 681 801 738 Iunium
820 680 1084 747 Cilonem,
1111 687 1505 752 procuratorem
1523 680 1697 748 Ponti,
1721 680 1906 738 feroci-

297 779 385 825 us,
407 775 574 832 quam
593 775 692 830 pro
711 757 942 823 fortuna,
970 755 1294 812 disseruisse
1311 754 1457 828 apud
1473 754 1754 812 Caesarem
1774 756 1907 813 fere-

297 835 473 891 batur.
551 833 811 907 Blataque
847 849 954 890 vox
991 831 1111 888 eius
1149 832 1208 887 in
1248 830 1477 908 vulgum
1516 831 1666 889 hisce
1692 832 1901 889 verbis:

298 911 418 966 Non
443 927 558 965 sum
583 913 832 965 remissus
857 913 929 962 ad
959 916 1022 972 tc,
1052 911 1143 962 sed
1168 923 1407 962 reversus
1420 927 1438 961 :
1476 910 1573 972 vel,
1594 913 1645 963 εἰ
1666 925 1772 963 non
1793 915 1907 965 cre-

295 991 395 1049 dis,
419 988 619 1039 dimitte
638 992 686 1038 et
706 1001 912 1053 quaere.
975 981 1143 1038 Vultu
1163 996 1381 1056 quoque
1400 981 1637 1040 interrito
1655 999 1909 1056 perman-

297 1062 386 1124 sit,
420 1076 543 1114 cum
574 1066 742 1114 rostra
769 1058 940 1124 iuxta,
981 1057 1297 1114 custodibus
1336 1058 1718 1126 circumdatus,
1760 1060 1905 1126 visui

297 1133 496 1206 populo
515 1133 873 1206 praeberetur.
925 1131 1239 1190 Consularia
1259 1133 1494 1208 insignia
1514 1133 1709 1202 Ciloni,
1734 1133 1908 1208 Aqui-

299 1210 379 1265 lae
395 1210 656 1282 praetoria
675 1208 1055 1265 decernuntur.
1408 1209 1413 1217 '

405 1289 490 1343 22.
535 1284 731 1341 Iisdem
770 1281 1088 1340 consulibus
1104 1325 1117 1349 ‚
1168 1291 1318 1340 atrox
1358 1283 1470 1339 odii
1508 1284 1809 1360 Agrippina
1828 1289 1907 1341 'ac

296 1360 499 1418 Lolliae
525 1359 734 1418 infensa
751 1401 764 1427 ‚
792 1359 940 1434 quod
966 1359 1152 1416 secum
1180 1358 1248 1415 de
1274 1360 1614 1416 matrimonio
1641 1363 1907 1435 principis

297 1437 622 1503 certavisset,
642 1435 863 1493 molitur
883 1436 1108 1492 crimina
1128 1439 1180 1490 et
1198 1441 1576 1502 accusatorem,
1590 1437 1689 1510 qui
1708 1436 1909 1493 obiice-

297 1523 374 1571 ret
399 1513 701 1579 Chaldaeos,
731 1530 924 1583 magos,
955 1509 1431 1582 intmoqatuniquo
1452 1510 1710 1581 Apollinis
1738 1513 1911 1570 Clarii

295 1593 638 1647 simulacrum
655 1605 812 1658 super
829 1591 1028 1656 nuptiis
1048 1589 1394 1656 imperatoris.
1460 1586 1602 1643 Exin
1624 1586 1906 1655 ClaudiuS‚

296 1664 536 1720 inaudita
572 1680 660 1719 rea
701 1662 870 1718 multa
907 1662 974 1717 de
1011 1659 1328 1717 claritudine
1356 1661 1474 1733 eius
1494 1663 1639 1737 apud
1658 1672 1909 1720 senatum

297 1738 583 1811 praefatus,
615 1755 796 1793 sorore
815 1738 874 1792 L.
903 1738 1104 1791 Volusii
1120 1742 1361 1807 qenitam,
1384 1744 1633 1811 maiorem
1653 1738 1702 1793 εἰ·
1713 1748 1911 1809 patru-

296 1832 384 1869 um
418 1812 620 1895 Cossam
646 1812 1006 1869 Messallin‘am
1031 1828 1155 1877 esse,
1175 1812 1417 1869 Memmio
1434 1818 1695 1884 quondam
1714 1816 1913 1886 Requlo

297 1897 540 1959 nuptam.-
579 1906 704 1945 nam
731 1892 795 1943 do
818 1886 871 1943 0.
900 1886 1145 1943 Caesares
1160 1891 1360 1957 nuptiis
1378 1891 1611 1944 consulto
1628 1894 1910 1946 reticebat.-

297 1963 501 2020 addidit
520 1967 822 2032 perniciosa
849 1966 906 2017 in
925 1980 1083 2035 remp.
1107 1966 1343 2029 consilia,
1366 1973 1417 2019 et
1437 1968 1705 2021 materiem
1721 1968 1915 2021 sceleri

296 2042 680 2097 detrahendam.
757 2038 933 2103 Ρνοίη,
967 2040 1256 2108 publicatis
1288 2041 1458 2105 bom‘s,
1502 2042 1700 2096 cederet
1725 2038 1911 2097 Italia.

296 2116 370 2171 lta
401 2114 764 2189 quinquagies
792 2115 1099 2169 sestertium
1126 2130 1195 2171 ex
1220 2114 1416 2187 opibus
1442 2114 1708 2171 inmensis
1726 2116 1914 2173 exsuli

296 2190 561 2245 relietum.
641 2190 709 2243 Et
736 2187 1027 2263 Calpurnia
1060 2188 1305 2245 inlustris
1326 2186 1531 2246 'femina
1560 2193 1911 2263 pervertitur,

295 2266 425 2338 quia
455 2264 681 2320 formam
710 2263 829 2319 eius
859 2262 1167 2321 laudaverat
1194 2264 1465 2338 princeps,
1488 2265 1639 2321 nulla
1658 2265 1911 2333 libidine,

296 2340 391 2395 sed
411 2340 626 2396 fortuito
644 2356 906 2396 sermone.
935 2338 1090 2396 Unde
1108 2340 1194 2395 vis
1215 2339 1543 2415 Agrippinae
1562 2341 1690 2398 citra
1716 2340 1915 2397 ultima

296 2416 454 2469 stetit.
537 2416 597 2470 In
617 2413 842 2472 Lolliam
862 2416 1096 2471 mittitur
1111 2414 1382 2481 tribunus,
1413 2430 1443 2471 a
1464 2433 1574 2490 quo
1592 2416 1659 2471 ad
1678 2425 1913 2473 mortem

297 2489 382 2543 adi
423 2496 615 2546 eretur.
695 2490 988 2546 Damnatus
1027 2499 1080 2546 et
1116 2489 1231 2564 lege
1261 2491 1677 2565 repetundarum
1704 2490 1917 2551 Cadius

297 2508 490 2630 nugis,
514 2566 889 2622 accusantibus
908 2566 1175 2641 Bithynis.
1446 2566 1449 2571 ’

405 2640 491 2695 23.
535 2638 740 2696 Galliae
765 2642 1120 2706 Narbonensi,
1150 2640 1219 2697 ob
1245 2640 1512 2717 egregiam
1539 2641 1596 2697 in
1621 2648 1804 2715 patres
1826 2658 1918 2699 re-

239 2738 252 2745 ·
299 2712 610 2778 mmmmm,
642 2714 847 2782 datum,
881 2726 938 2771 ut
965 2716 1291 2772 senatoribus
1317 2718 1429 2773 eius
1446 2720 1775 2787 provinciae,
1804 2736 1916 2775 non
