2081 3038
1645 51 1671 62 κ

250 149 316 200 52
722 155 1370 202 111sToR1ARU11
1578 145 1845 220 (nmen.

249 259 354 308 ista
380 262 427 310 et
459 259 692 332 inanima
711 259 1019 311 intercidere
1035 272 1101 311 ac
1119 261 1367 324 reparari
1378 259 1681 325 promiscua
1700 254 1847 312 sunt‘:

248 334 532 384 aeternitas
549 347 725 384 rerum
744 339 791 383 et
807 347 922 398 pax
940 336 1168 399 qentium
1188 338 1236 385 et
1254 348 1369 386 mea
1387 348 1503 386 cum
1519 339 1695 386 vestra
1706 334 1849 386 salus

249 406 601 459 incolumitate
619 413 828 459 senatus
845 408 1103 473 firmatur.
1146 405 1299 461 Hunc
1317 409 1591 475 auspicato
1606 425 1641 461 a
1654 422 1849 475 paren-

251 486 298 532 te
316 487 364 532 et
393 483 655 534 conditore
681 482 827 533 urbis
847 489 1056 534 nostrae
1075 484 1383 544 institutum,
1406 490 1454 535 et
1476 498 1513 534 a
1536 485 1743 549 regibus
1760 497 1849 534 us-

249 570 348 622 que
365 557 436 608 ad
449 559 714 622 principes
733 557 1030 609 continuum
1051 563 1099 608 et
1118 559 1459 619 inmortalem,
1474 561 1612 610 sicut
1630 574 1667 610 a
1685 559 1850 612 maio-

249 631 396 684 ribus
411 633 728 702 accepimus&
739 635 818 684 sic
832 633 1056 697 posteris
1075 634 1359 684 tradamus.
1419 631 1573 694 Nam,
1596 639 1653 684 ut
1671 647 1740 686 ecc
1758 647 1849 684 eo-

251 705 327 756 bis
351 713 626 767 senatores,
653 708 728 757 ita
747 722 815 758 σω
833 707 1159 760 senatoribus
1172 709 1439 774 principes
1461 713 1765 760 nascuntur.

359 781 444 833 85.
485 778 560 832 Ea
579 779 744 835 oratio
761 777 828 832 ad
845 779 1277 852 perstringendos
1304 779 1725 852 mulcendosque
1746 780 1849 834 mi-

250 853 405 908 litum
426 854 654 918 animos,
677 861 728 908 et
746 854 1042 909 severitatis
1061 853 1254 910 modus
1274 854 1469 927 (neque
1487 856 1632 910 enim
1653 855 1708 910 in
1727 854 1850 926 plu-

250 945 357 993 res,
371 946 535 1002 quam
558 930 614 982 in
633 927 788 993 duos,
810 927 1160 984 animadverti
1188 929 1433 1002 iusserat)
1448 939 1597 1004 grate
1616 937 1845 1001 accepta,

247 1005 634 1078 compositique
661 1002 726 1058 ad
757 1019 1028 1074 praesens,
1071 1005 1168 1076 qui
1196 1005 1419 1060 coerceri
1452 1022 1557 1060 non
1588 1013 1843 1077 poterant.

247 1080 366 1135 Non
405 1089 580 1134 tamen
619 1079 777 1150 quies
815 1078 936 1134 urbi
965 1079 1219 1136 redierat:
1260 1080 1515 1152 strepitus
1544 1079 1771 1136 telorum
1799 1088 1850 1134 et

247 1152 408 1208 facies
438 1153 568 1209 belli
599 1162 735 1210 erat:
779 1152 1063 1220 militibus,
1095 1163 1155 1210 ut
1182 1154 1317 1210 nihil
1349 1156 1405 1210 in
1430 1172 1716 1212 commune
1737 1163 1850 1211 tur-

246 1228 519 1294 bantibus,
545 1229 616 1283 ita
635 1229 840 1300 sparsis
858 1247 953 1300 per
972 1230 1177 1296 domos,
1208 1229 1413 1286 occulto
1433 1229 1639 1296 habitu,
1663 1238 1713 1285 et
1736 1247 1851 1284 ma-

249 1302 392 1378 ligna
412 1321 540 1358 cura
564 1304 622 1358 in
641 1321 848 1370 omnes,
870 1322 1009 1377 quos
1030 1304 1277 1360 nobilitas
1300 1314 1393 1361 aut
1410 1323 1538 1378 opes
1556 1314 1648 1361 aut
1667 1305 1850 1378 aliqua

159 1444 166 1453 ,
248 1380 478 1454 insignis
525 1377 782 1435 claritudo
828 1381 1137 1436 rumoribus
1180 1380 1459 1436 obiecerat.
1538 1380 1849 1438 Vitellianos

246 1471 464 1529 quoque
484 1455 680 1510 milites
702 1455 914 1511 venisse
936 1456 992 1510 in
1009 1455 1201 1511 urbem
1222 1455 1288 1510 ad
1307 1456 1491 1511 studia·
1503 1457 1737 1529 partium
1754 1475 1850 1512 no-

247 1528 460 1597 scenda,
482 1530 726 1604 plerique
746 1531 1046 1587 credebant.
1116 1531 1267 1588 Unde
1288 1530 1445 1603 plena
1465 1533 1647 1588 omnia
1664 1534 1852 1603 suspi-

243 1606 482 1672 cionum,
515 1614 566 1661 et
598 1607 692 1661 vix
718 1614 914 1661 secreta
944 1606 1204 1663 domuum
1225 1608 1343 1661 sine
1364 1605 1665 1663 formidine.
1745 1606 1851 1661 Sed

244 1680 544 1753 plurimum
564 1682 930 1752 trepidationis
949 1681 1004 1736 in
1024 1681 1260 1753 publico.
1327 1681 1395 1738 Ut
1412 1699 1685 1755 quemque
1704 1699 1851 1737 nun-

244 1758 383 1813 tium
407 1754 544 1811 fama
565 1755 860 1821 adtulisset,
884 1756 1128 1811 animum
1148 1754 1469 1829 vultumque
1486 1757 1751 1821 conversi,
1783 1774 1852 1811 ne

243 1831 484 1890 diffidere
493 1831 676 1887 dubiis
693 1850 755 1895 ac
774 1849 964 1904 parum
985 1831 1218 1905 gaudere
1236 1834 1505 1904 prosperis
1520 1833 1846 1888 viderentur.

245 1908 432 1963 Coacta
459 1925 584 1965 vero
613 1908 670 1963 in
700 1908 904 1962 curiam
934 1916 1143 1973 senatu,
1175 1908 1375 1963 arduus
1402 1924 1581 1963 rerum
1600 1908 1849 1963 omnium

247 1984 456 2051 modus,
496 2001 565 2039 ne
593 1991 880 2037 contumax
906 1981 1203 2047 silentium,
1244 1999 1311 2037 ne
1340 1990 1583 2053 suspecta
1610 1982 1848 2039 libertas.

243 2058 312 2113 Et
349 2059 554 2129 privato
591 2057 787 2113 Othoni
825 2073 1018 2129 nuper,
1058 2063 1218 2128 atque
1248 2056 1431 2111 eadem
1458 2056 1684 2122 dicenti,
1726 2067 1851 2113 nota

243 2131 494 2188 adulatio.
574 2133 741 2205 Igitur
761 2148 974 2189 versare
999 2132 1305 2196 sententia8‚
1336 2141 1388 2186 et
1414 2131 1522 2186 huc
1538 2140 1698 2204 atque
1719 2131 1853 2187 illuc

244 2218 515 2281 torquere,
569 2211 759 2263 hostem
801 2216 852 2263 et
881 2211 1215 2277 parricidam
1253 2206 1527 2263 Vitellium
1567 2216 1848 2263 vocantes:

241 2283 747 2355 providentissimus
777 2283 1014 2355 quisque
1039 2279 1357 2355 vulgaribus
1385 2282 1670 2349 conviciis;
1722 2283 1853 2355 qui-

242 2358 366 2413 dam
386 2375 510 2414 vera
528 2357 720 2429 probra
741 2359 930 2423 iacere,
956 2358 1012 2411 in
1033 2356 1263 2412 clamore
1280 2365 1477 2421 tamen,
1491 2365 1543 2411 et
1564 2358 1654 2413 ubi
1674 2357 1854 2428 pluri-

243 2450 362 2487 mae
371 2450 546 2497 voceS‚
559 2441 650 2487 aut
669 2434 904 2491 tumultu
917 2432 1203 2487 verborum
1220 2432 1325 2487 sibi
1347 2433 1450 2504 ipsi
1462 2432 1848 2504 obstrepente&

352 2511 438 2562 86.
479 2506 725 2581 Prodigia
744 2510 966 2580 insuper
986 2506 1268 2571 terrebant,
1292 2507 1521 2563 diversis
1540 2506 1853 2563 auctoribus

244 2579 485 2654 vulgata:
528 2588 586 2637 in
621 2587 870 2639 vestibulo
900 2582 1146 2651 Capitolii
1176 2588 1397 2637 omissas
1424 2586 1650 2639 habenas
1680 2586 1851 2652 bigae,

243 2658 331 2709 cui
367 2656 596 2713 Victoria
621 2662 911 2715 institerat:
951 2660 1180 2726 erupisse
1208 2660 1339 2713 ceila
1358 2658 1574 2713 Iunonis
1598 2662 1855 2715 maiorem
