2081 3038
308 245 404 297 ⁴02
872 247 1343 294 ANNALmu
1628 235 1901 315 (nunu.

305 348 646 404 tribunorum
682 350 1166 422 centurionumque
1195 347 1440 404 humeris
1475 348 1682 404 cineres
1723 355 1908 422 porta·-

307 425 529 493 bantur3
552 423 934 497 praecedebant
950 425 1220 496 incompta
1239 424 1413 498 signa,
1435 423 1580 480 versi
1599 421 1797 480 fasces:
1827 429 1910 478 at-

306 515 441 570 que,
463 499 561 553 ubi
578 498 811 554 colonias
831 499 1350 574 transgrederentur,
1375 506 1540 557 atrata
1555 497 1740 570 plebes
1757 541 1772 565 ,
1799 507 1907 554 tra-

306 574 447 629 beati
467 575 673 646 equites
690 617 703 640 ,
734 592 833 646 pro
849 575 1045 647 opibus
1065 573 1166 630 loci
1181 617 1194 640 ,
1226 581 1429 630 vestem
1445 616 1460 640 ,
1483 572 1675 630 odores
1695 573 1910 646 aliaque

306 648 559 705 funerum
573 649 836 716 solennia,
858 650 1180 708 cremabant.
1247 649 1424 704 Etiam
1444 662 1674 722 quorum
1693 648 1910 706 diversa

306 724 501 796 oppida
514 765 531 791 ,
556 733 738 780 tamen
756 724 931 790 obvii,
964 733 1017 780 et
1033 725 1280 782 victimas
1297 731 1458 796 atque
1474 741 1592 778 aras
1609 723 1716 780 diis
1731 723 1912 780 Uani-

308 801 413 854 bus
441 805 729 854 stamentes
744 841 757 865 ,
798 799 1035 856 lacrimis
1059 807 1115 856 et
1141 798 1646 854 conclamationibus
1669 797 1910 854 dolorem

306 875 653 942 testabantur.
731 876 939 933 Drusus
970 874 1308 932 Tarracinam
1331 887 1652 948 progressus
1675 880 1759 928 est
1781 890 1914 928 cum

310 949 533 1006 Claudio
560 949 719 1004 fratre
747 949 1042 1022 liberisque
1058 949 1362 1007 Germanici
1375 989 1392 1018 ,
1421 949 1520 1022 qui
1545 949 1606 1012 in
1633 949 1770 1010 urbe
1792 946 1916 1007 tua-

308 1034 447 1080 rant.
526 1024 805 1092 Consules,
828 1025 901 1081 Μ.
926 1024 1170 1081 Valerius
1189 1033 1242 1087 et
1260 1023 1321 1079 C.
1343 1024 1595 1081 Aurelius
1614 1022 1740 1098 (iam
1761 1024 1916 1081 enim

310 1100 680 1172 magistratum
718 1099 1044 1173 occeperant)
1090 1108 1145 1155 et
1187 1107 1404 1160 senatus
1451 1117 1514 1154 ac
1551 1116 1636 1160 ma
1713 1116 1744 1164 a
1779 1115 1914 1171 pars

309 1172 497 1244 populi
516 1175 663 1231 viam
680 1174 1031 1246 complevere,
1049 1175 1278 1241 disiecti,
1290 1182 1360 1242 ct,
1373 1182 1434 1230 ut
1452 1175 1666 1247 cuique.
1689 1173 1914 1241 ibitum,

311 1247 523 1314 flentes.
588 1250 783 1304 Aberat
801 1252 1004 1322 quippe
1022 1248 1274 1316 adulatio,
1295 1250 1480 1323 gnaris
1497 1247 1752 1304 omnibus
1765 1289 1780 1313 ,
1805 1247 1920 1304 lae-

311 1332 421 1378 tam
441 1324 653 1380 Tiberio
673 1318 977 1384 Germanici
997 1332 1222 1384 mortem
1241 1323 1380 1382 male
1398 1323 1747 1380 dissimulari.

422 1444 474 1496 3.
514 1440 761 1497 Tiberius
782 1450 941 1515 atque
957 1445 1199 1516 Augusta
1217 1440 1435 1514 publico
1462 1441 1794 1506 abstinuere,
1825 1441 1921 1494 in-

314 1515 481 1574 ferius
500 1517 773 1574 maiestate
791 1536 889 1574 sua
908 1519 1038 1585 rati,
1064 1519 1116 1573 ,si
1135 1517 1315 1591 palam
1347 1517 1760 1574 lamentarentur
1771 1558 1785 1583 ,
1819 1533 1914 1581 an,

314 1610 382 1647 ne
396 1636 409 1659 ,
436 1594 680 1649 omnium
707 1594 877 1650 oculis
904 1592 1119 1651 vultum
1141 1592 1332 1649 eorum
1359 1592 1719 1652 scrutantibus
1734 1634 1747 1657 ,
1789 1590 1917 1645 falsi

314 1666 750 1745 intelligerentur.
829 1670 1051 1725 Matrem
1069 1668 1355 1725 Antoniam
1377 1686 1481 1724 non
1503 1668 1646 1741 apud
1673 1674 1919 1721 auctores

313 1757 493 1796 rerum
509 1784 523 1808 ,
555 1760 660 1799 non
690 1744 883 1798 diurna
910 1752 1146 1799 actorum
1175 1745 1436 1817 scriptura
1455 1743 1670 1817 reperio
1698 1740 1808 1796 uilo
1825 1742 1919 1795 in·-

314 1818 461 1889 signi
473 1815 651 1872 ‘officio
668 1816 931 1887 functam3
972 1836 1098 1875 cum
1113 1862 1126 1886 ,
1155 1836 1321 1893 super
1338 1818 1689 1893 Agrippinam
1708 1824 1760 1873 et
1774 1816 1920 1871 Dru—

312 1908 439 1945 sum
467 1899 519 1947 et
546 1890 860 1960 Claudium,
901 1894 1060 1949 ceteri
1087 1910 1304 1969 quoque
1329 1894 1709 1969 consanguinei
1737 1892 1921 1948 norni-

316 1967 484 2030 natim
512 1968 793 2041 perscripti
820 1969 955 2026 sint:
1000 1986 1098 2025 seu
1124 1970 1429 2027 valetudine
1451 1967 1913 2043 praepediebatur,

314 2058 413 2099 seu
442 2042 617 2099 victus
649 2042 797 2098 luctu
828 2045 1043 2099 animus
1071 2045 1496 2119 magnitudinem
1525 2043 1653 2099 mali
1681 2042 1918 2115 perferre

314 2119 441 2173 visu
489 2136 595 2174 non
642 2119 899 2175 toleravit.
977 2119 1211 2175 Facilius
1237 2120 1552 2176 crediderim
1567 2162 1582 2185 ,
1619 2119 1836 2174 Tiberio
1857 2125 1918 2173 et

316 2194 558 2266 Augusta
573 2234 587 2259 ,
610 2195 707 2265 qui
726 2193 883 2250 domo
902 2212 1010 2251 non
1026 2195 1377 2261 excedebant,
1399 2195 1686 2251 cohibitam
1702 2237 1716 2260 ‚
1739 2201 1800 2248 nt
1817 2208 1916 2273 par

316 2284 524 2324 moeror
536 2310 549 2335 ,
572 2276 625 2323 et
642 2270 826 2323 matris
843 2268 1088 2341 exemplo
1107 2270 1226 2328 avia
1243 2286 1464 2344 quoque
1481 2277 1534 2325 et
1547 2277 1776 2341 patruus
1796 2269 1920 2323 atti-

318 2344 432 2398 neri
450 2343 774 2399 viderentur.

427 2454 479 2507 4.
520 2452 645 2507 Dies
658 2495 671 2519 ,
702 2470 813 2525 quo
838 2452 1097 2527 reliquiae
1122 2454 1332 2513 tumulo
1357 2454 1589 2531 Augusti
1615 2452 1916 2517 infereban-

317 2533 433 2591 tur,
478 2528 635 2583 modo
660 2544 756 2601 per
780 2526 1055 2587 silentium
1082 2538 1298 2597 vastus,
1327 2530 1485 2593 modo
1513 2528 1807 2603 ploratibus
1831 2530 1916 2584 in-

317 2599 503 2669 quies:
546 2602 703 2673 plena
734 2603 885 2661 urbis
910 2603 1100 2660 itinera
1113 2646 1126 2671 ,
1167 2601 1504 2668 conlucentes
1541 2622 1635 2679 per
1663 2621 1915 2677 campum

316 2672 502 2759 Martis
528 2672 686 2732 faces.
766 2676 882 2733 illic
908 2675 1065 2735 miles
1090 2698 1216 2735 cum
1241 2682 1404 2737 armis
1419 2722 1432 2746 ,
1464 2683 1582 2735 sine
1609 2679 1916 2753 insignibus

320 2755 663 2821 magistratus
677 2792 690 2817 ,
720 2752 955 2825 poculus
980 2768 1078 2831 per
1104 2754 1277 2821 tribus
1340 2758 1621 2813 concidisse
1647 2756 1914 2826 rempubl„
