2081 3038
216 245 280 298 38
673 248 1349 297 Ἠιετοιιιᾼιισιι
1547 237 1820 314 (Lmen.

214 351 422 406 iussus.
500 347 711 406 Valenti
728 349 999 407 inferioris
1018 352 1282 407 exereitus
1303 348 1472 414 electi,
1495 365 1617 404 eum
1639 347 1822 422 aquila

214 427 436 497 quintae
462 424 689 498 legionis
718 433 769 480 et
794 426 1100 482 cohortibus
1129 425 1356 497 alisque,
1405 424 1471 479 ad
1499 425 1616 478 XL.
1650 423 1823 479 millia

214 508 538 555 armatorum
584 501 732 558 data.
793 501 958 556 XXX
995 501 1166 555 millia
1206 500 1430 556 Caecina
1475 517 1505 553 e
1547 499 1824 570 superiore

216 575 502 630 Germania
530 574 775 640 ducebat,
806 594 1042 647 quorum
1072 575 1235 630 robur
1264 573 1401 662 legio
1425 592 1553 640 una,
1577 575 1751 645 prima
1771 581 1825 628 et

216 650 491 716 vicesima,
524 647 644 706 fuit.
723 649 915 706 Addita
942 651 1160 722 utrique
1179 646 1570 705 Germanorum
1596 647 1819 714 auxilia,

216 742 245 779 e
273 726 477 796 quibus
506 725 755 782 Vitellius
782 743 910 781 suas
938 742 1156 838 quoque
1182 725 1360 796 copias
1388 722 1686 835 supplevit,
1715 730 1820 778 tota

214 799 357 855 mole
374 799 501 855 belli
522 809 822 856 secuturus,

326 879 410 932 62.
452 876 585 931 Mira
613 877 753 930 inter-
770 875 1063 930 exercitum
1087 875 1570 946 imperatoremque
1593 871 1824 927 diversi-

214 955 314 1005 tas.
394 951 597 1004 Instare
624 948 800 1015 miles,
834 967 982 1004 arma
1010 966 1246 1020 poscere,
1279 953 1402 1003 dum
1427 948 1634 1004 Galliae
1659 951 1824 1016 trepi-

214 1029 355 1090 dent,
375 1029 497 1079 dum
515 1025 802 1092 Hispaniae
830 1033 1150 1079 cunctemur.
1229 1025 1346 1080 Non
1365 1027 1571 1078 obstare
1590 1025 1820 1087 hiemem,

214 1117 378 1168 neque
406 1104 625 1168 iquavae
650 1104 805 1167 pacis
829 1116 1019 1154 moras.
1097 1100 1451 1154 Invadandom
1477 1099 1707 1161 Italiam,
1732 1115 1824 1152 oc-

216 1178 509 1241 cupandam
526 1176 723 1228 urbem.
803 1174 952 1229 Nihil
970 1178 1028 1228 in
1047 1178 1326 1229 discordiis
1345 1177 1583 1228 civilibus
1600 1176 1824 1242 [estina-

214 1253 350 1302 tione
380 1253 557 1310 tutius,
588 1251 679 1301 ubi
704 1253 845 1316 sacto
868 1252 1051 1317 magis,
1081 1265 1237 1317 quam
1257 1251 1505 1310 consulto,
1529 1265 1657 1316 opus
1675 1257 1822 1302 esset.

214 1321 476 1393 Torpehat
496 1321 765 1388 Vitellius,
798 1330 849 1377 et
868 1321 1133 1378 fortunam
1156 1320 1490 1395 principatus
1508 1321 1663 1378 inerti
1687 1322 1822 1377 luxu

215 1414 277 1452 ac
295 1396 533 1471 prodigis
554 1396 729 1468 epulis
750 1398 1142 1468 praesumebat,
1173 1399 1348 1462 medio
1366 1397 1474 1453 diei
1496 1396 1824 1452 temulentus

215 1481 266 1528 et
294 1474 480 1547 sagina
506 1474 720 1547 gravis:
762 1491 887 1529 cum
917 1481 1095 1529 tamen
1127 1473 1282 1529 ardor
1299 1481 1350 1529 et
1373 1474 1458 1530 vis
1479 1472 1714 1529 militum
1736 1472 1826 1528 ul·-

216 1556 295 1604 tro
332 1549 487 1604 ducis
524 1550 713 1604 munia
742 1548 1006 1637 inplebat,
1049 1558 1108 1604 ut
1133 1550 1181 1604 si
1210 1549 1417 1605 adesset
1443 1550 1746 1619 imperator,
1771 1556 1825 1603 et

216 1624 451 1678 strenuis
469 1623 589 1678 vel'
574 1624 785 1697 ignavis
806 1641 958 1695 spem
980 1632 1296 1697 metumque
1316 1624 1546 1679 adderet.
1615 1624 1825 1677 Instru-

214 1698 284 1752 cti
309 1699 607 1770 intentique
626 1698 845 1771 signum
865 1696 1204 1770 profectionis
1225 1706 1535 1771 exposcunt.
1613 1699 1822 1753 Nomen

215 1772 520 1827 Germanici
548 1772 761 1828 Vitellio
798 1774 978 1828 statim
1016 1773 1292 1829 additum:
1347 1774 1625 1830 Caesarem
1648 1790 1706 1827 se
1726 1772 1826 1827 ad-
1871 1793 1886 1802 ’

213 1846 400 1919 pellari
423 1848 583 1902 etiam
603 1848 769 1904 victor
787 1848 1083 1937 probibuit.
1163 1849 1386 1904 Laetum
1407 1848 1694 1921 augurium
1721 1848 1823 1903 Fa-

212 1923 305 1978 bio
322 1922 530 1979 Valenti
559 1924 943 1995 exercituique,
966 1941 1132 1995 quem
1160 1923 1217 1979 in
1240 1924 1443 1980 bellum
1463 1922 1670 1997 agebat,
1680 1923 1824 2011 ‘ipso

213 1996 555 2069 profectionis
582 1997 688 2063 die,
721 1998 903 2070 aquila
931 1997 1038 2054 leni
1065 2007 1262 2065 meatu,
1285 2008 1444 2071 prout
1463 2016 1656 2072 agmen
1678 1997 1826 2053 ince-

214 2072 378 2138 deret,
424 2072 571 2127 velut
606 2072 721 2127 dux
760 2075 897 2139 viae,
938 2073 1294 2145 praevolavit:
1358 2074 1688 2161 longumque
1725 2090 1822 2144 per

214 2149 451 2219 spatium
472 2148 521 2204 is
538 2147 889 2221 gaudentium
909 2148 1143 2204 militum
1165 2148 1381 2214 clamor,
1400 2167 1460 2204 ea
1481 2148 1636 2220 quies
1656 2148 1824 2201 inter-

112 2264 115 2271 .
214 2224 301 2277 riti
324 2222 465 2277 alitis
488 2222 607 2287 fuit,
631 2230 691 2277 ut
710 2221 856 2278 haud
876 2223 1104 2280 dubium
1129 2239 1352 2297 magnae
1371 2232 1423 2279 et
1436 2238 1724 2296 prosperae
1744 2223 1820 2276 rei

212 2314 369 2353 omen
391 2298 733 2369 acciperetur.

322 2376 407 2428 63.
448 2373 518 2427 Et
536 2373 791 2429 Treveros
812 2372 1054 2445 quidem,
1099 2381 1157 2427 ut
1185 2373 1376 2439 socios,
1418 2372 1594 2429 securi
1619 2372 1820 2428 adiere.

212 2447 471 2503 Divoduri
481 2446 1016 2521 (Mediomatricorum
1038 2448 1095 2503 id
1109 2447 1369 2523 oppidum
1381 2447 1823 2521 est)quamquam

214 2522 361 2577 omni
390 2524 635 2577 comitate
645 2531 923 2611 ’exceptos
936 2522 1153 2577 subitus
1171 2540 1337 2595 pavor
1358 2523 1631 2586 exterruit,
1654 2522 1824 2593 raptis

216 2595 496 2667 derepente
525 2598 691 2651 armis
716 2599 785 2653 ad
810 2591 1023 2663 caedem
1056 2598 1306 2653 innoxiae
1323 2597 1588 2653 civitatis:
1627 2613 1732 2651 non
1752 2596 1824 2651 ob

214 2671 468 2739 praedam
499 2678 590 2726 aut
614 2672 881 2744 spoliandi
912 2672 1184 2743 cupidine,
1215 2672 1312 2726 sed
1339 2672 1516 2727 furore
1533 2682 1584 2724 et
1602 2670 1750 2723 rabie
1771 2680 1825 2725 et

214 2744 421 2799 caussis
440 2745 677 2813 incertis,
700 2762 871 2819 eoque
890 2744 1285 2803 difficilioribus
1305 2740 1584 2814 remediis3
1627 2743 1818 2811 donec,
1865 2782 1876 2793 .
