2081 3038
217 217 460 293 anae.)
615 227 778 273 ΜΒ.
815 226 923 273 111.
963 226 1144 273 cAP.
1188 228 1272 273 aa.
1314 202 1393 274 3⁴1.
1715 219 1811 273 ⁴37

327 330 411 383 36.
453 326 523 383 At
563 326 828 393 Vitellius,
868 325 1099 399 profecto
1135 325 1379 393 Caecina,
1420 344 1545 381 cum
1566 324 1809 383 'Fabium

218 401 488 458 Valentem
519 404 717 474 paucis'
731 411 849 473 post
867 400 1057 456 diebus
1077 402 1143 455 ad
1163 401 1365 456 bellum
1392 401 1693 474 inpulisset,
1716 420 1811 457 cu·-

217 478 291 531 ris
319 477 508 531 luxum
528 478 867 533 obtendebat:
912 494 1014 531 non
1037 493 1223 547 parare
1241 492 1406 541 arma,
1436 494 1539 531 non
1562 478 1811 551 adloquio

215 552 574 624 exercitioque
599 552 822 609 militem
855 552 1084 616 firmare,
1114 568 1219 607 non
1248 552 1304 605 in
1334 568 1423 605 ore
1452 551 1597 624 vulgi
1626 570 1806 624 agere:

197 626 310 687 ,sed
329 627 659 682 umbraculis
689 628 960 682 hortorum
988 626 1221 690 abditus,
1247 638 1306 681 ut
1326 627 1517 699 ignava
1538 625 1807 691 animalia,

215 702 418 773 quibus
438 704 485 757 si
513 702 695 757 cibum
717 718 993 775 suggeras,
1017 703 1188 756 iacent
1206 708 1539 772 torpentque,
1559 701 1813 771 praeteri-

215 786 285 839 ta.
317 778 586 840 instantia,
619 776 817 841 futura,
846 778 960 848 pari
979 774 1247 832 oblivione
1264 776 1556 831 dimiserat.
1638 776 1811 847 Atque

215 850 392 913 illum,
427 853 482 906 in
513 868 728 907 nemore
751 852 966 907 Aricino
991 852 1230 906 desidem
1252 860 1304 907 et
1325 857 1664 914 marcentem,
1689 867 1812 922 pro-

213 926 348 981 ditio
363 926 556 981 Lucilii
577 928 726 983 Bassi
755 944 816 983 ac
833 926 1257 1000 defectio-classis
1278 926 1599 981 Ravennatis
1620 942 1813 997 percu-

216 1001 294 1056 lit.
375 1003 482 1057 Nec
499 1003 799 1075 multopost
815 1002 884 1057 de
897 1002 1120 1060 Caecina
1140 1002 1373 1057 adfertur
1392 1002 1595 1057 mixtus
1614 1000 1811 1075 gaudio

214 1075 390 1133 dolor:
427 1086 478 1132 et
494 1078 787 1133 descivisse
805 1086 856 1133 et
873 1078 942 1133 ab
959 1078 1193 1142 exercitu
1214 1078 1475 1132 vinctum.
1520 1076 1647 1131 Plus
1668 1074 1811 1149 apud

213 1154 481 1208 socordem
507 1153 754 1209 animum
784 1153 997 1220 laetitia,
1031 1170 1197 1226 quam
1226 1170 1353 1208 cura
1376 1152 1563 1207 valuit.
1644 1150 1811 1207 Multa

209 1244 336 1281 cum
365 1228 715 1285 exsultatione
731 1230 790 1285 in
809 1230 997 1283 urbem
1025 1238 1285 1293 revectus»,
1320 1226 1583 1301 frequenti
1602 1230 1812 1283 concio-

215 1319 300 1365 ne,
323 1306 567 1373 pietatem
589 1304 825 1359 militum
846 1303 1097 1359 laudibus
1117 1303 1373 1357 cumulat.
1440 1304 1493 1356 P.
1526 1302 1807 1369 Sabinum,

211 1379 457 1448 praetorii
499 1377 841 1447 praefectum,
882 1378 952 1431 ob
987 1378 1275 1431 amicitiam
1304 1376 1577 1442 Caecinae,
1618 1378 1811 1431 vinciri

213 1450 385 1515 iubet,
401 1452 688 1506 substituto
705 1456 764 1507 in
785 1451 959 1507 locum
980 1453 1099 1505 eius
1123 1450 1365 1522 Alpheno
1383 1450 1539 1505 Varo.

327 1601 412 1654 37.
441 1601 564 1655 Mox
582 1608 826 1656 senatum
849 1601 1137 1671 composita
1154 1599 1210 1652 in
1231 1597 1676 1672 magnificentiam
1696 1617 1815 1655 ora-

215 1676 360 1729 tione
377 1675 672 1740 adlocutus,
696 1677 979 1748 exquisitis
1004 1685 1213 1747 patrum
1236 1674 1629 1748 adulationibus
1648 1674 1814 1731 adtol-

215 1749 364 1804 litur.
445 1751 661 1806 initium
687 1751 880 1806 atrocis
899 1753 955 1806 in
977 1749 1255 1806 Caecinam
1276 1751 1567 1805 sententiae
1584 1766 1614 1804 a
1635 1751 1695 1806 L.
1719 1751 1816 1806 vi-

215 1823 360 1880 tellio
380 1823 606 1880 factum:
637 1825 759 1880 dein
780 1827 1257 1898 ceteri,composite.
1278 1824 1659 1898 indignatione,
1678 1830 1814 1894 quod

217 1903 398 1956 consul
415 1903 799 1969 rempublicam,
811 1907 925 1956 dux
943 1909 1321 1970 imperatorem,
1346 1905 1509 1954 tantis
1525 1903 1721 1968 opibus,
1744 1910 1815 1954 tot

215 1980 494 2031 honoribus
516 1979 823 2040 cumulatae,
851 1983 1076 2032 amicum
1091 1972 1421 2046 prodidisset,
1444 1974 1591 2030 velut
1606 1991 1703 2046 pro
1722 1975 1817 2029 vi-

214 2049 366 2106 tellio
378 2060 782 2123 conquerentes,
805 2068 969 2107 suum
989 2051 1223 2107 dolorem
1244 2050 1595 2122 proferebant.
1655 2048 1814 2104 Nulla

214 2127 274 2180 in
301 2127 536 2182 oratione
560 2125 889 2199 cuiusquam
912 2143 1035 2202 erga
1065 2127 1346 2182 Flavianos
1372 2126 1536 2181 duces
1560 2125 1818 2181 obtrecta-

214 2201 308 2256 tio.
375 2201 619 2257 Errorem
644 2203 1148 2274 inprudentiamque
1168 2203 1497 2257 exercituum
1518 2200 1813 2272 culpanteS,

215 2275 529 2346 Vespasiani
561 2293 755 2332 nomen
783 2279 1034 2350 suspensi
1064 2286 1115 2332 et
1134 2277 1412 2332 vitabundi
1440 2277 1811 2332 circumibant.

217 2351 328 2405 Nec
355 2351 543 2417 demit,
573 2353 672 2424 qui
702 2369 872 2410 unum
903 2352 1211 2408 consulatus
1238 2353 1381 2407 diem
1410 2353 1477 2424 (is
1497 2353 1639 2407 enim
1660 2353 1717 2406 in
1742 2350 1817 2405 lo-

215 2443 344 2480 cum
371 2427 626 2482 Caecinae
653 2429 944 2500 supererat)
970 2447 1165 2502 magno
1194 2445 1315 2482 cum
1340 2428 1513 2482 inrisu
1535 2427 1816 2482 tribuentis

215 2502 652 2574 accipientisque,
683 2503 1059 2559 eblandiretur.
1140 2503 1315 2558 Pridie
1348 2501 1465 2556 Kal.
1498 2502 1817 2557 Novembris

123 2641 146 2651 -
215 2574 413 2630 Rosius
433 2577 670 2650 Regulus
690 2578 828 2644 iniit,
851 2578 1204 2650 eiuravitque.
1286 2577 1619 2632 Adnotabant
1638 2577 1811 2648 periti,

217 2665 520 2723 numquam
545 2662 714 2719 antea,
745 2657 849 2710 n‘on
869 2655 1117 2730 abrogato
1138 2653 1471 2727 magistratu,
1507 2669 1685 2726 neque
1704 2651 1817 2727 lege

217 2723 341 2784 lata,
382 2725 550 2784 >atium
589 2729 922 2788 suffectum«
971 2732 1110 2786 Nam
1147 2728 1335 2786 consul
1372 2742 1480 2810 uno
1508 2728 1595 2784 die
1622 2735 1674 2784 et
1698 2736 1819 2785 ante
