<?xml version="1.0" encoding="UTF-8"?>
<!DOCTYPE html PUBLIC "-//W3C//DTD XHTML 1.0 Transitional//EN"
    "http://www.w3.org/TR/xhtml1/DTD/xhtml1-transitional.dtd">
<html xmlns="http://www.w3.org/1999/xhtml" xml:lang="en" lang="en">
 <head>
  <title>
</title>
<meta http-equiv="Content-Type" content="text/html;charset=utf-8" />
  <meta name='ocr-system' content='tesseract 3.04.00' />
  <meta name='ocr-capabilities' content='ocr_page ocr_carea ocr_par ocr_line ocrx_word'/>
</head>
<body>
  <div class='ocr_page' id='page_1' title='image "./operaquoadextan03tacigoog_0484.png"; bbox 0 0 2081 3038; ppageno 0'>
   <div class='ocr_carea' id='block_1_1' title="bbox 212 201 1859 280">
    <p class='ocr_par' dir='ltr' id='par_1_1' title="bbox 212 201 1859 280">
     <span class='ocr_line' id='line_1_1' title="bbox 212 201 1859 280; baseline 0.005 -23"><span class='ocrx_word' id='word_1_1' title='bbox 212 205 318 260; x_wconf 70' lang='lat'>,⁶6</span> <span class='ocrx_word' id='word_1_2' title='bbox 733 212 1387 260; x_wconf 58' lang='lat' dir='ltr'>uls&#39;rolusntm</span> <span class='ocrx_word' id='word_1_3' title='bbox 1586 201 1859 280; x_wconf 63' lang='lat' dir='ltr'>(A.u.82⁸.&#39;</span> 
     </span>
    </p>
   </div>
   <div class='ocr_carea' id='block_1_2' title="bbox 206 310 1863 2795">
    <p class='ocr_par' dir='ltr' id='par_1_2' title="bbox 206 310 1863 2795">
     <span class='ocr_line' id='line_1_2' title="bbox 251 310 1859 388; baseline 0 -18"><span class='ocrx_word' id='word_1_4' title='bbox 251 331 314 370; x_wconf 88' lang='lat' dir='ltr'>co</span> <span class='ocrx_word' id='word_1_5' title='bbox 329 310 592 385; x_wconf 79' lang='lat' dir='ltr'>praefecto</span> <span class='ocrx_word' id='word_1_6' title='bbox 610 313 788 369; x_wconf 86' lang='lat' dir='ltr'>misit:</span> <span class='ocrx_word' id='word_1_7' title='bbox 811 313 1057 388; x_wconf 79' lang='lat' dir='ltr'>equibus</span> <span class='ocrx_word' id='word_1_8' title='bbox 1075 331 1204 386; x_wconf 86' lang='lat' dir='ltr'>pars</span> <span class='ocrx_word' id='word_1_9' title='bbox 1221 312 1495 370; x_wconf 85' lang='lat' dir='ltr'>incolonia</span> <span class='ocrx_word' id='word_1_10' title='bbox 1502 313 1859 370; x_wconf 68' lang='lat' dir='ltr'><strong>Foroiuliensi</strong></span> 
     </span>
     <span class='ocr_line' id='line_1_3' title="bbox 251 389 1861 460; baseline 0.001 -18"><span class='ocrx_word' id='word_1_11' title='bbox 251 397 487 453; x_wconf 76' lang='lat' dir='ltr'>retenta..</span> <span class='ocrx_word' id='word_1_12' title='bbox 504 405 590 453; x_wconf 88' lang='lat' dir='ltr'>ne,</span> <span class='ocrx_word' id='word_1_13' title='bbox 621 389 878 444; x_wconf 83' lang='lat' dir='ltr'>omnibus</span> <span class='ocrx_word' id='word_1_14' title='bbox 901 390 1071 460; x_wconf 86' lang='lat' dir='ltr'>copiis</span> <span class='ocrx_word' id='word_1_15' title='bbox 1090 391 1150 444; x_wconf 88' lang='lat' dir='ltr'>in</span> <span class='ocrx_word' id='word_1_16' title='bbox 1168 397 1415 445; x_wconf 82' lang='lat' dir='ltr'>terrestre</span> <span class='ocrx_word' id='word_1_17' title='bbox 1430 389 1531 444; x_wconf 83' lang='lat' dir='ltr'>iter</span> <span class='ocrx_word' id='word_1_18' title='bbox 1550 389 1741 456; x_wconf 81' lang='lat' dir='ltr'>versis,</span> <span class='ocrx_word' id='word_1_19' title='bbox 1764 407 1861 446; x_wconf 75' lang='lat' dir='ltr'>va-</span> 
     </span>
     <span class='ocr_line' id='line_1_4' title="bbox 250 462 1859 537; baseline 0 -19"><span class='ocrx_word' id='word_1_20' title='bbox 250 481 351 519; x_wconf 86' lang='lat' dir='ltr'>cuo</span> <span class='ocrx_word' id='word_1_21' title='bbox 381 464 517 518; x_wconf 86' lang='lat' dir='ltr'>mari</span> <span class='ocrx_word' id='word_1_22' title='bbox 548 462 736 518; x_wconf 83' lang='lat' dir='ltr'>classis</span> <span class='ocrx_word' id='word_1_23' title='bbox 763 463 1090 520; x_wconf 70' lang='lat' dir='ltr'>acceleraret.</span> <span class='ocrx_word' id='word_1_24' title='bbox 1170 464 1459 520; x_wconf 81' lang='lat' dir='ltr'><strong>Duodecim</strong></span> <span class='ocrx_word' id='word_1_25' title='bbox 1480 464 1726 537; x_wconf 87' lang='lat' dir='ltr'>equitum</span> <span class='ocrx_word' id='word_1_26' title='bbox 1744 473 1859 519; x_wconf 82' lang='lat' dir='ltr'>tur-</span> 
     </span>
     <span class='ocr_line' id='line_1_5' title="bbox 206 537 1860 612; baseline 0 -18"><span class='ocrx_word' id='word_1_27' title='bbox 206 569 213 580; x_wconf 93' lang='lat'><strong>·</strong></span> <span class='ocrx_word' id='word_1_28' title='bbox 251 555 392 604; x_wconf 81' lang='lat' dir='ltr'>mae,</span> <span class='ocrx_word' id='word_1_29' title='bbox 419 545 474 594; x_wconf 87' lang='lat' dir='ltr'>et</span> <span class='ocrx_word' id='word_1_30' title='bbox 504 537 622 592; x_wconf 84' lang='lat' dir='ltr'>lecti</span> <span class='ocrx_word' id='word_1_31' title='bbox 649 555 681 594; x_wconf 88' lang='lat' dir='ltr'>e</span> <span class='ocrx_word' id='word_1_32' title='bbox 696 538 1023 604; x_wconf 77' lang='lat' dir='ltr'>cohortibus,</span> <span class='ocrx_word' id='word_1_33' title='bbox 1048 539 1307 595; x_wconf 75' lang='lat' dir='ltr'>advers-us</span> <span class='ocrx_word' id='word_1_34' title='bbox 1327 539 1535 595; x_wconf 74' lang='lat' dir='ltr'>bostem</span> <span class='ocrx_word' id='word_1_35' title='bbox 1555 540 1692 594; x_wconf 83' lang='lat' dir='ltr'>iere:</span> <span class='ocrx_word' id='word_1_36' title='bbox 1733 541 1860 612; x_wconf 87' lang='lat' dir='ltr'>qui-</span> 
     </span>
     <span class='ocr_line' id='line_1_6' title="bbox 252 612 1861 688; baseline -0.001 -18"><span class='ocrx_word' id='word_1_37' title='bbox 252 613 356 670; x_wconf 89' lang='lat' dir='ltr'>bus</span> <span class='ocrx_word' id='word_1_38' title='bbox 381 613 632 669; x_wconf 83' lang='lat' dir='ltr'>adiuncta</span> <span class='ocrx_word' id='word_1_39' title='bbox 659 614 924 688; x_wconf 81' lang='lat' dir='ltr'><strong>Ligurum</strong></span> <span class='ocrx_word' id='word_1_40' title='bbox 951 614 1160 680; x_wconf 82' lang='lat' dir='ltr'>cohors,</span> <span class='ocrx_word' id='word_1_41' title='bbox 1194 622 1349 670; x_wconf 86' lang='lat' dir='ltr'>vetus</span> <span class='ocrx_word' id='word_1_42' title='bbox 1375 613 1477 670; x_wconf 82' lang='lat' dir='ltr'>leci</span> <span class='ocrx_word' id='word_1_43' title='bbox 1496 612 1787 679; x_wconf 82' lang='lat' dir='ltr'>auxilium,</span> <span class='ocrx_word' id='word_1_44' title='bbox 1810 622 1861 668; x_wconf 94' lang='lat' dir='ltr'>et</span> 
     </span>
     <span class='ocr_line' id='line_1_7' title="bbox 249 688 1859 764; baseline -0.001 -18"><span class='ocrx_word' id='word_1_45' title='bbox 249 689 536 763; x_wconf 78' lang='lat' dir='ltr'>quingenti</span> <span class='ocrx_word' id='word_1_46' title='bbox 575 689 856 755; x_wconf 85' lang='lat' dir='ltr'>Pannonii,</span> <span class='ocrx_word' id='word_1_47' title='bbox 897 688 1140 758; x_wconf 82' lang='lat' dir='ltr'>nondum</span> <span class='ocrx_word' id='word_1_48' title='bbox 1176 689 1282 744; x_wconf 86' lang='lat' dir='ltr'>sub</span> <span class='ocrx_word' id='word_1_49' title='bbox 1308 690 1501 764; x_wconf 79' lang='lat' dir='ltr'>signis.</span> <span class='ocrx_word' id='word_1_50' title='bbox 1581 689 1691 744; x_wconf 86' lang='lat' dir='ltr'>Nec</span> <span class='ocrx_word' id='word_1_51' title='bbox 1710 705 1859 745; x_wconf 87' lang='lat' dir='ltr'>mora</span> 
     </span>
     <span class='ocr_line' id='line_1_8' title="bbox 249 763 1855 838; baseline -0.001 -18"><span class='ocrx_word' id='word_1_52' title='bbox 249 765 479 838; x_wconf 87' lang='lat' dir='ltr'>proelio:</span> <span class='ocrx_word' id='word_1_53' title='bbox 519 763 617 819; x_wconf 87' lang='lat' dir='ltr'>sed</span> <span class='ocrx_word' id='word_1_54' title='bbox 653 766 768 820; x_wconf 87' lang='lat' dir='ltr'>acie</span> <span class='ocrx_word' id='word_1_55' title='bbox 803 765 876 820; x_wconf 88' lang='lat' dir='ltr'>ita</span> <span class='ocrx_word' id='word_1_56' title='bbox 912 765 1193 831; x_wconf 83' lang='lat' dir='ltr'>instructa,</span> <span class='ocrx_word' id='word_1_57' title='bbox 1234 773 1297 820; x_wconf 87' lang='lat' dir='ltr'>ut</span> <span class='ocrx_word' id='word_1_58' title='bbox 1331 781 1459 837; x_wconf 81' lang='lat' dir='ltr'>pars</span> <span class='ocrx_word' id='word_1_59' title='bbox 1486 763 1855 830; x_wconf 76' lang='lat' dir='ltr'>classicorum,</span> 
     </span>
     <span class='ocr_line' id='line_1_9' title="bbox 250 839 1855 914; baseline -0.001 -18"><span class='ocrx_word' id='word_1_60' title='bbox 250 841 437 896; x_wconf 82' lang='lat' dir='ltr'>mixtis</span> <span class='ocrx_word' id='word_1_61' title='bbox 465 840 710 913; x_wconf 47' lang='lat' dir='ltr'>pagani&amp;</span> <span class='ocrx_word' id='word_1_62' title='bbox 741 841 800 894; x_wconf 87' lang='lat' dir='ltr'>in</span> <span class='ocrx_word' id='word_1_63' title='bbox 828 839 989 895; x_wconf 84' lang='lat' dir='ltr'>colles</span> <span class='ocrx_word' id='word_1_64' title='bbox 1013 840 1155 895; x_wconf 82' lang='lat' dir='ltr'>mari</span> <span class='ocrx_word' id='word_1_65' title='bbox 1172 840 1507 914; x_wconf 80' lang='lat' dir='ltr'>propinquos</span> <span class='ocrx_word' id='word_1_66' title='bbox 1524 848 1855 914; x_wconf 82' lang='lat' dir='ltr'>exsurgeret,</span> 
     </span>
     <span class='ocr_line' id='line_1_10' title="bbox 250 912 1857 988; baseline 0 -18"><span class='ocrx_word' id='word_1_67' title='bbox 250 924 518 988; x_wconf 84' lang='lat' dir='ltr'>quantum</span> <span class='ocrx_word' id='word_1_68' title='bbox 546 915 683 971; x_wconf 84' lang='lat' dir='ltr'>inter</span> <span class='ocrx_word' id='word_1_69' title='bbox 713 912 875 970; x_wconf 88' lang='lat' dir='ltr'>colles</span> <span class='ocrx_word' id='word_1_70' title='bbox 903 932 966 970; x_wconf 87' lang='lat' dir='ltr'>ac</span> <span class='ocrx_word' id='word_1_71' title='bbox 992 914 1122 970; x_wconf 86' lang='lat' dir='ltr'>litus</span> <span class='ocrx_word' id='word_1_72' title='bbox 1146 916 1305 988; x_wconf 83' lang='lat' dir='ltr'>aequi</span> <span class='ocrx_word' id='word_1_73' title='bbox 1326 915 1447 981; x_wconf 89' lang='lat' dir='ltr'>loci,</span> <span class='ocrx_word' id='word_1_74' title='bbox 1490 915 1857 988; x_wconf 79' lang='lat' dir='ltr'>praetorianus</span> 
     </span>
     <span class='ocr_line' id='line_1_11' title="bbox 251 987 1859 1065; baseline -0.001 -19"><span class='ocrx_word' id='word_1_75' title='bbox 251 991 409 1046; x_wconf 88' lang='lat' dir='ltr'>miles</span> <span class='ocrx_word' id='word_1_76' title='bbox 427 987 681 1062; x_wconf 82' lang='lat' dir='ltr'>expleret,</span> <span class='ocrx_word' id='word_1_77' title='bbox 695 990 891 1061; x_wconf 79' lang='lat' dir='ltr'>inipso</span> <span class='ocrx_word' id='word_1_78' title='bbox 910 990 1047 1045; x_wconf 83' lang='lat' dir='ltr'>mari</span> <span class='ocrx_word' id='word_1_79' title='bbox 1066 998 1127 1046; x_wconf 76' lang='lat' dir='ltr'>ut</span> <span class='ocrx_word' id='word_1_80' title='bbox 1140 1003 1351 1045; x_wconf 78' lang='lat' dir='ltr'>annexa</span> <span class='ocrx_word' id='word_1_81' title='bbox 1370 989 1559 1046; x_wconf 83' lang='lat' dir='ltr'>classis</span> <span class='ocrx_word' id='word_1_82' title='bbox 1579 998 1632 1045; x_wconf 89' lang='lat' dir='ltr'>et</span> <span class='ocrx_word' id='word_1_83' title='bbox 1641 1005 1859 1065; x_wconf 74' lang='lat' dir='ltr'>pugnae</span> 
     </span>
     <span class='ocr_line' id='line_1_12' title="bbox 249 1064 1859 1139; baseline 0 -19"><span class='ocrx_word' id='word_1_84' title='bbox 249 1074 449 1139; x_wconf 83' lang='lat' dir='ltr'>parata,</span> <span class='ocrx_word' id='word_1_85' title='bbox 482 1080 738 1120; x_wconf 81' lang='lat' dir='ltr'>conversa</span> <span class='ocrx_word' id='word_1_86' title='bbox 764 1073 817 1119; x_wconf 87' lang='lat' dir='ltr'>et</span> <span class='ocrx_word' id='word_1_87' title='bbox 835 1065 1032 1120; x_wconf 82' lang='lat' dir='ltr'>minaci</span> <span class='ocrx_word' id='word_1_88' title='bbox 1054 1064 1224 1120; x_wconf 68' lang='lat' dir='ltr'>fronte</span> <span class='ocrx_word' id='word_1_89' title='bbox 1238 1065 1686 1137; x_wconf 62' lang='lat' dir='ltr'>praetenderetur.</span> <span class='ocrx_word' id='word_1_90' title='bbox 1763 1065 1859 1121; x_wconf 89' lang='lat' dir='ltr'>Vi-</span> 
     </span>
     <span class='ocr_line' id='line_1_13' title="bbox 248 1138 1853 1214; baseline -0.001 -19"><span class='ocrx_word' id='word_1_91' title='bbox 248 1139 472 1205; x_wconf 85' lang='lat' dir='ltr'>telliani,</span> <span class='ocrx_word' id='word_1_92' title='bbox 513 1138 720 1210; x_wconf 84' lang='lat' dir='ltr'>quibus</span> <span class='ocrx_word' id='word_1_93' title='bbox 757 1141 934 1196; x_wconf 86' lang='lat' dir='ltr'>minor</span> <span class='ocrx_word' id='word_1_94' title='bbox 974 1139 1218 1213; x_wconf 86' lang='lat' dir='ltr'>peditum</span> <span class='ocrx_word' id='word_1_95' title='bbox 1246 1141 1351 1205; x_wconf 75' lang='lat' dir='ltr'>viS,</span> <span class='ocrx_word' id='word_1_96' title='bbox 1391 1142 1450 1196; x_wconf 88' lang='lat' dir='ltr'>in</span> <span class='ocrx_word' id='word_1_97' title='bbox 1472 1141 1653 1214; x_wconf 78' lang='lat' dir='ltr'>equite</span> <span class='ocrx_word' id='word_1_98' title='bbox 1669 1139 1853 1206; x_wconf 84' lang='lat' dir='ltr'>robur,</span> 
     </span>
     <span class='ocr_line' id='line_1_14' title="bbox 248 1214 1861 1291; baseline 0 -21"><span class='ocrx_word' id='word_1_99' title='bbox 248 1215 473 1287; x_wconf 85' lang='lat' dir='ltr'>Alpinos</span> <span class='ocrx_word' id='word_1_100' title='bbox 499 1214 762 1284; x_wconf 74' lang='lat' dir='ltr'>proximis</span> <span class='ocrx_word' id='word_1_101' title='bbox 782 1215 948 1290; x_wconf 81' lang='lat' dir='ltr'>iugis,</span> <span class='ocrx_word' id='word_1_102' title='bbox 973 1214 1217 1271; x_wconf 77' lang='lat' dir='ltr'>cohortes</span> <span class='ocrx_word' id='word_1_103' title='bbox 1236 1215 1419 1270; x_wconf 86' lang='lat' dir='ltr'>densis</span> <span class='ocrx_word' id='word_1_104' title='bbox 1437 1215 1719 1272; x_wconf 75' lang='lat' dir='ltr'>ordinibus</span> <span class='ocrx_word' id='word_1_105' title='bbox 1739 1223 1861 1291; x_wconf 85' lang='lat' dir='ltr'>post</span> 
     </span>
     <span class='ocr_line' id='line_1_15' title="bbox 248 1288 1859 1362; baseline 0.002 -18"><span class='ocrx_word' id='word_1_106' title='bbox 248 1291 486 1362; x_wconf 86' lang='lat' dir='ltr'>equitem</span> <span class='ocrx_word' id='word_1_107' title='bbox 512 1288 704 1346; x_wconf 83' lang='lat' dir='ltr'>locant.</span> <span class='ocrx_word' id='word_1_108' title='bbox 783 1290 1135 1349; x_wconf 85' lang='lat' dir='ltr'>Treverorum</span> <span class='ocrx_word' id='word_1_109' title='bbox 1155 1299 1363 1346; x_wconf 86' lang='lat' dir='ltr'>turmae</span> <span class='ocrx_word' id='word_1_110' title='bbox 1382 1290 1621 1346; x_wconf 85' lang='lat' dir='ltr'>obtulere</span> <span class='ocrx_word' id='word_1_111' title='bbox 1638 1307 1698 1346; x_wconf 87' lang='lat' dir='ltr'>se</span> <span class='ocrx_word' id='word_1_112' title='bbox 1720 1291 1859 1347; x_wconf 83' lang='lat' dir='ltr'>hosti</span> 
     </span>
     <span class='ocr_line' id='line_1_16' title="bbox 246 1365 1857 1438; baseline 0 -18"><span class='ocrx_word' id='word_1_113' title='bbox 246 1367 479 1430; x_wconf 86' lang='lat' dir='ltr'>incaute,</span> <span class='ocrx_word' id='word_1_114' title='bbox 505 1381 631 1420; x_wconf 89' lang='lat' dir='ltr'>cum</span> <span class='ocrx_word' id='word_1_115' title='bbox 651 1365 918 1438; x_wconf 83' lang='lat' dir='ltr'>exciperet</span> <span class='ocrx_word' id='word_1_116' title='bbox 935 1373 1118 1422; x_wconf 85' lang='lat' dir='ltr'>contra</span> <span class='ocrx_word' id='word_1_117' title='bbox 1139 1373 1421 1422; x_wconf 83' lang='lat' dir='ltr'>veteranus</span> <span class='ocrx_word' id='word_1_118' title='bbox 1442 1365 1619 1432; x_wconf 86' lang='lat' dir='ltr'>miles,</span> <span class='ocrx_word' id='word_1_119' title='bbox 1641 1365 1807 1421; x_wconf 82' lang='lat' dir='ltr'>simul</span> <span class='ocrx_word' id='word_1_120' title='bbox 1828 1381 1857 1420; x_wconf 85' lang='lat' dir='ltr'>a</span> 
     </span>
     <span class='ocr_line' id='line_1_17' title="bbox 247 1440 1859 1516; baseline 0.001 -20"><span class='ocrx_word' id='word_1_121' title='bbox 247 1440 410 1496; x_wconf 86' lang='lat' dir='ltr'>latere</span> <span class='ocrx_word' id='word_1_122' title='bbox 435 1441 583 1496; x_wconf 81' lang='lat' dir='ltr'>saxis</span> <span class='ocrx_word' id='word_1_123' title='bbox 613 1449 826 1514; x_wconf 84' lang='lat' dir='ltr'>urgeret</span> <span class='ocrx_word' id='word_1_124' title='bbox 853 1449 974 1513; x_wconf 84' lang='lat' dir='ltr'>apta</span> <span class='ocrx_word' id='word_1_125' title='bbox 1001 1440 1071 1495; x_wconf 82' lang='lat' dir='ltr'>ad</span> <span class='ocrx_word' id='word_1_126' title='bbox 1098 1441 1405 1496; x_wconf 85' lang='lat' dir='ltr'>iaciendum</span> <span class='ocrx_word' id='word_1_127' title='bbox 1433 1441 1595 1496; x_wconf 85' lang='lat' dir='ltr'>etiam</span> <span class='ocrx_word' id='word_1_128' title='bbox 1622 1455 1859 1516; x_wconf 81' lang='lat' dir='ltr'>pagano·</span> 
     </span>
     <span class='ocr_line' id='line_1_18' title="bbox 247 1515 1862 1591; baseline 0.001 -19"><span class='ocrx_word' id='word_1_129' title='bbox 247 1535 372 1573; x_wconf 88' lang='lat' dir='ltr'>rum</span> <span class='ocrx_word' id='word_1_130' title='bbox 402 1535 625 1573; x_wconf 83' lang='lat' dir='ltr'>manus:</span> <span class='ocrx_word' id='word_1_131' title='bbox 668 1517 766 1589; x_wconf 87' lang='lat' dir='ltr'>qui</span> <span class='ocrx_word' id='word_1_132' title='bbox 796 1518 972 1589; x_wconf 82' lang='lat' dir='ltr'>sparsi</span> <span class='ocrx_word' id='word_1_133' title='bbox 995 1517 1136 1573; x_wconf 86' lang='lat' dir='ltr'>inter</span> <span class='ocrx_word' id='word_1_134' title='bbox 1161 1515 1382 1584; x_wconf 71' lang='lat' dir='ltr'>milites,</span> <span class='ocrx_word' id='word_1_135' title='bbox 1421 1517 1629 1573; x_wconf 79' lang='lat' dir='ltr'>strenui</span> <span class='ocrx_word' id='word_1_136' title='bbox 1647 1517 1862 1591; x_wconf 81' lang='lat' dir='ltr'>ignavi-</span> 
     </span>
     <span class='ocr_line' id='line_1_19' title="bbox 247 1590 1860 1669; baseline -0.001 -21"><span class='ocrx_word' id='word_1_137' title='bbox 247 1610 375 1665; x_wconf 87' lang='lat' dir='ltr'>que,</span> <span class='ocrx_word' id='word_1_138' title='bbox 416 1593 474 1647; x_wconf 91' lang='lat' dir='ltr'>in</span> <span class='ocrx_word' id='word_1_139' title='bbox 511 1592 734 1648; x_wconf 80' lang='lat' dir='ltr'>victoria</span> <span class='ocrx_word' id='word_1_140' title='bbox 778 1592 922 1649; x_wconf 90' lang='lat' dir='ltr'>idem</span> <span class='ocrx_word' id='word_1_141' title='bbox 963 1590 1248 1647; x_wconf 76' lang='lat' dir='ltr'>audebant.</span> <span class='ocrx_word' id='word_1_142' title='bbox 1330 1592 1557 1650; x_wconf 84' lang='lat' dir='ltr'>Additus</span> <span class='ocrx_word' id='word_1_143' title='bbox 1592 1592 1860 1669; x_wconf 85' lang='lat' dir='ltr'>perculsis</span> 
     </span>
     <span class='ocr_line' id='line_1_20' title="bbox 247 1666 1862 1743; baseline -0.001 -19"><span class='ocrx_word' id='word_1_144' title='bbox 247 1678 414 1724; x_wconf 88' lang='lat' dir='ltr'>terror</span> <span class='ocrx_word' id='word_1_145' title='bbox 433 1668 641 1723; x_wconf 84' lang='lat' dir='ltr'>invecta</span> <span class='ocrx_word' id='word_1_146' title='bbox 662 1668 720 1723; x_wconf 92' lang='lat' dir='ltr'>in</span> <span class='ocrx_word' id='word_1_147' title='bbox 741 1676 884 1741; x_wconf 82' lang='lat' dir='ltr'>terga</span> <span class='ocrx_word' id='word_1_148' title='bbox 905 1668 1264 1743; x_wconf 78' lang='lat' dir='ltr'>pugnantium</span> <span class='ocrx_word' id='word_1_149' title='bbox 1284 1666 1454 1724; x_wconf 83' lang='lat' dir='ltr'>classe</span> <span class='ocrx_word' id='word_1_150' title='bbox 1521 1670 1595 1723; x_wconf 85' lang='lat' dir='ltr'>Ita</span> <span class='ocrx_word' id='word_1_151' title='bbox 1616 1668 1862 1741; x_wconf 90' lang='lat' dir='ltr'>undique</span> 
     </span>
     <span class='ocr_line' id='line_1_21' title="bbox 247 1740 1859 1816; baseline 0.001 -18"><span class='ocrx_word' id='word_1_152' title='bbox 247 1742 437 1799; x_wconf 84' lang='lat' dir='ltr'>clausi.</span> <span class='ocrx_word' id='word_1_153' title='bbox 516 1740 834 1816; x_wconf 87' lang='lat' dir='ltr'>Deletaeque</span> <span class='ocrx_word' id='word_1_154' title='bbox 868 1758 1058 1801; x_wconf 86' lang='lat' dir='ltr'>omnes</span> <span class='ocrx_word' id='word_1_155' title='bbox 1096 1744 1279 1815; x_wconf 81' lang='lat' dir='ltr'>copiae</span> <span class='ocrx_word' id='word_1_156' title='bbox 1303 1742 1493 1810; x_wconf 80' lang='lat' dir='ltr'>forent,</span> <span class='ocrx_word' id='word_1_157' title='bbox 1522 1744 1580 1799; x_wconf 88' lang='lat' dir='ltr'>ni</span> <span class='ocrx_word' id='word_1_158' title='bbox 1602 1745 1859 1800; x_wconf 81' lang='lat' dir='ltr'>victorem</span> 
     </span>
     <span class='ocr_line' id='line_1_22' title="bbox 247 1817 1863 1948; baseline 0.001 -75"><span class='ocrx_word' id='word_1_159' title='bbox 247 1818 540 1948; x_wconf 53' lang='lat' dir='ltr'>exeigzitum</span> <span class='ocrx_word' id='word_1_160' title='bbox 567 1817 884 1873; x_wconf 82' lang='lat' dir='ltr'>adtinuisset</span> <span class='ocrx_word' id='word_1_161' title='bbox 909 1818 1205 1874; x_wconf 80' lang='lat' dir='ltr'>obscurum</span> <span class='ocrx_word' id='word_1_162' title='bbox 1234 1820 1425 1886; x_wconf 84' lang='lat' dir='ltr'>noctis,</span> <span class='ocrx_word' id='word_1_163' title='bbox 1453 1818 1692 1876; x_wconf 88' lang='lat' dir='ltr'>obtentui</span> <span class='ocrx_word' id='word_1_164' title='bbox 1716 1818 1863 1893; x_wconf 82' lang='lat' dir='ltr'>fugi-</span> 
     </span>
     <span class='ocr_line' id='line_1_23' title="bbox 247 1894 481 1950; baseline 0 -1"><span class='ocrx_word' id='word_1_165' title='bbox 247 1894 354 1949; x_wconf 87' lang='lat' dir='ltr'>enti</span> <span class='ocrx_word' id='word_1_166' title='bbox 395 1910 481 1950; x_wconf 87' lang='lat' dir='ltr'>us.</span> 
     </span>
     <span class='ocr_line' id='line_1_24' title="bbox 358 1968 1862 2043; baseline 0.002 -19"><span class='ocrx_word' id='word_1_167' title='bbox 358 1972 442 2024; x_wconf 70' lang='lat'>⁴5.</span> <span class='ocrx_word' id='word_1_168' title='bbox 485 1969 596 2024; x_wconf 88' lang='lat' dir='ltr'>Nec</span> <span class='ocrx_word' id='word_1_169' title='bbox 614 1968 883 2025; x_wconf 86' lang='lat' dir='ltr'>Vitelliani</span> <span class='ocrx_word' id='word_1_170' title='bbox 892 1985 1255 2043; x_wconf 65' lang='lat' dir='ltr'>„quamquam</span> <span class='ocrx_word' id='word_1_171' title='bbox 1277 1970 1423 2036; x_wconf 79' lang='lat' dir='ltr'>victi,</span> <span class='ocrx_word' id='word_1_172' title='bbox 1438 1969 1710 2042; x_wconf 86' lang='lat' dir='ltr'>quievere.</span> <span class='ocrx_word' id='word_1_173' title='bbox 1754 1970 1862 2027; x_wconf 81' lang='lat' dir='ltr'>Ac-</span> 
     </span>
     <span class='ocr_line' id='line_1_25' title="bbox 246 2044 1863 2110; baseline 0.001 -10"><span class='ocrx_word' id='word_1_174' title='bbox 246 2045 367 2100; x_wconf 86' lang='lat' dir='ltr'>citis</span> <span class='ocrx_word' id='word_1_175' title='bbox 387 2044 890 2110; x_wconf 85' lang='lat' dir='ltr'>auxiliis,securum</span> <span class='ocrx_word' id='word_1_176' title='bbox 911 2044 1119 2102; x_wconf 89' lang='lat' dir='ltr'>hostem</span> <span class='ocrx_word' id='word_1_177' title='bbox 1138 2059 1201 2101; x_wconf 86' lang='lat' dir='ltr'>ac</span> <span class='ocrx_word' id='word_1_178' title='bbox 1216 2062 1471 2101; x_wconf 85' lang='lat' dir='ltr'>successu</span> <span class='ocrx_word' id='word_1_179' title='bbox 1486 2061 1669 2101; x_wconf 86' lang='lat' dir='ltr'>rerum</span> <span class='ocrx_word' id='word_1_180' title='bbox 1682 2061 1863 2103; x_wconf 87' lang='lat' dir='ltr'>socor-</span> 
     </span>
     <span class='ocr_line' id='line_1_26' title="bbox 246 2120 1863 2195; baseline 0.001 -20"><span class='ocrx_word' id='word_1_181' title='bbox 246 2121 371 2175; x_wconf 87' lang='lat' dir='ltr'>dius</span> <span class='ocrx_word' id='word_1_182' title='bbox 405 2130 648 2195; x_wconf 84' lang='lat' dir='ltr'>agentem</span> <span class='ocrx_word' id='word_1_183' title='bbox 677 2120 960 2176; x_wconf 81' lang='lat' dir='ltr'>invadunt.</span> <span class='ocrx_word' id='word_1_184' title='bbox 1042 2120 1196 2177; x_wconf 84' lang='lat' dir='ltr'>Caesi</span> <span class='ocrx_word' id='word_1_185' title='bbox 1220 2120 1435 2195; x_wconf 81' lang='lat' dir='ltr'>vigiles,</span> <span class='ocrx_word' id='word_1_186' title='bbox 1463 2129 1750 2193; x_wconf 82' lang='lat' dir='ltr'>praerupta</span> <span class='ocrx_word' id='word_1_187' title='bbox 1770 2140 1863 2177; x_wconf 86' lang='lat' dir='ltr'>ca·</span> 
     </span>
     <span class='ocr_line' id='line_1_27' title="bbox 247 2195 1860 2269; baseline 0.002 -20"><span class='ocrx_word' id='word_1_188' title='bbox 247 2204 374 2260; x_wconf 84' lang='lat' dir='ltr'>stra,</span> <span class='ocrx_word' id='word_1_189' title='bbox 399 2196 719 2267; x_wconf 84' lang='lat' dir='ltr'>trepidatum</span> <span class='ocrx_word' id='word_1_190' title='bbox 741 2196 886 2267; x_wconf 92' lang='lat' dir='ltr'>apud</span> <span class='ocrx_word' id='word_1_191' title='bbox 905 2212 1096 2253; x_wconf 86' lang='lat' dir='ltr'>naves:</span> <span class='ocrx_word' id='word_1_192' title='bbox 1140 2196 1328 2263; x_wconf 89' lang='lat' dir='ltr'>donec,</span> <span class='ocrx_word' id='word_1_193' title='bbox 1340 2195 1559 2252; x_wconf 88' lang='lat' dir='ltr'>cedente</span> <span class='ocrx_word' id='word_1_194' title='bbox 1574 2196 1860 2269; x_wconf 78' lang='lat' dir='ltr'>paullatim</span> 
     </span>
     <span class='ocr_line' id='line_1_28' title="bbox 248 2270 1857 2344; baseline 0.002 -19"><span class='ocrx_word' id='word_1_195' title='bbox 248 2280 394 2325; x_wconf 87' lang='lat' dir='ltr'>metu</span> <span class='ocrx_word' id='word_1_196' title='bbox 409 2312 422 2335; x_wconf 91' lang='lat'>,</span> <span class='ocrx_word' id='word_1_197' title='bbox 471 2280 726 2343; x_wconf 82' lang='lat' dir='ltr'>occupato</span> <span class='ocrx_word' id='word_1_198' title='bbox 765 2272 916 2328; x_wconf 81' lang='lat' dir='ltr'>iuxta</span> <span class='ocrx_word' id='word_1_199' title='bbox 955 2271 1091 2327; x_wconf 87' lang='lat' dir='ltr'>colle</span> <span class='ocrx_word' id='word_1_200' title='bbox 1124 2270 1361 2337; x_wconf 76' lang='lat' dir='ltr'>defensi,</span> <span class='ocrx_word' id='word_1_201' title='bbox 1408 2288 1538 2327; x_wconf 83' lang='lat' dir='ltr'>mox</span> <span class='ocrx_word' id='word_1_202' title='bbox 1582 2272 1857 2344; x_wconf 86' lang='lat' dir='ltr'>inrupere.</span> 
     </span>
     <span class='ocr_line' id='line_1_29' title="bbox 247 2346 1858 2421; baseline 0.002 -22"><span class='ocrx_word' id='word_1_203' title='bbox 247 2348 410 2409; x_wconf 81' lang='lat' dir='ltr'>Atrox</span> <span class='ocrx_word' id='word_1_204' title='bbox 448 2346 526 2400; x_wconf 87' lang='lat' dir='ltr'>ibi</span> <span class='ocrx_word' id='word_1_205' title='bbox 565 2346 771 2411; x_wconf 68' lang='lat' dir='ltr'>caedae,</span> <span class='ocrx_word' id='word_1_206' title='bbox 813 2355 866 2401; x_wconf 82' lang='lat' dir='ltr'>et</span> <span class='ocrx_word' id='word_1_207' title='bbox 887 2348 1227 2421; x_wconf 83' lang='lat' dir='ltr'>Tungrarum</span> <span class='ocrx_word' id='word_1_208' title='bbox 1256 2346 1555 2403; x_wconf 84' lang='lat' dir='ltr'>cohortium</span> <span class='ocrx_word' id='word_1_209' title='bbox 1584 2347 1858 2419; x_wconf 83' lang='lat' dir='ltr'>praefecti,</span> 
     </span>
     <span class='ocr_line' id='line_1_30' title="bbox 248 2420 1861 2488; baseline 0.002 -13"><span class='ocrx_word' id='word_1_210' title='bbox 248 2429 537 2475; x_wconf 80' lang='lat' dir='ltr'>sustentata</span> <span class='ocrx_word' id='word_1_211' title='bbox 577 2420 672 2476; x_wconf 91' lang='lat' dir='ltr'>diu</span> <span class='ocrx_word' id='word_1_212' title='bbox 712 2423 842 2488; x_wconf 85' lang='lat' dir='ltr'>acie,</span> <span class='ocrx_word' id='word_1_213' title='bbox 875 2422 996 2477; x_wconf 88' lang='lat' dir='ltr'>telis</span> <span class='ocrx_word' id='word_1_214' title='bbox 1023 2422 1346 2479; x_wconf 86' lang='lat' dir='ltr'>obruuntur.</span> <span class='ocrx_word' id='word_1_215' title='bbox 1426 2422 1507 2478; x_wconf 88' lang='lat' dir='ltr'>Ne</span> <span class='ocrx_word' id='word_1_216' title='bbox 1540 2420 1861 2479; x_wconf 87' lang='lat' dir='ltr'>Othonianis</span> 
     </span>
     <span class='ocr_line' id='line_1_31' title="bbox 247 2495 1863 2569; baseline 0.003 -21"><span class='ocrx_word' id='word_1_217' title='bbox 247 2495 468 2566; x_wconf 87' lang='lat' dir='ltr'>quidem</span> <span class='ocrx_word' id='word_1_218' title='bbox 489 2497 765 2551; x_wconf 82' lang='lat' dir='ltr'>incruenta</span> <span class='ocrx_word' id='word_1_219' title='bbox 776 2498 996 2553; x_wconf 83' lang='lat' dir='ltr'>victoria</span> <span class='ocrx_word' id='word_1_220' title='bbox 1012 2497 1135 2563; x_wconf 80' lang='lat' dir='ltr'>fuit,</span> <span class='ocrx_word' id='word_1_221' title='bbox 1149 2514 1380 2569; x_wconf 89' lang='lat' dir='ltr'>quorum</span> <span class='ocrx_word' id='word_1_222' title='bbox 1401 2497 1683 2569; x_wconf 74' lang='lat' dir='ltr'>inprovide</span> <span class='ocrx_word' id='word_1_223' title='bbox 1703 2513 1863 2553; x_wconf 87' lang='lat' dir='ltr'>secu·</span> 
     </span>
     <span class='ocr_line' id='line_1_32' title="bbox 247 2570 1861 2645; baseline 0.002 -22"><span class='ocrx_word' id='word_1_224' title='bbox 247 2579 328 2623; x_wconf 85' lang='lat' dir='ltr'>tos</span> <span class='ocrx_word' id='word_1_225' title='bbox 357 2573 600 2625; x_wconf 84' lang='lat' dir='ltr'>conversi</span> <span class='ocrx_word' id='word_1_226' title='bbox 630 2573 838 2644; x_wconf 85' lang='lat' dir='ltr'>equites</span> <span class='ocrx_word' id='word_1_227' title='bbox 857 2574 1344 2629; x_wconf 84' lang='lat' dir='ltr'>circumvenerunt.</span> <span class='ocrx_word' id='word_1_228' title='bbox 1424 2575 1503 2627; x_wconf 84' lang='lat' dir='ltr'>Ac</span> <span class='ocrx_word' id='word_1_229' title='bbox 1520 2570 1671 2629; x_wconf 78' lang='lat' dir='ltr'>velut</span> <span class='ocrx_word' id='word_1_230' title='bbox 1687 2574 1861 2645; x_wconf 83' lang='lat' dir='ltr'>pactis</span> 
     </span>
     <span class='ocr_line' id='line_1_33' title="bbox 249 2644 1863 2720; baseline 0.005 -25"><span class='ocrx_word' id='word_1_231' title='bbox 249 2644 502 2709; x_wconf 85' lang='lat' dir='ltr'>induciis,</span> <span class='ocrx_word' id='word_1_232' title='bbox 534 2663 602 2699; x_wconf 89' lang='lat' dir='ltr'>ne</span> <span class='ocrx_word' id='word_1_233' title='bbox 627 2646 756 2701; x_wconf 86' lang='lat' dir='ltr'>hinc</span> <span class='ocrx_word' id='word_1_234' title='bbox 773 2648 982 2714; x_wconf 74' lang='lat' dir='ltr'>classiS,</span> <span class='ocrx_word' id='word_1_235' title='bbox 1003 2647 1133 2702; x_wconf 88' lang='lat' dir='ltr'>inde</span> <span class='ocrx_word' id='word_1_236' title='bbox 1150 2664 1336 2720; x_wconf 75' lang='lat' dir='ltr'>equae,</span> <span class='ocrx_word' id='word_1_237' title='bbox 1360 2647 1595 2703; x_wconf 84' lang='lat' dir='ltr'>subitam</span> <span class='ocrx_word' id='word_1_238' title='bbox 1614 2646 1863 2703; x_wconf 77' lang='lat' dir='ltr'>formidi-</span> 
     </span>
     <span class='ocr_line' id='line_1_34' title="bbox 304 2717 1861 2795; baseline 0.004 -25"><span class='ocrx_word' id='word_1_239' title='bbox 304 2733 373 2770; x_wconf 59' lang='grc' dir='ltr'>’ῆι</span> <span class='ocrx_word' id='word_1_240' title='bbox 401 2717 676 2787; x_wconf 82' lang='lat' dir='ltr'>inferrent,</span> <span class='ocrx_word' id='word_1_241' title='bbox 701 2721 970 2778; x_wconf 86' lang='lat' dir='ltr'>Vitelliani</span> <span class='ocrx_word' id='word_1_242' title='bbox 997 2730 1137 2778; x_wconf 80' lang='lat' dir='ltr'>retro</span> <span class='ocrx_word' id='word_1_243' title='bbox 1153 2720 1469 2795; x_wconf 87' lang='lat' dir='ltr'>Antipolim,</span> <span class='ocrx_word' id='word_1_244' title='bbox 1493 2722 1861 2779; x_wconf 78' lang='lat' dir='ltr'>Narbonensis</span> 
     </span>
    </p>
   </div>
   <div class='ocr_carea' id='block_1_3' title="bbox 2076 443 2080 1278">
    <p class='ocr_par' dir='ltr' id='par_1_3' title="bbox 2076 443 2080 1278">
     <span class='ocr_line' id='line_1_35' title="bbox 2076 443 2080 1278; baseline 0 0"><span class='ocrx_word' id='word_1_245' title='bbox 2076 443 2080 1278; x_wconf 95' lang='lat' dir='ltr'> </span> 
     </span>
    </p>
   </div>
  </div>
 </body>
</html>
