2081 3038
254 162 289 216 2
597 118 608 127 ο
740 155 1393 211 HISTORIARUM

262 266 434 309 Othone
451 272 612 307 rumor.
664 261 730 302 85.
756 262 948 314 i’opulus
965 263 1010 301 et
1028 262 1204 300 senatus
1224 259 1405 307 Galbae,
1459 260 1524 299 86.
1552 260 1691 301 eastra
1708 259 1868 301 Othoni

259 337 420 377 tavent.
475 334 538 373 67.
559 333 623 371 88.
650 330 732 371 Hie
751 332 935 371 militum
952 330 1119 369 animos
1141 328 1333 368 oratione
1359 328 1442 368 sibi
1466 328 1681 375 conciliat,
1710 327 1867 369 Galbae

259 409 302 444 et
323 402 466 443 Pisoni
493 401 633 441 reddit
657 398 864 439 infensos.
900 397 1032 438 Arma
1062 398 1187 437 militi
1206 396 1373 436 dividit.
1427 397 1491 437 39.
1519 396 1671 445 Agitat
1684 396 1799 436 Laco
1817 398 1870 437 de

261 472 391 513 caede
412 468 539 509 Vinii.
591 468 658 507 40.
688 466 823 506 Galba
843 468 1034 507 fluctuat.
1082 464 1209 505 Plebs
1226 468 1364 505 nutat.
1401 464 1633 505 Othoniani
1650 466 1791 505 fotum
1810 468 1869 504 in-

261 542 479 589 rumpunt.
521 537 587 577 41.
616 535 752 576 Galba
770 534 980 581 desertus,
1001 535 1189 579 occisusz
1230 534 1296 571 42.
1324 533 1385 571 sie
1404 535 1449 571 et
1467 532 1632 573 Vinius.
1660 534 1733 579 ss.
1754 534 1869 573 Sem-

259 610 398 664 pronii
421 607 550 645 Densi
577 603 699 643 fides.
743 603 843 641 Piso
862 612 1035 649 caesus,
1077 602 1143 641 44.
1170 610 1326 649 magna
1345 598 1529 641 Othonis
1548 601 1725 641 laetitia.
1764 600 1871 641 Cae-

263 676 379 715 dium
408 673 596 723 praemia
621 674 849 720 poscentes
874 670 994 709 iussu
1017 666 1180 709 Vitellii
1204 673 1355 719 postea
1382 668 1608 708 interfecti.
1659 669 1726 708 45.
1752 668 1871 709 Adu-

263 742 406 784 lantur
424 746 600 781 senatus
619 743 660 779 et
681 738 864 788 populus
876 740 1083 779 victorem
1099 737 1329 785 Othonem,
1346 738 1418 786 qui
1438 737 1672 777 coercendo
1691 738 1872 777 miiitum

266 811 401 851 furori
429 812 564 857 inpar.
617 808 683 846 46.
713 805 769 845 Hi
787 808 1035 845 vacationes
1054 805 1135 845 sibi
1154 805 1311 845 remitti
1337 808 1504 853 petunt.
1540 806 1655 845 Laco
1672 808 1717 846 et
1732 806 1873 847 Icelus

265 879 391 919 enesi.
445 878 510 916 47.
540 874 708 914 Pisonis
735 877 779 914 et
803 873 853 913 Τ.
881 873 997 913 Vinii
1021 873 1263 922 sepultura,
1324 872 1389 913 48.
1418 873 1578 921 elogia,
1605 876 1872 914 testamenta.

263 948 328 987 19.
359 944 521 985 Galbae
547 942 789 991 sepultura,
817 946 956 997 setas.
985 941 1211 987 nobilitas,
1240 950 1402 985 mores,
1431 942 1631 981 honores.

366 1031 430 1068 50.
450 1027 677 1076 Trepidam
697 1026 846 1065 urbem
866 1036 1005 1065 novus
1023 1026 1078 1066 de
1091 1025 1267 1067 Vitellio
1284 1027 1460 1065 nuntius
1479 1029 1681 1067 exterret.
1712 1027 1876 1077 Vespa·

265 1098 434 1139 sianum
463 1095 656 1134 nonnulli
687 1098 967 1141 augurantur.
1020 1094 1086 1133 51.
1113 1094 1241 1133 initia
1266 1094 1480 1135 Vitelliani
1506 1098 1648 1134 motus
1679 1106 1733 1134 ex
1764 1096 1877 1135 bello

265 1164 362 1206 Iulii
383 1164 598 1210 Vindicis,
634 1166 678 1202 et
701 1161 861 1201 secutis
892 1160 992 1201 inde
1022 1161 1247 1202 discordiis
1279 1163 1391 1203 inter
1421 1162 1611 1211 legiones
1645 1166 1690 1203 et
1715 1163 1874 1203 Gallos.

266 1235 331 1274 52.
351 1233 414 1271 53.
436 1231 648 1277 Vitellius,
668 1240 747 1269 suo
767 1231 938 1279 ingenio
957 1230 1153 1281 ignavus,
1173 1231 1227 1273 ad
1245 1242 1315 1271 res
1333 1241 1469 1271 novas
1486 1231 1732 1272 stImnlatur
1748 1242 1774 1271 a
1792 1232 1878 1272 Va·

265 1300 382 1342 lente
408 1304 450 1340 et
469 1297 652 1339 Caecina
678 1298 848 1347 legatis.
902 1300 966 1338 54.
985 1299 1051 1337 55.
1080 1300 1295 1348 Legiones
1316 1300 1537 1349 utriusque
1556 1299 1809 1340 Germaniae
1827 1301 1877 1339 fl-

268 1369 364 1409 dem
383 1368 426 1407 in
446 1366 625 1406 Galbam
645 1370 822 1413 exuunt,
877 1367 942 1406 56.
970 1368 1094 1417 segni
1120 1371 1359 1419 spectatore
1377 1368 1623 1407 Hordeonio
1643 1366 1797 1408 Flacco
1815 1367 1879 1407 le·

269 1440 384 1487 gato.
427 1437 492 1475 57.
511 1433 673 1474 Valens
691 1434 909 1474 Vitellium
930 1436 1231 1485 imperatorem
1249 1436 1503 1483 consalutat,
1524 1445 1678 1484 magno
1694 1434 1879 1475 militum

270 1504 436 1550 studioz
472 1504 536 1544 58.
556 1504 712 1554 qulbus
737 1503 1013 1553 poscentibus
1031 1504 1157 1544 multi
1174 1505 1303 1544 eaesi.
1345 1505 1410 1545 59.
1434 1502 1568 1544 Iulius
1590 1503 1741 1545 Civilis
1764 1506 1880 1556 peri·

272 1575 414 1615 cuium
434 1573 592 1613 evadit.
629 1571 829 1622 Undique
846 1572 1009 1612 viribus
1026 1575 1201 1618 auctus,
1246 1573 1311 1612 60.
1338 1573 1451 1612 inter
1468 1573 1615 1612 foedas
1641 1573 1880 1622 legatorum

272 1642 530 1687 discordias.
567 1641 631 1680 61.
659 1640 767 1679 duos
793 1641 1010 1680 exereitus
1036 1641 1081 1678 in
1102 1639 1270 1679 Italiam
1294 1640 1441 1679 mittit.
1486 1641 1550 1680 62.
1569 1640 1728 1690 Torpet
1746 1639 1882 1681 vitel-

271 1710 377 1754 liusz
415 1709 542 1748 ardor
559 1711 603 1748 et
621 1709 685 1747 vis
705 1708 889 1747 militum
909 1708 1020 1747 ultro
1040 1708 1161 1748 ducis
1188 1708 1333 1747 munia
1358 1707 1502 1758 inplet.
1547 1709 1611 1747 63.
1640 1708 1789 1748 SubIto
1817 1709 1881 1756 m-

273 1781 620 1824 roreconreptus
647 1776 772 1816 miles
798 1775 852 1815 ab
877 1776 1048 1815 excidio
1074 1776 1285 1816 Divoduri
1308 1786 1435 1824 aegre
1463 1779 1684 1826 temperat.
1722 1775 1883 1816 Gallias

273 1847 412 1886 terror
429 1843 608 1883 invadit.
663 1843 727 1883 64.
755 1843 930 1884 Vitellio
949 1843 1198 1884 adhaerent.
1242 1845 1306 1882 65.
1338 1843 1647 1892 Lugdunenses
1665 1855 1719 1883 ex
1738 1849 1884 1885 vetere

275 1912 374 1952 odio
402 1912 556 1951 milltes
584 1911 627 1950 in
654 1911 920 1952 eversionem
938 1911 1246 1952 Viennensium
1271 1912 1504 1961 inpellunt;
1548 1913 1613 1952 66.
1640 1913 1715 1952 isti
1739 1916 1885 1952 tamen

276 1979 400 2020 donis
421 1980 641 2030 placantur
659 1982 701 2018 et
719 1979 930 2028 precibus.
963 1978 1158 2020 Valentis
1176 1980 1357 2020 avaritia
1374 1982 1418 2018 et
1434 1979 1581 2020 libido.
1619 1981 1682 2019 67.
1698 1981 1763 2020 68.
1781 1979 1885 2019 Hei-

275 2051 437 2096 veiios.
463 2047 622 2088 Vitellii
641 2047 866 2095 imperium
886 2047 1145 2095 abnuentes,
1168 2047 1371 2094 Caecina,
1399 2048 1502 2088 belli
1527 2048 1699 2094 avidus,
1728 2048 1882 2088 caedit.

277 2118 340 2156 69.
371 2116 626 2156 Aventicum
653 2122 778 2160 aegre
807 2113 1089 2162 inpunitatem
1116 2117 1382 2166 salutemque
1408 2117 1605 2164 inpetrat.
1652 2117 1715 2155 70.
1744 2115 1793 2154 In
1810 2115 1887 2154 Vi-

277 2186 383 2226 tellii
411 2190 554 2234 partes
573 2185 840 2229 transgressa
857 2181 1005 2222 ltaliae
1022 2187 1165 2232 parte,
1190 2181 1374 2222 Caecina
1391 2181 1524 2232 Alpes
1544 2186 1733 2234 superat.

384 2269 448 2310 51.
477 2267 592 2308 Otho
617 2266 850 2316 prudenter
865 2278 911 2306 se
931 2270 1064 2317 gerit:
1092 2268 1227 2309 Mario
1244 2266 1369 2308 Celso
1388 2268 1582 2317 ignoscit.
1628 2269 1691 2308 72.
1710 2269 1887 2317 Tigelli-

279 2348 362 2378 nns
388 2338 589 2377 infamem
619 2338 748 2374 vitam
774 2337 891 2374 exitu
918 2335 1144 2376 inhonesto
1171 2336 1329 2376 foedat.
1374 2337 1440 2376 73.
1468 2334 1620 2376 Galvia
1642 2335 1890 2385 Crispinilla

281 2415 378 2445 eum
399 2405 510 2444 mala
525 2403 708 2442 Othonis
727 2403 840 2442 sama
858 2403 1048 2452 periculo
1067 2408 1282 2453 exempta.
1317 2405 1379 2443 u.
1398 2405 1618 2454 Principes
1640 2408 1785 2444 mutuo
1804 2405 1888 2444 sibi

281 2473 545 2513 conditiones
580 2469 784 2515 oii'ernntz
819 2481 920 2510 mox
949 2472 1140 2512 rixantes
1166 2473 1328 2520 flagitia
1356 2473 1540 2512 invicem
1572 2473 1807 2520 obiectant,
1844 2475 1890 2513 et

281 2541 346 2580 75.
367 2540 636 2578 insidiatores
655 2539 890 2579 inmittunt.
923 2540 986 2580 76.
1003 2539 1233 2580 Distraetis
1252 2540 1365 2580 inter
1381 2544 1609 2592 utrumque
1626 2541 1889 2582 exercitibus

285 2617 333 2645 ae
349 2607 590 2654 provinciis.
608 2606 719 2646 bello
733 2617 858 2655 opus.
886 2608 950 2647 77.
962 2606 1077 2647 Otho
1091 2608 1389 2658 imperatorem
1403 2611 1515 2658 agitz
1534 2611 1733 2656 honores,
1754 2610 1817 2650 78.
1828 2609 1890 2648 ei-

286 2674 476 2718 vitatem,
498 2674 586 2712 iura
605 2673 851 2721 dilargitur:
881 2673 933 2713 de
953 2674 1209 2714 celebranda
1224 2675 1405 2716 Neronis
1422 2677 1629 2718 memoria
1646 2677 1793 2724 egitst.

387 2741 451 2778 79.
467 2739 684 2780 Sarmatae
699 2742 909 2782 Roxolani
921 2741 1131 2782 Moesiam
1147 2744 1435 2793 inrumpentes
1454 2744 1582 2786 eaesi.
1614 2744 1797 2784 80-82.
1812 2743 1887 2783 Se-
