2081 3038
238 232 292 274 A.
313 235 365 274 c.
391 214 488 290 το.)
661 223 820 270 mn.
857 223 927 271 11.
971 224 1074 272 cA
1092 225 1149 273 ι’.
1192 225 1433 276 22—24.
1756 219 1837 273 ‚7⁴

239 327 333 382 ille
351 322 703 398 primipilaris
723 333 775 380 et
789 325 1045 381 Caecinae
1064 325 1211 382 haud
1226 324 1455 394 alienus,
1466 326 1615 400 quod
1632 326 1846 382 ordines

238 403 296 458 in
319 402 605 458 Germania
629 399 874 456 duxerat.

349 479 435 533 23.
476 475 769 547 Spurinna,
792 483 1061 548 comperto
1080 476 1269 531 itinere
1288 476 1544 543 hostium,
1572 477 1843 534 defensam

239 550 583 616 Placentiam,
607 567 862 622 quaeque
873 560 1006 616 acta,
1023 552 1231 624 etquid
1252 551 1475 607 Caecina
1494 561 1718 624 pararet,
1734 553 1847 609 An-

239 627 395 681 nium
414 625 634 682 Gallum
654 641 750 697 per
773 625 970 688 litteras
991 627 1160 682 docet.
1241 625 1431 683 Gallus
1454 626 1713 700 legionem
1732 630 1847 700 pri-

240 719 387 758 mam
405 701 466 755 in
484 700 754 757 auxilium
774 701 1068 756 Placentiae
1084 701 1329 768 ducebat,
1352 700 1566 758 diffisus
1584 703 1847 775 paucitate

239 777 560 842 cohortium,
593 793 662 832 ne
690 775 904 850 longius
927 777 1202 831 obsidium
1222 785 1274 832 et
1290 778 1407 832 vim
1426 777 1732 833 Germanici
1752 794 1847 832 ex·-

239 853 439 908 ercitus
457 867 649 922 parum
680 851 976 906 tolerarent.
1056 851 1160 907 Ubi
1180 852 1401 924 pulsum
1424 852 1705 908 Caecinam
1724 870 1848 925 per-

239 944 369 1000 gere
396 925 708 982 Cremonam
743 927 962 998 accepit,
995 943 1151 1000 aegre
1180 929 1459 984 coercitam
1488 927 1771 1003 legionem,
1796 936 1848 982 et

239 1002 518 1076 pugnandi
537 1003 722 1058 ardore
739 1019 917 1074 usque
937 1001 1004 1056 ad
1025 1003 1339 1059 seditionem
1358 1020 1717 1078 progressam,
1746 1005 1847 1059 Be-

239 1079 404 1134 driaci
439 1078 598 1133 sistit.
681 1079 820 1132 Inter
847 1077 1111 1133 Veronam
1140 1078 1569 1152 Cremonamque
1597 1081 1735 1135 situs
1766 1087 1847 1134 est

239 1155 413 1219 vicus,
443 1153 658 1208 duabus
687 1154 794 1207 iam
823 1153 1078 1208 Romanis
1107 1153 1349 1210 cladibus
1373 1163 1531 1210 notus
1550 1154 1847 1211 infaustus-

237 1246 366 1301 que.
445 1227 640 1283 Iisdem
672 1227 863 1283 diebus
893 1245 923 1282 a
941 1229 1133 1284 Martio
1150 1230 1327 1285 Macro
1345 1230 1491 1285 haud
1509 1230 1693 1302 procul
1718 1230 1845 1286 Cre-

237 1319 398 1359 mona
423 1320 676 1375 prospere
701 1311 1021 1377 pugnatum.
1103 1305 1349 1376 Namque
1375 1315 1656 1378 promptus
1676 1306 1844 1362 animi

236 1380 462 1434 Martius
500 1387 824 1438 transvectos
863 1378 1097 1433 navibus
1132 1379 1448 1452 gladiatores
1476 1381 1532 1434 in
1563 1380 1843 1435 adversam

236 1454 368 1509 Padi
388 1453 562 1527 ripam
582 1463 798 1526 repente
817 1453 1022 1509 effudit.
1094 1453 1323 1508 Turbata
1342 1455 1419 1508 ibi
1439 1453 1843 1510 Vitellianorum

237 1528 459 1594 auxilia,
493 1538 561 1594 et,
594 1532 782 1585 ceteris
813 1530 1130 1586 Cremonam
1170 1528 1520 1603 fugientibus,
1552 1530 1712 1595 caesi,
1745 1532 1843 1602 qui

237 1605 552 1660 restiterant.
605 1604 708 1659 Sed
729 1622 1007 1677 repressus
1027 1604 1359 1660 vincentium
1380 1606 1613 1678 inpetus,
1638 1622 1725 1671 ne,
1749 1623 1845 1661 no-

236 1680 324 1735 vis
343 1679 603 1735 subsidiis
625 1680 839 1746 firmati,
865 1681 1043 1736 hostes
1064 1678 1327 1737 fortunam
1350 1679 1535 1751 praelii
1556 1689 1839 1736 mutarent.

235 1754 564 1827 Suspectum
580 1755 636 1809 id
659 1754 974 1813 Othonianis
997 1755 1117 1821 fuit,
1139 1757 1320 1811 omnia
1339 1756 1541 1811 ducum
1568 1756 1698 1812 facta
1721 1772 1845 1828 pra-

236 1848 306 1887 ve
335 1830 758 1886 aestimantibus.
839 1830 1109 1896 Certatim,
1141 1838 1202 1886 ut
1226 1832 1464 1903 quisque
1490 1832 1844 1905 animoigna-

236 1924 364 1972 vua,
387 1922 584 1978 procax
601 1923 710 1970 ore,
739 1905 978 1961 Annium
1000 1905 1219 1961 Gallum
1241 1913 1291 1960 et
1309 1904 1622 1960 Suetonium
1644 1905 1845 1959 Paulli-

238 1998 384 2037 num·
403 1990 456 2035 et
471 1982 703 2036 Marium
722 1979 940 2035 Celsum
969 1980 1115 2053 (nam
1135 1996 1227 2036 eos
1246 1979 1385 2037 Otho
1403 1996 1621 2053 quoque
1640 1978 1844 2051 praefe-

237 2055 398 2129 cerat)
417 2057 586 2111 variis
603 2054 924 2110 criminibus
943 2055 1296 2110 incessebant,
1367 2056 1637 2110 Acerrima
1660 2053 1845 2109 sediti-

238 2148 410 2189 onum
439 2148 500 2185 ac
527 2130 823 2185 discordiae
845 2130 1207 2194 incitamenta,
1238 2128 1594 2185 interfectores
1621 2128 1839 2185 Galbae.

236 2206 448 2263 Scelere
474 2213 526 2260 et
551 2213 697 2260 metu
718 2204 986 2269 vecordes,
1011 2204 1235 2260 miscere
1254 2212 1462 2270 cuncta,
1484 2204 1643 2269 modo
1663 2203 1837 2275 palam

235 2280 474 2337 turbidis
508 2280 752 2345 vocibus,
793 2279 951 2335 modo
986 2278 1211 2334 occultis
1235 2280 1303 2335 ad
1329 2277 1591 2334 Othonem
1622 2279 1839 2338 litteris:

236 2358 336 2429 qni
356 2355 665 2411 humillimo
683 2356 882 2427 cuique
905 2353 1177 2420 credulus,
1206 2355 1372 2411 bonos
1391 2361 1657 2419 metuens,
1681 2353 1844 2424 trepi-

237 2432 424 2500 dabat3
463 2431 630 2486 rebus
648 2430 918 2503 prosperis
936 2430 1192 2495 incertus,
1223 2438 1275 2485 et
1293 2431 1431 2485 inter
1449 2429 1669 2485 adversa
1690 2427 1845 2483 meli-

236 2524 316 2563 or.
359 2506 530 2579 Igitur
539 2506 830 2570 Titianum,
856 2504 1091 2571 fratrem,
1112 2505 1339 2560 accitum
1358 2503 1498 2560 bello
1516 2504 1841 2577 praeposuit.

239 2582 443 2637 Interea
460 2579 692 2636 Paullini
712 2588 764 2634 et
779 2579 923 2635 Celsi
943 2578 1110 2635 ductu
1130 2596 1217 2635 res
1236 2580 1479 2653 egregiae
1496 2588 1694 2653 gestae.

348 2658 436 2713 24,
478 2654 760 2729 Angebant
788 2654 1072 2709 Caecinam
1108 2654 1477 2726 nequidquam
1519 2656 1699 2711 omnia
1726 2670 1845 2713 coe·—

239 2739 352 2805 pta,
381 2738 434 2786 et
461 2746 746 2785 senescens
768 2728 1034 2785 exercitus
1054 2729 1143 2785 sui
1167 2728 1326 2784 fama.
1406 2728 1603 2785 Pulsus
1626 2728 1845 2785 Placen-

1642 2976 1692 3015 Ο
