<?xml version="1.0" encoding="UTF-8"?>
<!DOCTYPE html PUBLIC "-//W3C//DTD XHTML 1.0 Transitional//EN"
    "http://www.w3.org/TR/xhtml1/DTD/xhtml1-transitional.dtd">
<html xmlns="http://www.w3.org/1999/xhtml" xml:lang="en" lang="en">
 <head>
  <title>
</title>
<meta http-equiv="Content-Type" content="text/html;charset=utf-8" />
  <meta name='ocr-system' content='tesseract 3.04.00' />
  <meta name='ocr-capabilities' content='ocr_page ocr_carea ocr_par ocr_line ocrx_word'/>
</head>
<body>
  <div class='ocr_page' id='page_1' title='image "./operaquoadextan03tacigoog_0057.png"; bbox 0 0 2081 3038; ppageno 0'>
   <div class='ocr_carea' id='block_1_1' title="bbox 187 226 1778 308">
    <p class='ocr_par' dir='ltr' id='par_1_1' title="bbox 187 226 1778 308">
     <span class='ocr_line' id='line_1_1' title="bbox 187 226 1778 308; baseline 0 -28"><span class='ocrx_word' id='word_1_1' title='bbox 187 226 423 299; x_wconf 45' lang='lat' dir='ltr'>rcus.)</span> <span class='ocrx_word' id='word_1_2' title='bbox 600 233 763 280; x_wconf 64' lang='grc' dir='ltr'>ΜΒ.</span> <span class='ocrx_word' id='word_1_3' title='bbox 803 235 847 279; x_wconf 91' lang='lat'>1.</span> <span class='ocrx_word' id='word_1_4' title='bbox 892 235 1070 282; x_wconf 73' lang='lat' dir='ltr'>cAP.</span> <span class='ocrx_word' id='word_1_5' title='bbox 1111 235 1387 308; x_wconf 25' lang='lat' dir='ltr'>‘to-79..</span> <span class='ocrx_word' id='word_1_6' title='bbox 1553 283 1564 288; x_wconf 76' lang='grc'><strong>,</strong></span> <span class='ocrx_word' id='word_1_7' title='bbox 1713 227 1778 282; x_wconf 70' lang='grc'>49</span> 
     </span>
    </p>
   </div>
   <div class='ocr_carea' id='block_1_2' title="bbox 160 333 1785 1681">
    <p class='ocr_par' dir='ltr' id='par_1_2' title="bbox 180 333 1782 482">
     <span class='ocr_line' id='line_1_2' title="bbox 181 333 1782 408; baseline 0.001 -20"><span class='ocrx_word' id='word_1_8' title='bbox 181 335 353 392; x_wconf 87' lang='lat' dir='ltr'>siones</span> <span class='ocrx_word' id='word_1_9' title='bbox 368 377 383 400; x_wconf 92' lang='lat'>,</span> <span class='ocrx_word' id='word_1_10' title='bbox 416 352 723 390; x_wconf 80' lang='lat' dir='ltr'>concessam</span> <span class='ocrx_word' id='word_1_11' title='bbox 744 334 853 401; x_wconf 75' lang='lat' dir='ltr'>tilio</span> <span class='ocrx_word' id='word_1_12' title='bbox 873 335 1144 390; x_wconf 83' lang='lat' dir='ltr'>materiem</span> <span class='ocrx_word' id='word_1_13' title='bbox 1165 355 1176 391; x_wconf 92' lang='lat'>:</span> <span class='ocrx_word' id='word_1_14' title='bbox 1218 350 1548 408; x_wconf 84' lang='lat' dir='ltr'>quamquam</span> <span class='ocrx_word' id='word_1_15' title='bbox 1569 333 1624 390; x_wconf 90' lang='lat' dir='ltr'>id</span> <span class='ocrx_word' id='word_1_16' title='bbox 1643 351 1782 407; x_wconf 84' lang='lat' dir='ltr'>quo·-</span> 
     </span>
     <span class='ocr_line' id='line_1_3' title="bbox 180 410 628 482; baseline 0 -16"><span class='ocrx_word' id='word_1_17' title='bbox 180 427 285 482; x_wconf 88' lang='lat' dir='ltr'>que</span> <span class='ocrx_word' id='word_1_18' title='bbox 301 410 507 466; x_wconf 89' lang='lat' dir='ltr'>dictum</span> <span class='ocrx_word' id='word_1_19' title='bbox 530 419 628 466; x_wconf 89' lang='lat' dir='ltr'>est.</span> 
     </span>
    </p>

    <p class='ocr_par' dir='ltr' id='par_1_3' title="bbox 176 484 1785 1306">
     <span class='ocr_line' id='line_1_4' title="bbox 290 484 1777 557; baseline 0.001 -19"><span class='ocrx_word' id='word_1_20' title='bbox 290 487 378 541; x_wconf 84' lang='lat'>77.</span> <span class='ocrx_word' id='word_1_21' title='bbox 420 485 493 540; x_wconf 84' lang='lat' dir='ltr'>At</span> <span class='ocrx_word' id='word_1_22' title='bbox 510 485 699 541; x_wconf 80' lang='lat' dir='ltr'>theatri</span> <span class='ocrx_word' id='word_1_23' title='bbox 720 485 1206 556; x_wconf 82' lang='lat' dir='ltr'>licentia,proximo</span> <span class='ocrx_word' id='word_1_24' title='bbox 1224 484 1398 556; x_wconf 81' lang='lat' dir='ltr'>priore</span> <span class='ocrx_word' id='word_1_25' title='bbox 1417 501 1556 541; x_wconf 79' lang='lat' dir='ltr'>anno</span> <span class='ocrx_word' id='word_1_26' title='bbox 1572 493 1777 557; x_wconf 84' lang='lat' dir='ltr'>coepta,</span> 
     </span>
     <span class='ocr_line' id='line_1_5' title="bbox 179 558 1781 632; baseline 0.001 -18"><span class='ocrx_word' id='word_1_27' title='bbox 179 562 398 632; x_wconf 82' lang='lat' dir='ltr'>gravius</span> <span class='ocrx_word' id='word_1_28' title='bbox 419 569 535 616; x_wconf 87' lang='lat' dir='ltr'>tum</span> <span class='ocrx_word' id='word_1_29' title='bbox 556 561 759 632; x_wconf 80' lang='lat' dir='ltr'>erupit,</span> <span class='ocrx_word' id='word_1_30' title='bbox 788 561 977 616; x_wconf 86' lang='lat' dir='ltr'>occisis</span> <span class='ocrx_word' id='word_1_31' title='bbox 998 577 1105 614; x_wconf 89' lang='lat' dir='ltr'>non</span> <span class='ocrx_word' id='word_1_32' title='bbox 1123 560 1282 614; x_wconf 89' lang='lat' dir='ltr'>modo</span> <span class='ocrx_word' id='word_1_33' title='bbox 1297 576 1328 614; x_wconf 88' lang='lat' dir='ltr'>e</span> <span class='ocrx_word' id='word_1_34' title='bbox 1345 558 1502 632; x_wconf 87' lang='lat' dir='ltr'>plebe</span> <span class='ocrx_word' id='word_1_35' title='bbox 1516 602 1530 627; x_wconf 90' lang='lat'>,</span> <span class='ocrx_word' id='word_1_36' title='bbox 1561 559 1656 614; x_wconf 85' lang='lat' dir='ltr'>sed</span> <span class='ocrx_word' id='word_1_37' title='bbox 1675 561 1781 616; x_wconf 83' lang='lat' dir='ltr'>mi·</span> 
     </span>
     <span class='ocr_line' id='line_1_6' title="bbox 182 634 1780 706; baseline 0.001 -18"><span class='ocrx_word' id='word_1_38' title='bbox 182 636 365 690; x_wconf 87' lang='lat' dir='ltr'>litibus</span> <span class='ocrx_word' id='word_1_39' title='bbox 388 642 439 690; x_wconf 89' lang='lat' dir='ltr'>et</span> <span class='ocrx_word' id='word_1_40' title='bbox 458 636 765 690; x_wconf 82' lang='lat' dir='ltr'>centurione</span> <span class='ocrx_word' id='word_1_41' title='bbox 778 677 793 700; x_wconf 96' lang='lat'>,</span> <span class='ocrx_word' id='word_1_42' title='bbox 833 634 1110 692; x_wconf 85' lang='lat' dir='ltr'>vulnerato</span> <span class='ocrx_word' id='word_1_43' title='bbox 1137 634 1352 690; x_wconf 84' lang='lat' dir='ltr'>tribuno</span> <span class='ocrx_word' id='word_1_44' title='bbox 1376 635 1666 706; x_wconf 76' lang='lat' dir='ltr'>praetoriae</span> <span class='ocrx_word' id='word_1_45' title='bbox 1693 651 1780 690; x_wconf 81' lang='lat' dir='ltr'>oo-</span> 
     </span>
     <span class='ocr_line' id='line_1_7' title="bbox 181 708 1778 783; baseline 0.001 -20"><span class='ocrx_word' id='word_1_46' title='bbox 181 711 346 766; x_wconf 83' lang='lat' dir='ltr'>hortis</span> <span class='ocrx_word' id='word_1_47' title='bbox 362 751 377 775; x_wconf 89' lang='lat'>,</span> <span class='ocrx_word' id='word_1_48' title='bbox 418 711 553 766; x_wconf 92' lang='lat' dir='ltr'>dum</span> <span class='ocrx_word' id='word_1_49' title='bbox 589 711 779 782; x_wconf 82' lang='lat' dir='ltr'>probra</span> <span class='ocrx_word' id='word_1_50' title='bbox 819 711 877 769; x_wconf 85' lang='lat' dir='ltr'>in</span> <span class='ocrx_word' id='word_1_51' title='bbox 923 711 1264 783; x_wconf 79' lang='lat' dir='ltr'>magistratus</span> <span class='ocrx_word' id='word_1_52' title='bbox 1307 715 1360 768; x_wconf 85' lang='lat' dir='ltr'>et</span> <span class='ocrx_word' id='word_1_53' title='bbox 1393 708 1778 764; x_wconf 78' lang='lat' dir='ltr'>dissensionem</span> 
     </span>
     <span class='ocr_line' id='line_1_8' title="bbox 180 782 1780 858; baseline -0.001 -18"><span class='ocrx_word' id='word_1_54' title='bbox 180 785 330 858; x_wconf 83' lang='lat' dir='ltr'>vulgi</span> <span class='ocrx_word' id='word_1_55' title='bbox 360 784 665 856; x_wconf 87' lang='lat' dir='ltr'>prohibent.</span> <span class='ocrx_word' id='word_1_56' title='bbox 743 786 935 843; x_wconf 86' lang='lat' dir='ltr'>Actum</span> <span class='ocrx_word' id='word_1_57' title='bbox 964 785 1031 838; x_wconf 91' lang='lat' dir='ltr'>de</span> <span class='ocrx_word' id='word_1_58' title='bbox 1059 801 1120 840; x_wconf 85' lang='lat' dir='ltr'>ea</span> <span class='ocrx_word' id='word_1_59' title='bbox 1149 783 1406 841; x_wconf 87' lang='lat' dir='ltr'>seditione</span> <span class='ocrx_word' id='word_1_60' title='bbox 1421 782 1566 856; x_wconf 79' lang='lat' dir='ltr'>apud</span> <span class='ocrx_word' id='word_1_61' title='bbox 1583 791 1780 855; x_wconf 86' lang='lat' dir='ltr'>patres,</span> 
     </span>
     <span class='ocr_line' id='line_1_9' title="bbox 177 859 1783 932; baseline -0.001 -18"><span class='ocrx_word' id='word_1_62' title='bbox 177 859 600 932; x_wconf 83' lang='lat' dir='ltr'>dicebanturque</span> <span class='ocrx_word' id='word_1_63' title='bbox 615 861 903 916; x_wconf 85' lang='lat' dir='ltr'>sententiae</span> <span class='ocrx_word' id='word_1_64' title='bbox 916 901 929 926; x_wconf 92' lang='lat'>,</span> <span class='ocrx_word' id='word_1_65' title='bbox 970 869 1031 914; x_wconf 82' lang='lat' dir='ltr'>ut</span> <span class='ocrx_word' id='word_1_66' title='bbox 1053 862 1386 927; x_wconf 74' lang='lat' dir='ltr'>praetoribus</span> <span class='ocrx_word' id='word_1_67' title='bbox 1411 863 1496 914; x_wconf 83' lang='lat' dir='ltr'>ius</span> <span class='ocrx_word' id='word_1_68' title='bbox 1513 863 1783 928; x_wconf 64' lang='lat' dir='ltr'>virgarum</span> 
     </span>
     <span class='ocr_line' id='line_1_10' title="bbox 180 932 1785 1008; baseline -0.001 -19"><span class='ocrx_word' id='word_1_69' title='bbox 180 940 233 990; x_wconf 85' lang='lat' dir='ltr'>in</span> <span class='ocrx_word' id='word_1_70' title='bbox 251 939 531 990; x_wconf 73' lang='lat' dir='ltr'>histriones</span> <span class='ocrx_word' id='word_1_71' title='bbox 550 944 692 990; x_wconf 80' lang='lat' dir='ltr'>esset.</span> <span class='ocrx_word' id='word_1_72' title='bbox 768 935 1069 993; x_wconf 78' lang='lat' dir='ltr'>Intercessit</span> <span class='ocrx_word' id='word_1_73' title='bbox 1089 935 1332 992; x_wconf 85' lang='lat' dir='ltr'>Haterius</span> <span class='ocrx_word' id='word_1_74' title='bbox 1347 932 1586 1008; x_wconf 82' lang='lat' dir='ltr'>Agrippa</span> <span class='ocrx_word' id='word_1_75' title='bbox 1609 933 1785 988; x_wconf 86' lang='lat' dir='ltr'>tribu-</span> 
     </span>
     <span class='ocr_line' id='line_1_11' title="bbox 179 1006 1784 1082; baseline -0.001 -18"><span class='ocrx_word' id='word_1_76' title='bbox 179 1029 282 1064; x_wconf 91' lang='lat' dir='ltr'>nus</span> <span class='ocrx_word' id='word_1_77' title='bbox 302 1009 509 1080; x_wconf 76' lang='lat' dir='ltr'>plebei,</span> <span class='ocrx_word' id='word_1_78' title='bbox 542 1010 943 1082; x_wconf 86' lang='lat' dir='ltr'>increpitusque</span> <span class='ocrx_word' id='word_1_79' title='bbox 960 1017 1042 1064; x_wconf 84' lang='lat' dir='ltr'>est</span> <span class='ocrx_word' id='word_1_80' title='bbox 1059 1008 1233 1065; x_wconf 85' lang='lat' dir='ltr'>Asinii</span> <span class='ocrx_word' id='word_1_81' title='bbox 1254 1006 1396 1066; x_wconf 73' lang='lat' dir='ltr'>Galli</span> <span class='ocrx_word' id='word_1_82' title='bbox 1411 1009 1673 1074; x_wconf 78' lang='lat' dir='ltr'>oratione,</span> <span class='ocrx_word' id='word_1_83' title='bbox 1706 1007 1784 1062; x_wconf 87' lang='lat' dir='ltr'>si·-</span> 
     </span>
     <span class='ocr_line' id='line_1_12' title="bbox 178 1082 1783 1156; baseline 0 -18"><span class='ocrx_word' id='word_1_84' title='bbox 178 1084 318 1139; x_wconf 83' lang='lat' dir='ltr'>lente</span> <span class='ocrx_word' id='word_1_85' title='bbox 336 1083 552 1140; x_wconf 89' lang='lat' dir='ltr'>Tiberio</span> <span class='ocrx_word' id='word_1_86' title='bbox 566 1125 579 1150; x_wconf 92' lang='lat'>,</span> <span class='ocrx_word' id='word_1_87' title='bbox 610 1086 785 1156; x_wconf 83' lang='lat' dir='ltr'>quiea</span> <span class='ocrx_word' id='word_1_88' title='bbox 805 1082 1090 1140; x_wconf 84' lang='lat' dir='ltr'>simulacra</span> <span class='ocrx_word' id='word_1_89' title='bbox 1111 1083 1366 1140; x_wconf 78' lang='lat' dir='ltr'>libertatis</span> <span class='ocrx_word' id='word_1_90' title='bbox 1391 1083 1600 1140; x_wconf 85' lang='lat' dir='ltr'>senatui</span> <span class='ocrx_word' id='word_1_91' title='bbox 1627 1101 1783 1156; x_wconf 82' lang='lat' dir='ltr'>prae-</span> 
     </span>
     <span class='ocr_line' id='line_1_13' title="bbox 176 1158 1780 1234; baseline -0.001 -20"><span class='ocrx_word' id='word_1_92' title='bbox 176 1159 357 1216; x_wconf 83' lang='lat' dir='ltr'>bebat.</span> <span class='ocrx_word' id='word_1_93' title='bbox 427 1158 610 1214; x_wconf 83' lang='lat' dir='ltr'>Valuit</span> <span class='ocrx_word' id='word_1_94' title='bbox 628 1167 803 1214; x_wconf 89' lang='lat' dir='ltr'>tamen</span> <span class='ocrx_word' id='word_1_95' title='bbox 823 1159 1150 1224; x_wconf 82' lang='lat' dir='ltr'>intercessio,</span> <span class='ocrx_word' id='word_1_96' title='bbox 1173 1159 1302 1231; x_wconf 85' lang='lat' dir='ltr'>quia</span> <span class='ocrx_word' id='word_1_97' title='bbox 1321 1159 1484 1214; x_wconf 79' lang='lat' dir='ltr'>divus</span> <span class='ocrx_word' id='word_1_98' title='bbox 1500 1158 1780 1234; x_wconf 82' lang='lat' dir='ltr'>Augustus</span> 
     </span>
     <span class='ocr_line' id='line_1_14' title="bbox 176 1233 1778 1306; baseline 0 -18"><span class='ocrx_word' id='word_1_99' title='bbox 176 1241 431 1290; x_wconf 84' lang='lat' dir='ltr'>immunes</span> <span class='ocrx_word' id='word_1_100' title='bbox 470 1237 740 1288; x_wconf 74' lang='lat' dir='ltr'>verberum</span> <span class='ocrx_word' id='word_1_101' title='bbox 786 1238 1063 1290; x_wconf 71' lang='lat' dir='ltr'>histriones</span> <span class='ocrx_word' id='word_1_102' title='bbox 1105 1233 1374 1306; x_wconf 75' lang='lat' dir='ltr'>quondam</span> <span class='ocrx_word' id='word_1_103' title='bbox 1419 1234 1778 1306; x_wconf 78' lang='lat' dir='ltr'>responderat,</span> 
     </span>
    </p>

    <p class='ocr_par' dir='ltr' id='par_1_4' title="bbox 160 1307 1785 1681">
     <span class='ocr_line' id='line_1_15' title="bbox 160 1307 1784 1382; baseline -0.001 -17"><span class='ocrx_word' id='word_1_104' title='bbox 160 1321 359 1382; x_wconf 68' lang='lat' dir='ltr'>‘neque</span> <span class='ocrx_word' id='word_1_105' title='bbox 374 1307 456 1363; x_wconf 74' lang='lat' dir='ltr'>sas</span> <span class='ocrx_word' id='word_1_106' title='bbox 476 1309 687 1364; x_wconf 87' lang='lat' dir='ltr'>Tiberio</span> <span class='ocrx_word' id='word_1_107' title='bbox 700 1350 714 1373; x_wconf 91' lang='lat'>,</span> <span class='ocrx_word' id='word_1_108' title='bbox 741 1308 1033 1382; x_wconf 82' lang='lat' dir='ltr'>infringere</span> <span class='ocrx_word' id='word_1_109' title='bbox 1051 1308 1190 1365; x_wconf 84' lang='lat' dir='ltr'>dicta</span> <span class='ocrx_word' id='word_1_110' title='bbox 1207 1309 1344 1366; x_wconf 83' lang='lat' dir='ltr'>eius.</span> <span class='ocrx_word' id='word_1_111' title='bbox 1422 1310 1498 1364; x_wconf 89' lang='lat' dir='ltr'>De</span> <span class='ocrx_word' id='word_1_112' title='bbox 1521 1309 1678 1366; x_wconf 87' lang='lat' dir='ltr'>modo</span> <span class='ocrx_word' id='word_1_113' title='bbox 1697 1309 1784 1364; x_wconf 76' lang='lat' dir='ltr'>lu-</span> 
     </span>
     <span class='ocr_line' id='line_1_16' title="bbox 177 1383 1784 1451; baseline -0.001 -11"><span class='ocrx_word' id='word_1_114' title='bbox 177 1384 317 1440; x_wconf 86' lang='lat' dir='ltr'>caris</span> <span class='ocrx_word' id='word_1_115' title='bbox 335 1425 349 1449; x_wconf 91' lang='lat'>‚</span> <span class='ocrx_word' id='word_1_116' title='bbox 392 1391 445 1440; x_wconf 88' lang='lat' dir='ltr'>et</span> <span class='ocrx_word' id='word_1_117' title='bbox 472 1383 731 1440; x_wconf 85' lang='lat' dir='ltr'>adversus</span> <span class='ocrx_word' id='word_1_118' title='bbox 758 1383 1031 1440; x_wconf 79' lang='lat' dir='ltr'>lasciviam</span> <span class='ocrx_word' id='word_1_119' title='bbox 1058 1383 1322 1442; x_wconf 78' lang='lat' dir='ltr'>fautorum</span> <span class='ocrx_word' id='word_1_120' title='bbox 1337 1425 1352 1451; x_wconf 82' lang='lat'>,</span> <span class='ocrx_word' id='word_1_121' title='bbox 1396 1385 1564 1442; x_wconf 65' lang='lat' dir='ltr'>muln</span> <span class='ocrx_word' id='word_1_122' title='bbox 1601 1384 1784 1440; x_wconf 81' lang='lat' dir='ltr'>decer-</span> 
     </span>
     <span class='ocr_line' id='line_1_17' title="bbox 179 1458 1784 1534; baseline -0.001 -20"><span class='ocrx_word' id='word_1_123' title='bbox 179 1467 415 1516; x_wconf 86' lang='lat' dir='ltr'>nuntur:</span> <span class='ocrx_word' id='word_1_124' title='bbox 460 1476 528 1515; x_wconf 85' lang='lat' dir='ltr'>ex</span> <span class='ocrx_word' id='word_1_125' title='bbox 548 1462 675 1531; x_wconf 82' lang='lat' dir='ltr'>quis</span> <span class='ocrx_word' id='word_1_126' title='bbox 694 1459 929 1516; x_wconf 82' lang='lat' dir='ltr'>maxime</span> <span class='ocrx_word' id='word_1_127' title='bbox 944 1458 1208 1534; x_wconf 82' lang='lat' dir='ltr'>insignia:</span> <span class='ocrx_word' id='word_1_128' title='bbox 1249 1477 1314 1514; x_wconf 77' lang='lat' dir='ltr'>ne</span> <span class='ocrx_word' id='word_1_129' title='bbox 1331 1463 1506 1514; x_wconf 78' lang='lat' dir='ltr'>domos</span> <span class='ocrx_word' id='word_1_130' title='bbox 1518 1463 1784 1529; x_wconf 84' lang='lat' dir='ltr'>pantomi-</span> 
     </span>
     <span class='ocr_line' id='line_1_18' title="bbox 180 1538 1784 1604; baseline -0.002 -13"><span class='ocrx_word' id='word_1_131' title='bbox 180 1553 384 1591; x_wconf 81' lang='lat' dir='ltr'>morum</span> <span class='ocrx_word' id='word_1_132' title='bbox 421 1544 633 1589; x_wconf 79' lang='lat' dir='ltr'>senator</span> <span class='ocrx_word' id='word_1_133' title='bbox 670 1540 911 1591; x_wconf 81' lang='lat' dir='ltr'>introiret</span> <span class='ocrx_word' id='word_1_134' title='bbox 918 1557 936 1604; x_wconf 82' lang='lat'>,-</span> <span class='ocrx_word' id='word_1_135' title='bbox 985 1553 1050 1591; x_wconf 78' lang='lat' dir='ltr'>ne</span> <span class='ocrx_word' id='word_1_136' title='bbox 1089 1539 1396 1604; x_wconf 60' lang='lat' dir='ltr'>eat-odientis</span> <span class='ocrx_word' id='word_1_137' title='bbox 1430 1538 1488 1589; x_wconf 89' lang='lat' dir='ltr'>in</span> <span class='ocrx_word' id='word_1_138' title='bbox 1517 1538 1784 1603; x_wconf 74' lang='lat' dir='ltr'>publicum</span> 
     </span>
     <span class='ocr_line' id='line_1_19' title="bbox 182 1612 1785 1681; baseline -0.001 -17"><span class='ocrx_word' id='word_1_139' title='bbox 182 1615 377 1680; x_wconf 77' lang='lat' dir='ltr'>equites</span> <span class='ocrx_word' id='word_1_140' title='bbox 395 1612 619 1665; x_wconf 84' lang='lat' dir='ltr'>Romani</span> <span class='ocrx_word' id='word_1_141' title='bbox 632 1615 920 1679; x_wconf 66' lang='lat' dir='ltr'>cingerent,</span> <span class='ocrx_word' id='word_1_142' title='bbox 939 1619 1033 1665; x_wconf 82' lang='lat' dir='ltr'>aut</span> <span class='ocrx_word' id='word_1_143' title='bbox 1052 1614 1184 1665; x_wconf 80' lang='lat' dir='ltr'>alibi</span> <span class='ocrx_word' id='word_1_144' title='bbox 1201 1627 1358 1681; x_wconf 78' lang='lat' dir='ltr'>quam</span> <span class='ocrx_word' id='word_1_145' title='bbox 1375 1614 1434 1664; x_wconf 89' lang='lat' dir='ltr'>in</span> <span class='ocrx_word' id='word_1_146' title='bbox 1453 1613 1652 1665; x_wconf 75' lang='lat' dir='ltr'>theatro</span> <span class='ocrx_word' id='word_1_147' title='bbox 1666 1626 1785 1678; x_wconf 82' lang='lat' dir='ltr'>spe-</span> 
     </span>
    </p>
   </div>
   <div class='ocr_carea' id='block_1_3' title="bbox 186 1688 1864 1755">
    <p class='ocr_par' dir='ltr' id='par_1_5' title="bbox 186 1688 1864 1755">
     <span class='ocr_line' id='line_1_20' title="bbox 186 1688 1864 1755; baseline -0.001 -14"><span class='ocrx_word' id='word_1_148' title='bbox 186 1694 483 1753; x_wconf 80' lang='lat' dir='ltr'>ctarentur;</span> <span class='ocrx_word' id='word_1_149' title='bbox 508 1694 555 1740; x_wconf 78' lang='lat' dir='ltr'>et</span> <span class='ocrx_word' id='word_1_150' title='bbox 572 1691 913 1755; x_wconf 72' lang='lat' dir='ltr'>spectantium</span> <span class='ocrx_word' id='word_1_151' title='bbox 932 1689 1304 1741; x_wconf 79' lang='lat' dir='ltr'>immodestiam</span> <span class='ocrx_word' id='word_1_152' title='bbox 1323 1688 1512 1741; x_wconf 75' lang='lat' dir='ltr'>exsilio</span> <span class='ocrx_word' id='word_1_153' title='bbox 1528 1688 1785 1743; x_wconf 77' lang='lat' dir='ltr'>multandi</span> <span class='ocrx_word' id='word_1_154' title='bbox 1857 1742 1864 1749; x_wconf 72' lang='grc'><em>,</em></span> 
     </span>
    </p>
   </div>
   <div class='ocr_carea' id='block_1_4' title="bbox 183 1764 1795 2868">
    <p class='ocr_par' dir='ltr' id='par_1_6' title="bbox 183 1764 1027 1830">
     <span class='ocr_line' id='line_1_21' title="bbox 183 1764 1027 1830; baseline -0.001 -15"><span class='ocrx_word' id='word_1_155' title='bbox 183 1770 409 1829; x_wconf 81' lang='lat' dir='ltr'>potestas</span> <span class='ocrx_word' id='word_1_156' title='bbox 422 1764 757 1828; x_wconf 80' lang='lat' dir='ltr'>praetoribus</span> <span class='ocrx_word' id='word_1_157' title='bbox 773 1765 934 1830; x_wconf 72' lang='lat' dir='ltr'>fieret.</span> <span class='ocrx_word' id='word_1_158' title='bbox 1022 1786 1027 1789; x_wconf 97' lang='lat'>·</span> 
     </span>
    </p>

    <p class='ocr_par' dir='ltr' id='par_1_7' title="bbox 188 1834 1791 2511">
     <span class='ocr_line' id='line_1_22' title="bbox 296 1834 1786 1907; baseline 0.001 -19"><span class='ocrx_word' id='word_1_159' title='bbox 296 1836 384 1890; x_wconf 84' lang='lat'>78.</span> <span class='ocrx_word' id='word_1_160' title='bbox 426 1834 711 1907; x_wconf 85' lang='lat' dir='ltr'>Templum</span> <span class='ocrx_word' id='word_1_161' title='bbox 731 1836 867 1891; x_wconf 88' lang='lat' dir='ltr'>utin</span> <span class='ocrx_word' id='word_1_162' title='bbox 886 1834 1088 1891; x_wconf 85' lang='lat' dir='ltr'>colonia</span> <span class='ocrx_word' id='word_1_163' title='bbox 1099 1836 1471 1893; x_wconf 78' lang='lat' dir='ltr'>Tarraconensi</span> <span class='ocrx_word' id='word_1_164' title='bbox 1491 1843 1786 1893; x_wconf 82' lang='lat' dir='ltr'>strueretur</span> 
     </span>
     <span class='ocr_line' id='line_1_23' title="bbox 188 1909 1786 1984; baseline 0.001 -19"><span class='ocrx_word' id='word_1_165' title='bbox 188 1909 429 1984; x_wconf 79' lang='lat' dir='ltr'>Augusto</span> <span class='ocrx_word' id='word_1_166' title='bbox 442 1952 457 1977; x_wconf 91' lang='lat'>‚</span> <span class='ocrx_word' id='word_1_167' title='bbox 498 1910 801 1983; x_wconf 83' lang='lat' dir='ltr'>petentibus</span> <span class='ocrx_word' id='word_1_168' title='bbox 820 1912 1072 1983; x_wconf 85' lang='lat' dir='ltr'>Hispanis</span> <span class='ocrx_word' id='word_1_169' title='bbox 1091 1912 1447 1983; x_wconf 80' lang='lat' dir='ltr'>permissum3</span> <span class='ocrx_word' id='word_1_170' title='bbox 1490 1911 1786 1983; x_wconf 82' lang='lat' dir='ltr'>datumque</span> 
     </span>
     <span class='ocr_line' id='line_1_24' title="bbox 188 1984 1784 2057; baseline 0 -16"><span class='ocrx_word' id='word_1_171' title='bbox 188 1986 244 2041; x_wconf 89' lang='lat' dir='ltr'>in</span> <span class='ocrx_word' id='word_1_172' title='bbox 272 2002 461 2041; x_wconf 89' lang='lat' dir='ltr'>omnes</span> <span class='ocrx_word' id='word_1_173' title='bbox 487 1986 789 2057; x_wconf 80' lang='lat' dir='ltr'>provincias</span> <span class='ocrx_word' id='word_1_174' title='bbox 818 1984 1148 2057; x_wconf 85' lang='lat' dir='ltr'>exemplum.</span> <span class='ocrx_word' id='word_1_175' title='bbox 1225 1986 1584 2044; x_wconf 65' lang='lat' dir='ltr'>Centesimum</span> <span class='ocrx_word' id='word_1_176' title='bbox 1601 2002 1784 2041; x_wconf 83' lang='lat' dir='ltr'>rerum</span> 
     </span>
     <span class='ocr_line' id='line_1_25' title="bbox 193 2059 1788 2133; baseline -0.001 -17"><span class='ocrx_word' id='word_1_177' title='bbox 193 2059 460 2116; x_wconf 86' lang='lat' dir='ltr'>venalium</span> <span class='ocrx_word' id='word_1_178' title='bbox 477 2100 490 2125; x_wconf 94' lang='lat'>,</span> <span class='ocrx_word' id='word_1_179' title='bbox 518 2068 641 2133; x_wconf 87' lang='lat' dir='ltr'>post</span> <span class='ocrx_word' id='word_1_180' title='bbox 656 2060 793 2117; x_wconf 82' lang='lat' dir='ltr'>bella</span> <span class='ocrx_word' id='word_1_181' title='bbox 812 2060 993 2119; x_wconf 82' lang='lat' dir='ltr'>civilia</span> <span class='ocrx_word' id='word_1_182' title='bbox 1010 2062 1308 2117; x_wconf 77' lang='lat' dir='ltr'>institutam</span> <span class='ocrx_word' id='word_1_183' title='bbox 1323 2102 1338 2127; x_wconf 93' lang='lat'>,</span> <span class='ocrx_word' id='word_1_184' title='bbox 1361 2060 1674 2133; x_wconf 74' lang='lat' dir='ltr'>deprecante</span> <span class='ocrx_word' id='word_1_185' title='bbox 1691 2076 1788 2132; x_wconf 86' lang='lat' dir='ltr'>po—</span> 
     </span>
     <span class='ocr_line' id='line_1_26' title="bbox 190 2134 1788 2207; baseline -0.002 -16"><span class='ocrx_word' id='word_1_186' title='bbox 190 2134 315 2207; x_wconf 88' lang='lat' dir='ltr'>pulo</span> <span class='ocrx_word' id='word_1_187' title='bbox 329 2177 343 2203; x_wconf 86' lang='lat'>‚</span> <span class='ocrx_word' id='word_1_188' title='bbox 384 2136 554 2191; x_wconf 85' lang='lat' dir='ltr'>edixit</span> <span class='ocrx_word' id='word_1_189' title='bbox 578 2136 825 2193; x_wconf 84' lang='lat' dir='ltr'>Tiberius</span> <span class='ocrx_word' id='word_1_190' title='bbox 839 2176 853 2203; x_wconf 89' lang='lat'>,</span> <span class='ocrx_word' id='word_1_191' title='bbox 892 2140 1124 2193; x_wconf 79' lang='lat' dir='ltr'>militare</span> <span class='ocrx_word' id='word_1_192' title='bbox 1159 2140 1428 2194; x_wconf 76' lang='lat' dir='ltr'>aerarium</span> <span class='ocrx_word' id='word_1_193' title='bbox 1463 2154 1524 2190; x_wconf 80' lang='lat' dir='ltr'>eo</span> <span class='ocrx_word' id='word_1_194' title='bbox 1557 2137 1788 2191; x_wconf 75' lang='lat' dir='ltr'>subsidio</span> 
     </span>
     <span class='ocr_line' id='line_1_27' title="bbox 192 2213 1790 2280; baseline -0.001 -13"><span class='ocrx_word' id='word_1_195' title='bbox 192 2216 311 2268; x_wconf 81' lang='lat' dir='ltr'>niti.-</span> <span class='ocrx_word' id='word_1_196' title='bbox 346 2213 508 2265; x_wconf 79' lang='lat' dir='ltr'>simul</span> <span class='ocrx_word' id='word_1_197' title='bbox 527 2216 778 2280; x_wconf 80' lang='lat' dir='ltr'>imparem</span> <span class='ocrx_word' id='word_1_198' title='bbox 796 2216 945 2267; x_wconf 80' lang='lat' dir='ltr'>oneri</span> <span class='ocrx_word' id='word_1_199' title='bbox 960 2214 1348 2280; x_wconf 75' lang='lat' dir='ltr'>rempublicam</span> <span class='ocrx_word' id='word_1_200' title='bbox 1361 2253 1374 2276; x_wconf 87' lang='lat'>‚</span> <span class='ocrx_word' id='word_1_201' title='bbox 1415 2216 1523 2269; x_wconf 79' lang='lat' dir='ltr'>nisi</span> <span class='ocrx_word' id='word_1_202' title='bbox 1547 2213 1790 2266; x_wconf 59' lang='lat' dir='ltr'>vicedmo</span> 
     </span>
     <span class='ocr_line' id='line_1_28' title="bbox 192 2286 1791 2359; baseline -0.001 -19"><span class='ocrx_word' id='word_1_203' title='bbox 192 2289 408 2341; x_wconf 79' lang='lat' dir='ltr'>militiae</span> <span class='ocrx_word' id='word_1_204' title='bbox 425 2302 567 2357; x_wconf 77' lang='lat' dir='ltr'>anno</span> <span class='ocrx_word' id='word_1_205' title='bbox 586 2292 819 2353; x_wconf 57' lang='lat' dir='ltr'>vomani</span> <span class='ocrx_word' id='word_1_206' title='bbox 836 2291 1234 2344; x_wconf 75' lang='lat' dir='ltr'>dimitterentur.</span> <span class='ocrx_word' id='word_1_207' title='bbox 1311 2288 1386 2341; x_wconf 81' lang='lat' dir='ltr'>Ita</span> <span class='ocrx_word' id='word_1_208' title='bbox 1405 2286 1680 2359; x_wconf 75' lang='lat' dir='ltr'>proximae</span> <span class='ocrx_word' id='word_1_209' title='bbox 1703 2301 1791 2339; x_wconf 85' lang='lat' dir='ltr'>se-</span> 
     </span>
     <span class='ocr_line' id='line_1_29' title="bbox 189 2360 1788 2434; baseline 0.001 -18"><span class='ocrx_word' id='word_1_210' title='bbox 189 2361 406 2417; x_wconf 79' lang='lat' dir='ltr'>ditionis</span> <span class='ocrx_word' id='word_1_211' title='bbox 434 2360 574 2417; x_wconf 88' lang='lat' dir='ltr'>male</span> <span class='ocrx_word' id='word_1_212' title='bbox 600 2362 839 2419; x_wconf 83' lang='lat' dir='ltr'>consulta</span> <span class='ocrx_word' id='word_1_213' title='bbox 853 2404 868 2429; x_wconf 90' lang='lat'>,</span> <span class='ocrx_word' id='word_1_214' title='bbox 908 2361 1115 2434; x_wconf 87' lang='lat' dir='ltr'>quibus</span> <span class='ocrx_word' id='word_1_215' title='bbox 1142 2360 1375 2419; x_wconf 82' lang='lat' dir='ltr'>sedecim</span> <span class='ocrx_word' id='word_1_216' title='bbox 1399 2360 1788 2434; x_wconf 78' lang='lat' dir='ltr'>stipendiorum</span> 
     </span>
     <span class='ocr_line' id='line_1_30' title="bbox 191 2436 1365 2511; baseline -0.002 -18"><span class='ocrx_word' id='word_1_217' title='bbox 191 2436 351 2511; x_wconf 70' lang='lat' dir='ltr'>tinem</span> <span class='ocrx_word' id='word_1_218' title='bbox 372 2445 761 2509; x_wconf 84' lang='lat' dir='ltr'>expresserant,</span> <span class='ocrx_word' id='word_1_219' title='bbox 784 2436 977 2496; x_wconf 75' lang='lat' dir='ltr'>abolita</span> <span class='ocrx_word' id='word_1_220' title='bbox 996 2438 1055 2493; x_wconf 90' lang='lat' dir='ltr'>in</span> <span class='ocrx_word' id='word_1_221' title='bbox 1074 2445 1365 2508; x_wconf 78' lang='lat' dir='ltr'>posterum.</span> 
     </span>
    </p>

    <p class='ocr_par' dir='ltr' id='par_1_8' title="bbox 186 2509 1795 2866">
     <span class='ocr_line' id='line_1_31' title="bbox 294 2509 1793 2574; baseline -0.001 -7"><span class='ocrx_word' id='word_1_222' title='bbox 294 2514 329 2567; x_wconf 88' lang='lat'>7</span> <span class='ocrx_word' id='word_1_223' title='bbox 332 2514 383 2568; x_wconf 85' lang='lat'>9.</span> <span class='ocrx_word' id='word_1_224' title='bbox 426 2512 623 2569; x_wconf 84' lang='lat' dir='ltr'>Actum</span> <span class='ocrx_word' id='word_1_225' title='bbox 650 2512 841 2569; x_wconf 88' lang='lat' dir='ltr'>deinde</span> <span class='ocrx_word' id='word_1_226' title='bbox 868 2515 926 2567; x_wconf 92' lang='lat' dir='ltr'>in</span> <span class='ocrx_word' id='word_1_227' title='bbox 954 2520 1145 2567; x_wconf 83' lang='lat' dir='ltr'>senatu</span> <span class='ocrx_word' id='word_1_228' title='bbox 1171 2512 1242 2567; x_wconf 90' lang='lat' dir='ltr'>ab</span> <span class='ocrx_word' id='word_1_229' title='bbox 1257 2510 1510 2567; x_wconf 85' lang='lat' dir='ltr'>Arruntio</span> <span class='ocrx_word' id='word_1_230' title='bbox 1539 2517 1592 2564; x_wconf 79' lang='lat' dir='ltr'>et</span> <span class='ocrx_word' id='word_1_231' title='bbox 1619 2509 1793 2574; x_wconf 81' lang='lat' dir='ltr'>Ateio,-</span> 
     </span>
     <span class='ocr_line' id='line_1_32' title="bbox 186 2586 1794 2645; baseline -0.003 -2"><span class='ocrx_word' id='word_1_232' title='bbox 186 2606 251 2643; x_wconf 81' lang='lat' dir='ltr'>an</span> <span class='ocrx_word' id='word_1_233' title='bbox 292 2587 363 2645; x_wconf 89' lang='lat' dir='ltr'>ob</span> <span class='ocrx_word' id='word_1_234' title='bbox 401 2586 753 2645; x_wconf 79' lang='lat' dir='ltr'>moderandas</span> <span class='ocrx_word' id='word_1_235' title='bbox 791 2587 1001 2645; x_wconf 85' lang='lat' dir='ltr'>Tiberis</span> <span class='ocrx_word' id='word_1_236' title='bbox 1039 2586 1422 2643; x_wconf 86' lang='lat' dir='ltr'>exundationes</span> <span class='ocrx_word' id='word_1_237' title='bbox 1466 2592 1794 2640; x_wconf 77' lang='lat' dir='ltr'>verterentur</span> 
     </span>
     <span class='ocr_line' id='line_1_33' title="bbox 188 2656 1795 2736; baseline -0.006 -17"><span class='ocrx_word' id='word_1_238' title='bbox 188 2662 411 2719; x_wconf 82' lang='lat' dir='ltr'>flumina</span> <span class='ocrx_word' id='word_1_239' title='bbox 433 2669 487 2717; x_wconf 92' lang='lat' dir='ltr'>et</span> <span class='ocrx_word' id='word_1_240' title='bbox 504 2662 652 2720; x_wconf 82' lang='lat' dir='ltr'>lacus</span> <span class='ocrx_word' id='word_1_241' title='bbox 670 2704 682 2731; x_wconf 85' lang='lat'>,</span> <span class='ocrx_word' id='word_1_242' title='bbox 712 2680 808 2735; x_wconf 84' lang='lat' dir='ltr'>per</span> <span class='ocrx_word' id='word_1_243' title='bbox 826 2679 965 2736; x_wconf 84' lang='lat' dir='ltr'>quos</span> <span class='ocrx_word' id='word_1_244' title='bbox 984 2661 1240 2734; x_wconf 76' lang='lat' dir='ltr'>augescit.</span> <span class='ocrx_word' id='word_1_245' title='bbox 1319 2656 1653 2731; x_wconf 85' lang='lat' dir='ltr'>Auditaeque</span> <span class='ocrx_word' id='word_1_246' title='bbox 1669 2674 1795 2711; x_wconf 90' lang='lat' dir='ltr'>mu-</span> 
     </span>
     <span class='ocr_line' id='line_1_34' title="bbox 189 2730 1794 2866; baseline -0.009 -71"><span class='ocrx_word' id='word_1_247' title='bbox 189 2739 606 2866; x_wconf 63' lang='lat' dir='ltr'>nicipiorumlet</span> <span class='ocrx_word' id='word_1_248' title='bbox 642 2738 970 2805; x_wconf 75' lang='lat' dir='ltr'>coloniarum</span> <span class='ocrx_word' id='word_1_249' title='bbox 1009 2736 1324 2809; x_wconf 76' lang='lat' dir='ltr'>legationes:</span> <span class='ocrx_word' id='word_1_250' title='bbox 1341 2732 1636 2858; x_wconf 49' lang='lat' dir='ltr'>¹{uentibus</span> <span class='ocrx_word' id='word_1_251' title='bbox 1674 2730 1794 2783; x_wconf 80' lang='lat' dir='ltr'>Flo--</span> 
     </span>
    </p>

    <p class='ocr_par' dir='ltr' id='par_1_9' title="bbox 264 2814 1364 2868">
     <span class='ocr_line' id='line_1_35' title="bbox 264 2814 1364 2868; baseline -0.008 -1"><span class='ocrx_word' id='word_1_252' title='bbox 264 2814 480 2868; x_wconf 69' lang='lat' dir='ltr'>TAmrus</span> <span class='ocrx_word' id='word_1_253' title='bbox 550 2852 563 2867; x_wconf 87' lang='lat'><strong>.</strong></span> <span class='ocrx_word' id='word_1_254' title='bbox 1357 2854 1364 2858; x_wconf 86' lang='lat'><em>.</em></span> 
     </span>
    </p>
   </div>
  </div>
 </body>
</html>
