2081 3038
271 239 371 297 284
672 246 727 293 c.
769 244 1156 293 commui
1196 246 1468 293 TAcrrr
1584 236 1655 312 (A.
1682 256 1731 295 u.
1758 236 1883 312 831.)

271 347 596 420 spectabant,-
635 347 772 403 nihil
802 346 1030 404 arduum
1060 354 1152 403 aut
1174 347 1439 403 invictum
1460 346 1785 403 crediderint
1803 349 1883 403 sic

270 422 336 478 ad
357 422 560 477 bellum
583 424 942 480 venientibus.
1017 426 1092 479 Ita
1118 425 1279 496 petita
1298 436 1428 496 pace
1447 440 1509 479 ac
1526 423 1704 479 dedita
1730 425 1881 479 insn-

271 499 340 565 la,
374 498 550 554 clarus
579 514 640 554 ae
665 510 895 575 magnus
924 499 1111 569 baberi
1137 499 1410 573 Agricola:
1452 501 1661 573 quippe
1684 501 1777 555 cui
1796 501 1883 555 in-

268 575 529 650 gredienti
556 577 908 648 provinciam,
943 574 1090 648 quod
1116 583 1327 647 tempus
1348 574 1438 630 alii
1459 592 1554 648 per
1574 576 1882 631 ostentatio—

271 664 394 707 nem
423 660 514 707 aut
539 651 837 708 officiorum
864 652 1127 707 ambitum
1148 652 1469 726 transigunt,
1494 650 1643 707 labor
1667 654 1717 707 et
1736 653 1881 724 peri-

270 725 458 784 culum
485 728 792 800 placuisset.
871 728 982 782 Nec
1012 726 1276 801 Agricola,
1318 728 1667 799 prosperitate
1696 740 1879 783 rerum

269 804 328 859 in
349 804 634 860 vanitatem
657 822 811 870 usuS,
826 802 1216 875 expeditionem
1239 811 1332 857 aut
1350 804 1625 859 victoriam
1635 804 1877 867 vocabat,

273 880 438 935 victos
459 882 817 936 continuisse:
859 892 926 935 ne
946 878 1196 933 laureatis
1217 876 1437 951 quidem
1457 886 1602 952 gesta
1624 896 1880 949 prosecu-

269 962 358 1012 tus
386 963 484 1011 est.
563 955 667 1011 Sed
697 954 813 1028 ipsa
841 953 1270 1010 dissimulatione
1296 952 1465 1009 famae
1486 953 1683 1007 famam
1704 956 1877 1019 auxit,

269 1032 694 1096 aestimantibus,
727 1034 927 1103 quanta
955 1024 1122 1085 futuri
1142 1038 1239 1101 spe
1258 1034 1365 1087 tam
1387 1043 1580 1103 magna
1603 1030 1877 1085 tacuisset.

382 1110 464 1161 ⁴9.
494 1105 741 1162 Ceterum
763 1107 1067 1161 animorum
1089 1105 1393 1177 provinciae
1410 1104 1667 1177 prudens,
1682 1105 1881 1160 simul-

269 1198 376 1255 que
397 1182 589 1237 doctus
619 1190 714 1253 per
742 1180 911 1235 aliena
943 1181 1325 1251 experimenta,
1368 1188 1558 1253 parum
1585 1181 1773 1253 profici
1794 1200 1881 1235 ar-

267 1258 394 1322 ιῐιὶε,
424 1258 472 1311 si
499 1257 730 1313 iniuriae
757 1264 1128 1329 sequerentur,
1162 1268 1379 1311 caussas
1408 1255 1671 1311 bellorum
1694 1259 1883 1313 statuit

267 1332 528 1389 excidere.
607 1331 652 1388 A
685 1338 742 1387 se
771 1332 998 1405 suisque
1020 1344 1199 1399 orsus,
1222 1333 1453 1403 primam
1473 1332 1696 1387 domum
1721 1348 1883 1388 suam

268 1409 529 1478 coercuit3
589 1408 736 1483 quod
783 1408 1059 1483 plerisque
1095 1406 1242 1462 haud
1280 1408 1465 1463 minus
1504 1407 1734 1463 arduum
1779 1416 1879 1474 est,

268 1497 434 1560 quam
453 1486 1008 1561 pruvinoium'regere.
1066 1483 1214 1539 Nihil
1235 1496 1330 1556 per
1352 1482 1565 1540 libertos
1586 1500 1885 1558 servosque

268 1558 516 1634 publicae
538 1565 642 1618 rei:
687 1572 792 1618 non
823 1563 1019 1617 studiis
1047 1561 1272 1633 privatis
1291 1575 1390 1614 nec
1408 1575 1474 1615 ex
1494 1561 1884 1617 commendati-
1918 1616 1923 1620 ,

266 1656 367 1694 one
395 1645 486 1691 aut
513 1637 764 1708 precibus
801 1638 1175 1692 centurionum
1204 1635 1404 1691 milites
1430 1635 1742 1702 adsciscere,
1787 1637 1883 1692 sed

265 1714 532 1784 optimum
559 1721 833 1786 quemque
859 1712 1237 1767 fidelissimum
1257 1719 1473 1783 putare:
1515 1710 1697 1767 omnia
1720 1714 1881 1778 scire,

267 1807 373 1844 non
411 1789 589 1844 omnia
619 1789 873 1862 exsequi:
916 1789 1099 1859 parvis
1128 1787 1357 1858 peccatis
1387 1788 1622 1852 veniam,
1663 1789 1884 1862 magnis

267 1865 601 1920 severitatem
629 1864 991 1921 commodare:
1054 1877 1153 1918 nec
1181 1879 1347 1934 poena
1379 1877 1609 1935 semper,
1640 1863 1737 1919 sed
1762 1879 1885 1919 sae-

269 1943 393 2012 pius
421 1941 740 2012 poenitentia
765 1945 1047 1996 contentus
1066 1953 1213 1994 esse:
1254 1938 1447 1994 officiis
1466 1946 1515 1994 et
1535 1939 1882 1995 administra·

269 2016 503 2072 tionibus
529 2018 707 2088 potius
736 2023 842 2072 non
870 2021 1179 2087 peccaturos
1209 2027 1549 2086 praeponere,
1590 2025 1759 2088 quam
1784 2016 1883 2071 da-

267 2101 469 2157 mnare,
499 2099 625 2146 eum
652 2095 976 2163 peccassent.
1058 2091 1336 2146 Frumenti
1366 2099 1417 2144 et
1438 2090 1762 2147 tributorum
1786 2109 1881 2148 ex-

266 2169 525 2222 actionem
565 2166 882 2240 aequalitate
914 2175 1206 2221 munerum
1247 2165 1474 2233 mollire,
1516 2168 1878 2234 circumcisis,

266 2261 424 2316 quae,
448 2245 506 2298 in
527 2250 812 2315 quaestum
835 2249 1059 2314 reperta,
1092 2241 1209 2313 ipso
1227 2242 1426 2297 tributo
1444 2243 1666 2316 gravius
1687 2241 1882 2300 tolera-

267 2320 479 2374 bantur.
559 2319 805 2390 Namque
829 2333 925 2390 per
951 2317 1249 2372 ludibrium
1270 2316 1512 2373 adsidere
1531 2315 1731 2374 clausis
1754 2319 1884 2376 hor-

265 2395 392 2458 reis,
439 2399 489 2448 et
508 2401 683 2448 emere
709 2393 848 2448 ultro
878 2393 1164 2458 frumenta,
1208 2409 1270 2447 ac
1288 2393 1516 2448 vendere
1534 2395 1704 2465 pretio
1724 2410 1884 2470 coge-

265 2467 478 2523 bantur.
558 2463 800 2524 Devortia
833 2465 1091 2523 itinerum
1121 2473 1173 2522 et
1198 2467 1562 2542 longinquitas
1591 2471 1881 2544 regionum

265 2542 619 2609 indicebatur,
652 2549 713 2598 ut
737 2545 978 2600 civitates
1000 2562 1029 2599 a
1049 2544 1314 2615 proximis
1336 2543 1578 2598 hibernis
1597 2545 1654 2600 in
1675 2558 1881 2601 remota

265 2623 316 2668 et
354 2617 473 2670 avia
507 2617 790 2684 deferrent,
832 2619 1016 2685 donec,
1062 2617 1207 2691 quod
1244 2618 1500 2674 omnibus
1534 2620 1591 2674 in
1620 2632 1881 2694 promptu

265 2695 393 2753 erat,
414 2691 602 2757 paucis
622 2689 893 2748 lucrosum
919 2695 1087 2750 fieret.

374 2763 460 2815 20.
502 2763 642 2818 Haeo
657 2767 835 2835 primo
853 2770 1032 2824 statim
1058 2779 1199 2825 anno
1219 2767 1639 2842 comprimendo,
1664 2773 1881 2847 egregi-
