<?xml version="1.0" encoding="UTF-8"?>
<!DOCTYPE html PUBLIC "-//W3C//DTD XHTML 1.0 Transitional//EN"
    "http://www.w3.org/TR/xhtml1/DTD/xhtml1-transitional.dtd">
<html xmlns="http://www.w3.org/1999/xhtml" xml:lang="en" lang="en">
 <head>
  <title>
</title>
<meta http-equiv="Content-Type" content="text/html;charset=utf-8" />
  <meta name='ocr-system' content='tesseract 3.04.00' />
  <meta name='ocr-capabilities' content='ocr_page ocr_carea ocr_par ocr_line ocrx_word'/>
</head>
<body>
  <div class='ocr_page' id='page_1' title='image "./operaquoadextan03tacigoog_0580.png"; bbox 0 0 2081 3038; ppageno 0'>
   <div class='ocr_carea' id='block_1_1' title="bbox 222 133 1822 209">
    <p class='ocr_par' dir='ltr' id='par_1_1' title="bbox 222 133 1822 209">
     <span class='ocr_line' id='line_1_1' title="bbox 222 133 1822 209; baseline -0.002 -16"><span class='ocrx_word' id='word_1_1' title='bbox 222 142 315 193; x_wconf 75' lang='lat'><strong>⁴66</strong></span> <span class='ocrx_word' id='word_1_2' title='bbox 700 140 1365 189; x_wconf 66' lang='lat' dir='ltr'><strong>utsToRrARUM</strong></span> <span class='ocrx_word' id='word_1_3' title='bbox 1551 133 1822 209; x_wconf 46' lang='grc' dir='ltr'><strong>(μω-823.</strong></span> 
     </span>
    </p>
   </div>
   <div class='ocr_carea' id='block_1_2' title="bbox 210 244 1886 2718">
    <p class='ocr_par' dir='ltr' id='par_1_2' title="bbox 210 244 1886 2494">
     <span class='ocr_line' id='line_1_2' title="bbox 218 244 1827 317; baseline -0.001 -16"><span class='ocrx_word' id='word_1_4' title='bbox 218 264 319 311; x_wconf 89' lang='lat' dir='ltr'><strong>res,</strong></span> <span class='ocrx_word' id='word_1_5' title='bbox 356 244 628 317; x_wconf 74' lang='lat' dir='ltr'><strong>facesquet</strong></span> <span class='ocrx_word' id='word_1_6' title='bbox 672 250 927 315; x_wconf 68' lang='lat' dir='ltr'><strong>quidquid</strong></span> <span class='ocrx_word' id='word_1_7' title='bbox 952 254 1025 299; x_wconf 78' lang='lat' dir='ltr'><strong>tot</strong></span> <span class='ocrx_word' id='word_1_8' title='bbox 1047 248 1267 314; x_wconf 69' lang='lat' dir='ltr'><strong>proeliis</strong></span> <span class='ocrx_word' id='word_1_9' title='bbox 1295 248 1491 299; x_wconf 73' lang='lat' dir='ltr'><strong>laboris</strong></span> <span class='ocrx_word' id='word_1_10' title='bbox 1515 262 1580 299; x_wconf 86' lang='lat' dir='ltr'><strong>ac</strong></span> <span class='ocrx_word' id='word_1_11' title='bbox 1597 249 1827 313; x_wconf 80' lang='lat' dir='ltr'><strong>periculi</strong></span> 
     </span>
     <span class='ocr_line' id='line_1_3' title="bbox 215 319 1822 389; baseline -0.002 -13"><span class='ocrx_word' id='word_1_12' title='bbox 215 326 522 384; x_wconf 75' lang='lat' dir='ltr'><strong>hausissent,</strong></span> <span class='ocrx_word' id='word_1_13' title='bbox 552 338 703 389; x_wconf 82' lang='lat' dir='ltr'><strong>opere</strong></span> <span class='ocrx_word' id='word_1_14' title='bbox 721 324 814 374; x_wconf 81' lang='lat' dir='ltr'><strong>illo</strong></span> <span class='ocrx_word' id='word_1_15' title='bbox 834 325 1198 383; x_wconf 73' lang='lat' dir='ltr'><strong>consummari,</strong></span> <span class='ocrx_word' id='word_1_16' title='bbox 1220 319 1568 375; x_wconf 81' lang='lat' dir='ltr'><strong>clamitantes,</strong></span> <span class='ocrx_word' id='word_1_17' title='bbox 1637 320 1822 374; x_wconf 82' lang='lat' dir='ltr'><strong><em>Urbem</em></strong></span> 
     </span>
     <span class='ocr_line' id='line_1_4' title="bbox 212 395 1872 465; baseline -0.001 -15"><span class='ocrx_word' id='word_1_18' title='bbox 212 401 419 451; x_wconf 75' lang='lat' dir='ltr'><strong>senatui</strong></span> <span class='ocrx_word' id='word_1_19' title='bbox 438 414 502 450; x_wconf 85' lang='lat' dir='ltr'><strong>ac</strong></span> <span class='ocrx_word' id='word_1_20' title='bbox 518 398 711 465; x_wconf 82' lang='lat' dir='ltr'><strong>populo</strong></span> <span class='ocrx_word' id='word_1_21' title='bbox 731 397 890 459; x_wconf 72' lang='lat' dir='ltr'><strong>Rom„</strong></span> <span class='ocrx_word' id='word_1_22' title='bbox 916 399 1103 465; x_wconf 82' lang='lat' dir='ltr'><strong>templa</strong></span> <span class='ocrx_word' id='word_1_23' title='bbox 1122 400 1225 450; x_wconf 73' lang='lat' dir='ltr'><strong>diis</strong></span> <span class='ocrx_word' id='word_1_24' title='bbox 1243 400 1464 451; x_wconf 80' lang='lat' dir='ltr'><strong>reddita.</strong></span> <span class='ocrx_word' id='word_1_25' title='bbox 1546 395 1822 463; x_wconf 79' lang='lat' dir='ltr'><strong>Proprium</strong></span> <span class='ocrx_word' id='word_1_26' title='bbox 1865 423 1872 431; x_wconf 87' lang='lat'><strong>.</strong></span> 
     </span>
     <span class='ocr_line' id='line_1_5' title="bbox 214 472 1822 539; baseline 0 -14"><span class='ocrx_word' id='word_1_27' title='bbox 214 489 320 526; x_wconf 74' lang='lat' dir='ltr'><strong>esse</strong></span> <span class='ocrx_word' id='word_1_28' title='bbox 339 474 523 526; x_wconf 78' lang='lat' dir='ltr'><strong>militis</strong></span> <span class='ocrx_word' id='word_1_29' title='bbox 539 476 695 526; x_wconf 76' lang='lat' dir='ltr'><strong>decus</strong></span> <span class='ocrx_word' id='word_1_30' title='bbox 714 476 770 525; x_wconf 77' lang='lat' dir='ltr'><strong>in</strong></span> <span class='ocrx_word' id='word_1_31' title='bbox 791 477 994 525; x_wconf 75' lang='lat' dir='ltr'><strong>castris.</strong></span> <span class='ocrx_word' id='word_1_32' title='bbox 1069 472 1226 524; x_wconf 82' lang='lat' dir='ltr'><strong>Illam</strong></span> <span class='ocrx_word' id='word_1_33' title='bbox 1241 475 1491 539; x_wconf 82' lang='lat' dir='ltr'><strong>patriam,</strong></span> <span class='ocrx_word' id='word_1_34' title='bbox 1516 474 1636 525; x_wconf 78' lang='lat' dir='ltr'><strong>illos</strong></span> <span class='ocrx_word' id='word_1_35' title='bbox 1659 472 1822 525; x_wconf 82' lang='lat' dir='ltr'><strong>Pena-</strong></span> 
     </span>
     <span class='ocr_line' id='line_1_6' title="bbox 215 546 1818 615; baseline -0.001 -14"><span class='ocrx_word' id='word_1_36' title='bbox 215 556 303 601; x_wconf 75' lang='lat' dir='ltr'><strong>tes.</strong></span> <span class='ocrx_word' id='word_1_37' title='bbox 382 546 453 601; x_wconf 82' lang='lat' dir='ltr'><strong>Ni</strong></span> <span class='ocrx_word' id='word_1_38' title='bbox 482 552 659 600; x_wconf 77' lang='lat' dir='ltr'><strong>statim</strong></span> <span class='ocrx_word' id='word_1_39' title='bbox 686 551 1027 615; x_wconf 77' lang='lat' dir='ltr'><strong>recipiantur,</strong></span> <span class='ocrx_word' id='word_1_40' title='bbox 1059 555 1256 600; x_wconf 74' lang='lat' dir='ltr'><strong>noctem</strong></span> <span class='ocrx_word' id='word_1_41' title='bbox 1278 550 1335 599; x_wconf 77' lang='lat' dir='ltr'><strong>in</strong></span> <span class='ocrx_word' id='word_1_42' title='bbox 1365 551 1530 600; x_wconf 77' lang='lat' dir='ltr'><strong>amis</strong></span> <span class='ocrx_word' id='word_1_43' title='bbox 1551 550 1818 615; x_wconf 72' lang='lat' dir='ltr'><strong>aqeudam.</strong></span> 
     </span>
     <span class='ocr_line' id='line_1_7' title="bbox 215 618 1817 692; baseline -0.002 -16"><span class='ocrx_word' id='word_1_44' title='bbox 215 620 407 676; x_wconf 84' lang='lat' dir='ltr'>Contra</span> <span class='ocrx_word' id='word_1_45' title='bbox 418 620 707 684; x_wconf 87' lang='lat' dir='ltr'><strong>Vitelliani,</strong></span> <span class='ocrx_word' id='word_1_46' title='bbox 728 638 1058 692; x_wconf 89' lang='lat' dir='ltr'><strong>quamquam</strong></span> <span class='ocrx_word' id='word_1_47' title='bbox 1081 638 1305 675; x_wconf 85' lang='lat' dir='ltr'><strong>numero</strong></span> <span class='ocrx_word' id='word_1_48' title='bbox 1327 618 1536 692; x_wconf 82' lang='lat' dir='ltr'><strong>fatoque</strong></span> <span class='ocrx_word' id='word_1_49' title='bbox 1554 622 1817 691; x_wconf 78' lang='lat' dir='ltr'><strong>dispareS,</strong></span> 
     </span>
     <span class='ocr_line' id='line_1_8' title="bbox 214 695 1818 769; baseline -0.002 -18"><span class='ocrx_word' id='word_1_50' title='bbox 214 698 515 769; x_wconf 86' lang='lat' dir='ltr'><strong>inquietare</strong></span> <span class='ocrx_word' id='word_1_51' title='bbox 552 697 847 759; x_wconf 85' lang='lat' dir='ltr'><strong>victoriam,</strong></span> <span class='ocrx_word' id='word_1_52' title='bbox 890 695 1083 749; x_wconf 87' lang='lat' dir='ltr'><strong>morari</strong></span> <span class='ocrx_word' id='word_1_53' title='bbox 1119 712 1327 765; x_wconf 88' lang='lat' dir='ltr'><strong>pacem,</strong></span> <span class='ocrx_word' id='word_1_54' title='bbox 1369 695 1552 751; x_wconf 89' lang='lat' dir='ltr'><strong>domos</strong></span> <span class='ocrx_word' id='word_1_55' title='bbox 1592 712 1818 766; x_wconf 85' lang='lat' dir='ltr'><strong>arasque</strong></span> 
     </span>
     <span class='ocr_line' id='line_1_9' title="bbox 216 769 1816 843; baseline -0.001 -18"><span class='ocrx_word' id='word_1_56' title='bbox 216 788 405 826; x_wconf 88' lang='lat' dir='ltr'><strong>cruore</strong></span> <span class='ocrx_word' id='word_1_57' title='bbox 425 770 653 837; x_wconf 82' lang='lat' dir='ltr'><strong>foedare,</strong></span> <span class='ocrx_word' id='word_1_58' title='bbox 682 788 933 843; x_wconf 87' lang='lat' dir='ltr'><strong>suprema</strong></span> <span class='ocrx_word' id='word_1_59' title='bbox 952 770 1110 825; x_wconf 85' lang='lat' dir='ltr'><strong>victis</strong></span> <span class='ocrx_word' id='word_1_60' title='bbox 1135 769 1318 824; x_wconf 87' lang='lat' dir='ltr'><strong>solatia</strong></span> <span class='ocrx_word' id='word_1_61' title='bbox 1345 770 1816 841; x_wconf 83' lang='lat' dir='ltr'>amplectebantur.</span> 
     </span>
     <span class='ocr_line' id='line_1_10' title="bbox 217 845 1822 918; baseline -0.001 -17"><span class='ocrx_word' id='word_1_62' title='bbox 217 845 372 902; x_wconf 85' lang='lat' dir='ltr'><strong>Multi</strong></span> <span class='ocrx_word' id='word_1_63' title='bbox 402 847 767 911; x_wconf 76' lang='lat' dir='ltr'><strong>semianimeS,</strong></span> <span class='ocrx_word' id='word_1_64' title='bbox 796 862 957 917; x_wconf 85' lang='lat' dir='ltr'><strong>super</strong></span> <span class='ocrx_word' id='word_1_65' title='bbox 984 854 1158 901; x_wconf 88' lang='lat' dir='ltr'><strong>turres</strong></span> <span class='ocrx_word' id='word_1_66' title='bbox 1182 852 1233 899; x_wconf 91' lang='lat' dir='ltr'><strong>et</strong></span> <span class='ocrx_word' id='word_1_67' title='bbox 1251 845 1651 918; x_wconf 83' lang='lat' dir='ltr'><strong>propugnacula</strong></span> <span class='ocrx_word' id='word_1_68' title='bbox 1672 862 1822 899; x_wconf 89' lang='lat' dir='ltr'><strong>moe-</strong></span> 
     </span>
     <span class='ocr_line' id='line_1_11' title="bbox 216 919 1820 993; baseline -0.002 -17"><span class='ocrx_word' id='word_1_69' title='bbox 216 922 371 976; x_wconf 91' lang='lat' dir='ltr'><strong>nium</strong></span> <span class='ocrx_word' id='word_1_70' title='bbox 401 923 756 993; x_wconf 83' lang='lat' dir='ltr'><strong>exspiravere.</strong></span> <span class='ocrx_word' id='word_1_71' title='bbox 836 920 1122 975; x_wconf 86' lang='lat' dir='ltr'><strong>Convulsis</strong></span> <span class='ocrx_word' id='word_1_72' title='bbox 1149 921 1336 993; x_wconf 86' lang='lat' dir='ltr'><strong>portis,</strong></span> <span class='ocrx_word' id='word_1_73' title='bbox 1361 920 1604 993; x_wconf 85' lang='lat' dir='ltr'><strong>reliquus</strong></span> <span class='ocrx_word' id='word_1_74' title='bbox 1623 919 1820 993; x_wconf 83' lang='lat' dir='ltr'><strong>globus</strong></span> 
     </span>
     <span class='ocr_line' id='line_1_12' title="bbox 216 994 1822 1057; baseline -0.001 -6"><span class='ocrx_word' id='word_1_75' title='bbox 216 996 408 1051; x_wconf 87' lang='lat' dir='ltr'><strong>obtulit</strong></span> <span class='ocrx_word' id='word_1_76' title='bbox 427 1014 485 1051; x_wconf 92' lang='lat' dir='ltr'><strong>se</strong></span> <span class='ocrx_word' id='word_1_77' title='bbox 506 995 826 1051; x_wconf 85' lang='lat' dir='ltr'><strong>victoribus:</strong></span> <span class='ocrx_word' id='word_1_78' title='bbox 870 1004 921 1050; x_wconf 91' lang='lat' dir='ltr'><strong>et</strong></span> <span class='ocrx_word' id='word_1_79' title='bbox 940 995 1174 1057; x_wconf 77' lang='lat' dir='ltr'><strong>cecidere,</strong></span> <span class='ocrx_word' id='word_1_80' title='bbox 1191 1013 1380 1051; x_wconf 89' lang='lat' dir='ltr'><strong>omnes</strong></span> <span class='ocrx_word' id='word_1_81' title='bbox 1399 996 1676 1051; x_wconf 82' lang='lat' dir='ltr'><strong>contrariis</strong></span> <span class='ocrx_word' id='word_1_82' title='bbox 1695 994 1822 1051; x_wconf 86' lang='lat' dir='ltr'><strong>vul-</strong></span> 
     </span>
     <span class='ocr_line' id='line_1_13' title="bbox 217 1068 1820 1135; baseline 0 -10"><span class='ocrx_word' id='word_1_83' title='bbox 217 1072 456 1135; x_wconf 79' lang='lat' dir='ltr'><strong>neribuS,</strong></span> <span class='ocrx_word' id='word_1_84' title='bbox 482 1072 623 1125; x_wconf 84' lang='lat' dir='ltr'><strong>versi</strong></span> <span class='ocrx_word' id='word_1_85' title='bbox 646 1072 701 1124; x_wconf 88' lang='lat' dir='ltr'><strong>in</strong></span> <span class='ocrx_word' id='word_1_86' title='bbox 721 1068 946 1125; x_wconf 82' lang='lat' dir='ltr'><strong>hostem.</strong></span> <span class='ocrx_word' id='word_1_87' title='bbox 1026 1070 1104 1124; x_wconf 87' lang='lat' dir='ltr'><strong>Ea</strong></span> <span class='ocrx_word' id='word_1_88' title='bbox 1133 1088 1259 1125; x_wconf 89' lang='lat' dir='ltr'><strong>cura</strong></span> <span class='ocrx_word' id='word_1_89' title='bbox 1279 1072 1438 1126; x_wconf 87' lang='lat' dir='ltr'><strong>etiam</strong></span> <span class='ocrx_word' id='word_1_90' title='bbox 1463 1070 1820 1127; x_wconf 88' lang='lat' dir='ltr'><strong>morientibus</strong></span> 
     </span>
     <span class='ocr_line' id='line_1_14' title="bbox 214 1143 1820 1219; baseline 0.001 -20"><span class='ocrx_word' id='word_1_91' title='bbox 214 1147 389 1200; x_wconf 88' lang='lat' dir='ltr'><strong>decori</strong></span> <span class='ocrx_word' id='word_1_92' title='bbox 420 1146 594 1199; x_wconf 87' lang='lat' dir='ltr'><strong>exitus</strong></span> <span class='ocrx_word' id='word_1_93' title='bbox 624 1143 742 1199; x_wconf 86' lang='lat' dir='ltr'><strong>fuit.</strong></span> <span class='ocrx_word' id='word_1_94' title='bbox 822 1143 1090 1209; x_wconf 76' lang='lat' dir='ltr'><strong>Vitellius,</strong></span> <span class='ocrx_word' id='word_1_95' title='bbox 1113 1154 1263 1217; x_wconf 88' lang='lat' dir='ltr'><strong>capta</strong></span> <span class='ocrx_word' id='word_1_96' title='bbox 1283 1147 1437 1213; x_wconf 88' lang='lat' dir='ltr'><strong>urbe,</strong></span> <span class='ocrx_word' id='word_1_97' title='bbox 1458 1164 1554 1219; x_wconf 90' lang='lat' dir='ltr'><strong>per</strong></span> <span class='ocrx_word' id='word_1_98' title='bbox 1573 1164 1820 1205; x_wconf 83' lang='lat' dir='ltr'><strong>aversam</strong></span> 
     </span>
     <span class='ocr_line' id='line_1_15' title="bbox 214 1219 1816 1293; baseline 0.001 -18"><span class='ocrx_word' id='word_1_99' title='bbox 214 1221 394 1293; x_wconf 88' lang='lat' dir='ltr'><strong>palatii</strong></span> <span class='ocrx_word' id='word_1_100' title='bbox 421 1230 643 1292; x_wconf 88' lang='lat' dir='ltr'><strong>partem,</strong></span> <span class='ocrx_word' id='word_1_101' title='bbox 673 1219 1021 1287; x_wconf 87' lang='lat' dir='ltr'><strong>Aventinum,</strong></span> <span class='ocrx_word' id='word_1_102' title='bbox 1052 1222 1110 1275; x_wconf 93' lang='lat' dir='ltr'><strong>in</strong></span> <span class='ocrx_word' id='word_1_103' title='bbox 1136 1222 1358 1277; x_wconf 90' lang='lat' dir='ltr'><strong>domum</strong></span> <span class='ocrx_word' id='word_1_104' title='bbox 1385 1223 1591 1289; x_wconf 86' lang='lat' dir='ltr'><strong>uxoris,</strong></span> <span class='ocrx_word' id='word_1_105' title='bbox 1623 1221 1816 1279; x_wconf 86' lang='lat' dir='ltr'><strong>sellula</strong></span> 
     </span>
     <span class='ocr_line' id='line_1_16' title="bbox 212 1295 1820 1363; baseline 0.002 -14"><span class='ocrx_word' id='word_1_106' title='bbox 212 1295 476 1351; x_wconf 78' lang='lat' dir='ltr'><strong>defertur:</strong></span> <span class='ocrx_word' id='word_1_107' title='bbox 521 1303 599 1360; x_wconf 91' lang='lat' dir='ltr'><strong>ut,</strong></span> <span class='ocrx_word' id='word_1_108' title='bbox 626 1297 673 1351; x_wconf 91' lang='lat' dir='ltr'><strong>si</strong></span> <span class='ocrx_word' id='word_1_109' title='bbox 694 1296 838 1351; x_wconf 90' lang='lat' dir='ltr'><strong>diem</strong></span> <span class='ocrx_word' id='word_1_110' title='bbox 861 1295 1056 1351; x_wconf 87' lang='lat' dir='ltr'><strong>latebra</strong></span> <span class='ocrx_word' id='word_1_111' title='bbox 1078 1298 1369 1363; x_wconf 88' lang='lat' dir='ltr'><strong>vitavisset,</strong></span> <span class='ocrx_word' id='word_1_112' title='bbox 1391 1298 1730 1354; x_wconf 83' lang='lat' dir='ltr'><strong>Tarracinam</strong></span> <span class='ocrx_word' id='word_1_113' title='bbox 1751 1297 1820 1353; x_wconf 91' lang='lat' dir='ltr'><strong>ad</strong></span> 
     </span>
     <span class='ocr_line' id='line_1_17' title="bbox 215 1363 1886 1450; baseline 0.001 -25"><span class='ocrx_word' id='word_1_114' title='bbox 215 1372 454 1425; x_wconf 90' lang='lat' dir='ltr'><strong>cohortes</strong></span> <span class='ocrx_word' id='word_1_115' title='bbox 478 1363 798 1444; x_wconf 56' lang='lat' dir='ltr'><strong>fratremque</strong></span> <span class='ocrx_word' id='word_1_116' title='bbox 817 1370 1135 1447; x_wconf 80' lang='lat' dir='ltr'><strong>perfugeret.</strong></span> <span class='ocrx_word' id='word_1_117' title='bbox 1203 1372 1336 1427; x_wconf 89' lang='lat' dir='ltr'><strong>Dein</strong></span> <span class='ocrx_word' id='word_1_118' title='bbox 1357 1373 1646 1429; x_wconf 83' lang='lat' dir='ltr'><strong>mobilitate</strong></span> <span class='ocrx_word' id='word_1_119' title='bbox 1664 1374 1821 1447; x_wconf 85' lang='lat' dir='ltr'><strong>inge-</strong></span> <span class='ocrx_word' id='word_1_120' title='bbox 1875 1436 1886 1450; x_wconf 90' lang='lat'><strong>.</strong></span> 
     </span>
     <span class='ocr_line' id='line_1_18' title="bbox 212 1448 1818 1519; baseline 0.001 -18"><span class='ocrx_word' id='word_1_121' title='bbox 212 1448 313 1512; x_wconf 89' lang='lat' dir='ltr'><strong>nii,</strong></span> <span class='ocrx_word' id='word_1_122' title='bbox 356 1456 407 1501; x_wconf 90' lang='lat' dir='ltr'><strong>et</strong></span> <span class='ocrx_word' id='word_1_123' title='bbox 434 1464 574 1519; x_wconf 87' lang='lat' dir='ltr'><strong>quae</strong></span> <span class='ocrx_word' id='word_1_124' title='bbox 602 1457 787 1502; x_wconf 88' lang='lat' dir='ltr'><strong>natura</strong></span> <span class='ocrx_word' id='word_1_125' title='bbox 817 1448 1029 1519; x_wconf 87' lang='lat' dir='ltr'><strong>pavoris</strong></span> <span class='ocrx_word' id='word_1_126' title='bbox 1059 1454 1160 1512; x_wconf 68' lang='lat' dir='ltr'><strong>est,</strong></span> <span class='ocrx_word' id='word_1_127' title='bbox 1199 1464 1324 1501; x_wconf 92' lang='lat' dir='ltr'><strong>cum</strong></span> <span class='ocrx_word' id='word_1_128' title='bbox 1352 1448 1532 1503; x_wconf 90' lang='lat' dir='ltr'><strong>omnia</strong></span> <span class='ocrx_word' id='word_1_129' title='bbox 1559 1450 1818 1503; x_wconf 87' lang='lat' dir='ltr'><strong>metuenti</strong></span> 
     </span>
     <span class='ocr_line' id='line_1_19' title="bbox 217 1521 1821 1599; baseline 0.001 -20"><span class='ocrx_word' id='word_1_130' title='bbox 217 1525 511 1594; x_wconf 87' lang='lat' dir='ltr'><strong>praesentia</strong></span> <span class='ocrx_word' id='word_1_131' title='bbox 541 1525 773 1578; x_wconf 85' lang='lat' dir='ltr'><strong>maxime</strong></span> <span class='ocrx_word' id='word_1_132' title='bbox 799 1521 1166 1595; x_wconf 85' lang='lat' dir='ltr'><strong>displicerent,</strong></span> <span class='ocrx_word' id='word_1_133' title='bbox 1207 1522 1264 1577; x_wconf 91' lang='lat' dir='ltr'><strong>in</strong></span> <span class='ocrx_word' id='word_1_134' title='bbox 1291 1523 1550 1595; x_wconf 88' lang='lat' dir='ltr'><strong>palatium</strong></span> <span class='ocrx_word' id='word_1_135' title='bbox 1581 1524 1821 1599; x_wconf 81' lang='lat' dir='ltr'><strong>regredi-</strong></span> 
     </span>
     <span class='ocr_line' id='line_1_20' title="bbox 216 1596 1822 1670; baseline 0.002 -18"><span class='ocrx_word' id='word_1_136' title='bbox 216 1608 321 1663; x_wconf 84' lang='lat' dir='ltr'><strong>tur,</strong></span> <span class='ocrx_word' id='word_1_137' title='bbox 351 1608 562 1652; x_wconf 86' lang='lat' dir='ltr'><strong>vastum</strong></span> <span class='ocrx_word' id='word_1_138' title='bbox 592 1597 997 1670; x_wconf 85' lang='lat' dir='ltr'><strong>desertumque:</strong></span> <span class='ocrx_word' id='word_1_139' title='bbox 1040 1596 1264 1669; x_wconf 88' lang='lat' dir='ltr'><strong>dilapsis</strong></span> <span class='ocrx_word' id='word_1_140' title='bbox 1295 1600 1462 1654; x_wconf 80' lang='lat' dir='ltr'><strong>etiam</strong></span> <span class='ocrx_word' id='word_1_141' title='bbox 1480 1598 1683 1655; x_wconf 85' lang='lat' dir='ltr'><strong>infimis</strong></span> <span class='ocrx_word' id='word_1_142' title='bbox 1703 1616 1822 1655; x_wconf 90' lang='lat' dir='ltr'><strong>ser-</strong></span> 
     </span>
     <span class='ocr_line' id='line_1_21' title="bbox 215 1671 1820 1736; baseline 0.002 -8"><span class='ocrx_word' id='word_1_143' title='bbox 215 1674 489 1736; x_wconf 84' lang='lat' dir='ltr'><strong>vitiorum,</strong></span> <span class='ocrx_word' id='word_1_144' title='bbox 514 1681 606 1726; x_wconf 84' lang='lat' dir='ltr'><strong>aut</strong></span> <span class='ocrx_word' id='word_1_145' title='bbox 623 1691 905 1728; x_wconf 85' lang='lat' dir='ltr'><strong>occursum</strong></span> <span class='ocrx_word' id='word_1_146' title='bbox 924 1673 1042 1726; x_wconf 89' lang='lat' dir='ltr'><strong>eius</strong></span> <span class='ocrx_word' id='word_1_147' title='bbox 1061 1671 1472 1731; x_wconf 85' lang='lat' dir='ltr'><strong>declinantibus.</strong></span> <span class='ocrx_word' id='word_1_148' title='bbox 1531 1675 1713 1729; x_wconf 90' lang='lat' dir='ltr'><strong>Terret</strong></span> <span class='ocrx_word' id='word_1_149' title='bbox 1727 1692 1820 1731; x_wconf 90' lang='lat' dir='ltr'><strong>so-</strong></span> 
     </span>
     <span class='ocr_line' id='line_1_22' title="bbox 214 1746 1820 1805; baseline 0.002 -3"><span class='ocrx_word' id='word_1_150' title='bbox 214 1747 383 1802; x_wconf 90' lang='lat' dir='ltr'><strong>litudo</strong></span> <span class='ocrx_word' id='word_1_151' title='bbox 403 1757 452 1802; x_wconf 90' lang='lat' dir='ltr'><strong>et</strong></span> <span class='ocrx_word' id='word_1_152' title='bbox 473 1755 700 1804; x_wconf 84' lang='lat' dir='ltr'><strong>tacentes</strong></span> <span class='ocrx_word' id='word_1_153' title='bbox 722 1746 850 1802; x_wconf 88' lang='lat' dir='ltr'><strong>loci:</strong></span> <span class='ocrx_word' id='word_1_154' title='bbox 893 1755 1055 1802; x_wconf 86' lang='lat' dir='ltr'><strong>tentat</strong></span> <span class='ocrx_word' id='word_1_155' title='bbox 1075 1746 1284 1805; x_wconf 89' lang='lat' dir='ltr'><strong>clausa:</strong></span> <span class='ocrx_word' id='word_1_156' title='bbox 1318 1749 1633 1804; x_wconf 86' lang='lat' dir='ltr'><strong>inhorrescit</strong></span> <span class='ocrx_word' id='word_1_157' title='bbox 1651 1753 1820 1805; x_wconf 56' lang='lat' dir='ltr'><strong>vacu-</strong></span> 
     </span>
     <span class='ocr_line' id='line_1_23' title="bbox 212 1821 1820 1896; baseline 0.001 -19"><span class='ocrx_word' id='word_1_158' title='bbox 212 1824 290 1891; x_wconf 79' lang='lat' dir='ltr'><strong>is3</strong></span> <span class='ocrx_word' id='word_1_159' title='bbox 337 1821 620 1896; x_wconf 83' lang='lat' dir='ltr'><strong>fessusque</strong></span> <span class='ocrx_word' id='word_1_160' title='bbox 648 1825 843 1878; x_wconf 89' lang='lat' dir='ltr'><strong>misero</strong></span> <span class='ocrx_word' id='word_1_161' title='bbox 869 1839 1062 1887; x_wconf 86' lang='lat' dir='ltr'><strong>errore,</strong></span> <span class='ocrx_word' id='word_1_162' title='bbox 1095 1830 1145 1876; x_wconf 86' lang='lat' dir='ltr'><strong>et</strong></span> <span class='ocrx_word' id='word_1_163' title='bbox 1163 1823 1410 1894; x_wconf 89' lang='lat' dir='ltr'><strong>pudenda</strong></span> <span class='ocrx_word' id='word_1_164' title='bbox 1433 1823 1627 1879; x_wconf 84' lang='lat' dir='ltr'><strong>latebra</strong></span> <span class='ocrx_word' id='word_1_165' title='bbox 1648 1833 1820 1880; x_wconf 89' lang='lat' dir='ltr'><strong>semet</strong></span> 
     </span>
     <span class='ocr_line' id='line_1_24' title="bbox 212 1897 1819 1970; baseline 0.001 -18"><span class='ocrx_word' id='word_1_166' title='bbox 212 1898 503 1964; x_wconf 88' lang='lat' dir='ltr'><strong>occultans,</strong></span> <span class='ocrx_word' id='word_1_167' title='bbox 537 1899 605 1954; x_wconf 90' lang='lat' dir='ltr'><strong>ab</strong></span> <span class='ocrx_word' id='word_1_168' title='bbox 625 1898 759 1953; x_wconf 93' lang='lat' dir='ltr'><strong>Iulio</strong></span> <span class='ocrx_word' id='word_1_169' title='bbox 788 1897 1015 1962; x_wconf 87' lang='lat' dir='ltr'><strong>Placido,</strong></span> <span class='ocrx_word' id='word_1_170' title='bbox 1039 1897 1254 1954; x_wconf 88' lang='lat' dir='ltr'><strong>tribuno</strong></span> <span class='ocrx_word' id='word_1_171' title='bbox 1273 1900 1523 1965; x_wconf 88' lang='lat' dir='ltr'><strong>cohortis,</strong></span> <span class='ocrx_word' id='word_1_172' title='bbox 1551 1900 1819 1970; x_wconf 83' lang='lat' dir='ltr'><strong>protrahi-</strong></span> 
     </span>
     <span class='ocr_line' id='line_1_25' title="bbox 212 1973 1818 2047; baseline 0.002 -20"><span class='ocrx_word' id='word_1_173' title='bbox 212 1982 317 2028; x_wconf 91' lang='lat' dir='ltr'><strong>tur.</strong></span> <span class='ocrx_word' id='word_1_174' title='bbox 397 1975 616 2030; x_wconf 87' lang='lat' dir='ltr'><strong>Vinctae</strong></span> <span class='ocrx_word' id='word_1_175' title='bbox 644 1991 781 2044; x_wconf 88' lang='lat' dir='ltr'><strong>pone</strong></span> <span class='ocrx_word' id='word_1_176' title='bbox 809 1981 1017 2047; x_wconf 83' lang='lat' dir='ltr'><strong>tergum</strong></span> <span class='ocrx_word' id='word_1_177' title='bbox 1038 1991 1261 2029; x_wconf 87' lang='lat' dir='ltr'><strong>manus:</strong></span> <span class='ocrx_word' id='word_1_178' title='bbox 1304 1974 1498 2030; x_wconf 87' lang='lat' dir='ltr'><strong>laniata</strong></span> <span class='ocrx_word' id='word_1_179' title='bbox 1519 1984 1682 2040; x_wconf 87' lang='lat' dir='ltr'><strong>veste,</strong></span> <span class='ocrx_word' id='word_1_180' title='bbox 1707 1973 1818 2031; x_wconf 84' lang='lat' dir='ltr'><strong>foe-</strong></span> 
     </span>
     <span class='ocr_line' id='line_1_26' title="bbox 210 2047 1811 2122; baseline 0.002 -20"><span class='ocrx_word' id='word_1_181' title='bbox 210 2047 341 2102; x_wconf 89' lang='lat' dir='ltr'><strong>dum</strong></span> <span class='ocrx_word' id='word_1_182' title='bbox 384 2048 767 2121; x_wconf 86' lang='lat' dir='ltr'><strong>spectaculum,</strong></span> <span class='ocrx_word' id='word_1_183' title='bbox 808 2049 1119 2114; x_wconf 86' lang='lat' dir='ltr'><strong>ducebatur,</strong></span> <span class='ocrx_word' id='word_1_184' title='bbox 1167 2047 1354 2104; x_wconf 88' lang='lat' dir='ltr'><strong>multis</strong></span> <span class='ocrx_word' id='word_1_185' title='bbox 1390 2050 1811 2122; x_wconf 79' lang='lat' dir='ltr'><strong>increpantibuS,</strong></span> 
     </span>
     <span class='ocr_line' id='line_1_27' title="bbox 213 2122 1815 2182; baseline 0.001 -4"><span class='ocrx_word' id='word_1_186' title='bbox 213 2123 362 2179; x_wconf 89' lang='lat' dir='ltr'><strong>nullo</strong></span> <span class='ocrx_word' id='word_1_187' title='bbox 388 2123 775 2179; x_wconf 79' lang='lat' dir='ltr'><strong>inlacrimante.</strong></span> <span class='ocrx_word' id='word_1_188' title='bbox 856 2122 1166 2180; x_wconf 84' lang='lat' dir='ltr'><strong>Deformitas</strong></span> <span class='ocrx_word' id='word_1_189' title='bbox 1195 2125 1369 2180; x_wconf 87' lang='lat' dir='ltr'><strong>exitus</strong></span> <span class='ocrx_word' id='word_1_190' title='bbox 1393 2125 1815 2182; x_wconf 88' lang='lat' dir='ltr'><strong>misericordiam</strong></span> 
     </span>
     <span class='ocr_line' id='line_1_28' title="bbox 212 2197 1816 2267; baseline 0.002 -14"><span class='ocrx_word' id='word_1_191' title='bbox 212 2198 517 2254; x_wconf 87' lang='lat' dir='ltr'><strong>abstulerat.</strong></span> <span class='ocrx_word' id='word_1_192' title='bbox 594 2197 801 2255; x_wconf 88' lang='lat' dir='ltr'><strong>Obvius</strong></span> <span class='ocrx_word' id='word_1_193' title='bbox 823 2217 852 2254; x_wconf 90' lang='lat' dir='ltr'><strong>e</strong></span> <span class='ocrx_word' id='word_1_194' title='bbox 873 2199 1208 2256; x_wconf 88' lang='lat' dir='ltr'><strong>Germanicis</strong></span> <span class='ocrx_word' id='word_1_195' title='bbox 1229 2199 1513 2267; x_wconf 81' lang='lat' dir='ltr'><strong>militibus,</strong></span> <span class='ocrx_word' id='word_1_196' title='bbox 1537 2200 1816 2256; x_wconf 87' lang='lat' dir='ltr'><strong>Vitellium</strong></span> 
     </span>
     <span class='ocr_line' id='line_1_29' title="bbox 210 2273 1817 2347; baseline 0.003 -20"><span class='ocrx_word' id='word_1_197' title='bbox 210 2273 402 2330; x_wconf 82' lang='lat' dir='ltr'><strong>infesto</strong></span> <span class='ocrx_word' id='word_1_198' title='bbox 432 2276 559 2340; x_wconf 90' lang='lat' dir='ltr'><strong>ictu,</strong></span> <span class='ocrx_word' id='word_1_199' title='bbox 592 2292 687 2347; x_wconf 90' lang='lat' dir='ltr'><strong>per</strong></span> <span class='ocrx_word' id='word_1_200' title='bbox 715 2275 873 2342; x_wconf 86' lang='lat' dir='ltr'><strong>iram,</strong></span> <span class='ocrx_word' id='word_1_201' title='bbox 904 2275 985 2330; x_wconf 88' lang='lat' dir='ltr'><strong>vel</strong></span> <span class='ocrx_word' id='word_1_202' title='bbox 1018 2293 1129 2346; x_wconf 91' lang='lat' dir='ltr'><strong>quo</strong></span> <span class='ocrx_word' id='word_1_203' title='bbox 1154 2277 1418 2331; x_wconf 85' lang='lat' dir='ltr'><strong>maturius</strong></span> <span class='ocrx_word' id='word_1_204' title='bbox 1447 2275 1680 2334; x_wconf 88' lang='lat' dir='ltr'><strong>ludibrio</strong></span> <span class='ocrx_word' id='word_1_205' title='bbox 1699 2277 1817 2332; x_wconf 84' lang='lat' dir='ltr'><strong>exi-</strong></span> 
     </span>
     <span class='ocr_line' id='line_1_30' title="bbox 213 2349 1815 2423; baseline 0.002 -22"><span class='ocrx_word' id='word_1_206' title='bbox 213 2357 396 2414; x_wconf 88' lang='lat' dir='ltr'><strong>meret,</strong></span> <span class='ocrx_word' id='word_1_207' title='bbox 420 2367 487 2404; x_wconf 89' lang='lat' dir='ltr'><strong>an</strong></span> <span class='ocrx_word' id='word_1_208' title='bbox 516 2351 794 2404; x_wconf 89' lang='lat' dir='ltr'><strong>tribunum</strong></span> <span class='ocrx_word' id='word_1_209' title='bbox 823 2351 1117 2423; x_wconf 84' lang='lat' dir='ltr'><strong>appetierit,</strong></span> <span class='ocrx_word' id='word_1_210' title='bbox 1141 2351 1198 2405; x_wconf 86' lang='lat' dir='ltr'><strong>in</strong></span> <span class='ocrx_word' id='word_1_211' title='bbox 1218 2350 1416 2406; x_wconf 89' lang='lat' dir='ltr'><strong>incerto</strong></span> <span class='ocrx_word' id='word_1_212' title='bbox 1437 2349 1568 2406; x_wconf 79' lang='lat' dir='ltr'><strong>fuit:</strong></span> <span class='ocrx_word' id='word_1_213' title='bbox 1628 2368 1815 2408; x_wconf 82' lang='lat' dir='ltr'><strong>aurem</strong></span> 
     </span>
     <span class='ocr_line' id='line_1_31' title="bbox 212 2423 1456 2494; baseline 0.005 -20"><span class='ocrx_word' id='word_1_214' title='bbox 212 2423 414 2477; x_wconf 87' lang='lat' dir='ltr'><strong>tribuni</strong></span> <span class='ocrx_word' id='word_1_215' title='bbox 438 2425 752 2494; x_wconf 86' lang='lat' dir='ltr'><strong>amputavit,</strong></span> <span class='ocrx_word' id='word_1_216' title='bbox 776 2442 837 2479; x_wconf 89' lang='lat' dir='ltr'><strong>ac</strong></span> <span class='ocrx_word' id='word_1_217' title='bbox 856 2426 1034 2480; x_wconf 90' lang='lat' dir='ltr'><strong>statim</strong></span> <span class='ocrx_word' id='word_1_218' title='bbox 1056 2424 1334 2481; x_wconf 86' lang='lat' dir='ltr'><strong>confossus</strong></span> <span class='ocrx_word' id='word_1_219' title='bbox 1358 2433 1456 2480; x_wconf 90' lang='lat' dir='ltr'><strong>est.</strong></span> 
     </span>
    </p>

    <p class='ocr_par' dir='ltr' id='par_1_3' title="bbox 212 2498 1814 2718">
     <span class='ocr_line' id='line_1_32' title="bbox 322 2498 1814 2565; baseline 0.005 -17"><span class='ocrx_word' id='word_1_220' title='bbox 322 2499 406 2551; x_wconf 81' lang='lat'><strong>85.</strong></span> <span class='ocrx_word' id='word_1_221' title='bbox 449 2498 743 2565; x_wconf 88' lang='lat' dir='ltr'><strong>Vitellium,</strong></span> <span class='ocrx_word' id='word_1_222' title='bbox 773 2498 982 2555; x_wconf 82' lang='lat' dir='ltr'><strong>infestis</strong></span> <span class='ocrx_word' id='word_1_223' title='bbox 1002 2499 1351 2554; x_wconf 89' lang='lat' dir='ltr'><strong>mucronibus</strong></span> <span class='ocrx_word' id='word_1_224' title='bbox 1369 2507 1630 2565; x_wconf 79' lang='lat' dir='ltr'><strong>coactum,</strong></span> <span class='ocrx_word' id='word_1_225' title='bbox 1654 2501 1814 2556; x_wconf 89' lang='lat' dir='ltr'><strong>modo</strong></span> 
     </span>
     <span class='ocr_line' id='line_1_33' title="bbox 212 2569 1813 2641; baseline 0.006 -20"><span class='ocrx_word' id='word_1_226' title='bbox 212 2569 411 2641; x_wconf 79' lang='lat' dir='ltr'><strong>erigere</strong></span> <span class='ocrx_word' id='word_1_227' title='bbox 439 2589 499 2625; x_wconf 91' lang='lat' dir='ltr'><strong>os</strong></span> <span class='ocrx_word' id='word_1_228' title='bbox 520 2581 571 2626; x_wconf 85' lang='lat' dir='ltr'><strong>et</strong></span> <span class='ocrx_word' id='word_1_229' title='bbox 589 2572 773 2628; x_wconf 81' lang='lat' dir='ltr'><strong>offerre</strong></span> <span class='ocrx_word' id='word_1_230' title='bbox 794 2573 1151 2639; x_wconf 87' lang='lat' dir='ltr'><strong>contumeliis,</strong></span> <span class='ocrx_word' id='word_1_231' title='bbox 1183 2592 1328 2628; x_wconf 89' lang='lat' dir='ltr'><strong>nunc</strong></span> <span class='ocrx_word' id='word_1_232' title='bbox 1346 2573 1592 2630; x_wconf 86' lang='lat' dir='ltr'><strong>cadentes</strong></span> <span class='ocrx_word' id='word_1_233' title='bbox 1610 2583 1813 2630; x_wconf 77' lang='lat' dir='ltr'><strong>stamas</strong></span> 
     </span>
     <span class='ocr_line' id='line_1_34' title="bbox 213 2644 1814 2718; baseline 0.009 -25"><span class='ocrx_word' id='word_1_234' title='bbox 213 2655 358 2706; x_wconf 76' lang='lat' dir='ltr'><strong>suae,</strong></span> <span class='ocrx_word' id='word_1_235' title='bbox 382 2644 704 2718; x_wconf 88' lang='lat' dir='ltr'><strong>plerumque</strong></span> <span class='ocrx_word' id='word_1_236' title='bbox 733 2649 939 2715; x_wconf 84' lang='lat' dir='ltr'><strong>Rostra,</strong></span> <span class='ocrx_word' id='word_1_237' title='bbox 970 2656 1063 2706; x_wconf 81' lang='lat' dir='ltr'><strong>aut</strong></span> <span class='ocrx_word' id='word_1_238' title='bbox 1081 2647 1280 2706; x_wconf 86' lang='lat' dir='ltr'><strong>Galbae</strong></span> <span class='ocrx_word' id='word_1_239' title='bbox 1305 2650 1467 2706; x_wconf 84' lang='lat' dir='ltr'><strong>occisi</strong></span> <span class='ocrx_word' id='word_1_240' title='bbox 1487 2649 1664 2706; x_wconf 87' lang='lat' dir='ltr'><strong>locum</strong></span> <span class='ocrx_word' id='word_1_241' title='bbox 1684 2665 1814 2707; x_wconf 83' lang='lat' dir='ltr'><strong>oon-</strong></span> 
     </span>
    </p>
   </div>
   <div class='ocr_carea' id='block_1_3' title="bbox 2060 990 2065 1792">
    <p class='ocr_par' dir='ltr' id='par_1_4' title="bbox 2060 990 2065 1792">
     <span class='ocr_line' id='line_1_35' title="bbox 2060 990 2065 1792; baseline 0 0"><span class='ocrx_word' id='word_1_242' title='bbox 2060 990 2065 1792; x_wconf 95' lang='lat' dir='ltr'><strong> </strong></span> 
     </span>
    </p>
   </div>
  </div>
 </body>
</html>
