2081 3038
253 263 481 338 A.c.71.)
757 270 912 318 LIB.
951 269 1015 320 v.
1076 271 1253 320 OAP.
1296 267 1346 319 1.
1760 219 1872 322 229Ι

253 371 437 413 obsidet.
474 351 868 420 Hierosolymorum
887 375 1173 420 munitiones,
1202 375 1370 422 copiae,
1398 373 1543 414 duces.
1582 375 1644 414 13.
1664 375 1865 424 Prodigia

255 442 356 480 ante
381 439 612 480 obsidium.

359 525 423 564 14.
447 524 617 563 Interea
637 522 811 572 Civilis,
838 528 1034 574 reparato
1061 536 1139 575 per
1164 525 1435 565 Germaniam
1462 502 1671 573 exercitu,
1702 527 1863 566 bellum

253 595 448 632 renovat.
488 591 550 630 15.
567 591 741 631 Manum
760 594 950 632 conserit
967 604 1064 632 cum
1086 593 1267 640 Ceriale,
1286 594 1393 632 satis
1411 603 1626 642 prospere.
1659 593 1862 643 Uterque,

253 660 310 698 ad
344 660 646 699 maturandum
681 671 874 700 summae
903 663 965 700 rei
997 661 1227 700 discrimen
1258 663 1439 707 erectus,
1491 662 1553 699 16.
1575 663 1637 699 1⁷.
1656 663 1769 700 acies
1802 664 1865 700 in-

255 729 396 774 struit,
419 737 520 768 suos
539 728 798 776 adloqultur.
843 729 906 766 18.
933 728 1002 768 Fit
1020 733 1146 768 atrox
1164 739 1320 778 pugna,
1344 739 1441 778 qua,
1460 728 1699 776 proditione
1720 731 1863 768 cuius-

255 797 352 835 dam
371 797 547 843 Batavi,
575 795 776 834 Germani
794 798 1038 836 vincuntur.
1084 798 1149 836 19.
1168 799 1232 836 20.
1254 795 1425 842 Civilis,
1454 798 1498 834 in
1515 796 1780 835 Batavorum
1799 799 1864 835 in-

255 865 393 904 sulam
412 867 720 912 transgressus,
741 864 951 912 praesidia
965 863 1253 902 Romanorum
1274 864 1451 912 invadit,
1466 863 1643 911 Verace,
1661 863 1863 912 Classico,

252 932 412 971 Tutore
439 931 655 972 suffultus.
699 932 764 971 21.
791 931 1054 980 Ambiguum
1081 930 1307 979 proelium.
1351 930 1561 971 subvenit
1580 930 1759 971 Cerialis
1778 933 1863 970 sor-

252 1005 486 1050 tunamque
503 1001 652 1048 vertit3
690 1001 753 1039 22.
781 1002 826 1039 at
849 1010 1000 1048 parum
1025 1000 1229 1048 providus
1248 1000 1381 1039 ferme
1399 999 1663 1049 opprimitur.
1710 1000 1773 1038 23.
1794 997 1864 1038 Ci-

253 1069 350 1109 vilia
369 1069 564 1110 navalem
585 1070 718 1108 aciem
739 1069 948 1114 ostentat,
977 1067 1055 1107 sed
1081 1078 1106 1106 a
1127 1067 1292 1108 Ceriale
1311 1071 1429 1108 trans
1454 1067 1648 1107 Rhenum
1675 1067 1860 1117 pellitur.

254 1139 349 1186 Hic,
371 1139 554 1178 insulam
573 1137 831 1176 Batavorum
859 1135 1099 1185 populatus,
1126 1136 1348 1184 superfuso
1367 1147 1505 1184 amne,
1535 1146 1693 1175 novum
1714 1135 1865 1175 discri-

251 1217 349 1246 men
375 1207 480 1245 adit.
524 1206 588 1244 24.
607 1207 673 1244 25.
699 1205 804 1243 Tum
833 1205 1019 1244 hostium
1048 1205 1212 1244 animos
1232 1204 1411 1244 occultis
1430 1205 1591 1244 nuntiis
1615 1204 1859 1244 labefactat.

251 1273 316 1312 26.
338 1271 501 1320 Civilis,
523 1272 657 1320 petito
677 1272 902 1321 colloquio,
924 1272 978 1310 ad
997 1272 1257 1312 deditionem
1276 1283 1322 1312 se
1340 1283 1521 1322 pronum
1539 1273 1777 1322 profitetur.

369 1395 416 1445 1.
446 1383 723 1444 Eiusdem
754 1393 882 1445 anni
914 1392 1195 1462 principio
1217 1390 1414 1456 Caesar
1441 1393 1625 1457 Titne,
1659 1393 1861 1463 perdo-

253 1466 484 1521 mandae
504 1466 736 1521 Iudaeae
759 1466 1008 1521 delectus
1029 1483 1059 1519 a
1088 1475 1271 1537 patre,
1305 1474 1360 1521 et
1385 1467 1621 1537 privatis
1650 1470 1861 1524 utrius-

251 1560 360 1613 que
383 1542 550 1596 rebus
571 1542 771 1596 militia
790 1542 992 1605 claruS,
1007 1542 1214 1595 maiore
1232 1551 1352 1596 tum
1372 1542 1431 1596 vi
1451 1541 1707 1614 famaque
1728 1562 1860 1617 age-

251 1618 362 1681 bat,
389 1616 728 1671 certantibus
753 1617 1171 1688 provinciarum
1193 1624 1246 1671 et
1266 1617 1609 1673 exercituum
1632 1620 1855 1673 studiis,

249 1694 430 1764 Atque
461 1692 600 1763 ipse,
633 1700 695 1747 ut
723 1710 894 1764 super
919 1692 1193 1748 fortunam
1224 1692 1556 1758 crederetur,
1596 1694 1858 1750 decorum

250 1786 312 1823 se
329 1774 758 1840 promptumque
779 1769 836 1823 in
857 1769 1024 1823 armis
1046 1768 1389 1833 ostendebat,
1409 1772 1663 1825 comitate
1684 1780 1738 1825 et
1760 1772 1860 1825 ad·-

255 1844 460 1915 loquiis
480 1841 662 1898 officia
691 1861 1022 1915 provocans:
1064 1862 1127 1900 ac
1156 1844 1486 1916 plerumque
1508 1845 1569 1899 in
1588 1861 1771 1916 opere,
1798 1848 1857 1900 in

251 1921 491 1993 agmine,
517 1920 770 1991 gregario
792 1920 959 1974 militi
981 1920 1209 1985 mixtuS‚
1234 1922 1552 1990 incorrupto
1574 1920 1733 1975 ducis
1754 1921 1857 1975 ho-

251 2014 402 2051 nore.
451 1996 584 2049 Tres
607 2012 733 2049 eum
756 1996 816 2049 in
835 1995 1038 2051 Iudaea
1062 1996 1327 2069 legioneS,
1352 1997 1546 2067 quinta
1568 2004 1621 2049 et
1642 1996 1857 2051 decima

250 2081 304 2127 et
327 2070 768 2142 quintadecima,
801 2079 961 2125 vetus
983 2071 1309 2142 Vespasiani
1341 2072 1532 2135 mile5‚
1567 2088 1853 2142 excepere.

246 2147 479 2203 Addidit
501 2164 530 2201 e
559 2146 718 2219 Syria
741 2146 1127 2207 duodecimam
1150 2154 1203 2201 et
1232 2147 1498 2202 adductos
1520 2146 1855 2203 Alexandria

248 2221 785 2278 duoetvicesimanos
833 2222 1227 2294 tertianosque.
1307 2222 1721 2280 Comitabantur
1769 2224 1859 2278 vi—

247 2299 390 2372 ginti
443 2300 625 2353 sociae
671 2298 920 2357 cohortes
936 2338 949 2363 ,
1007 2307 1130 2355 octo
1176 2300 1426 2369 equitum
1474 2298 1620 2352 alae:
1685 2297 1854 2353 simul

246 2374 491 2448 Agrippa
521 2372 938 2446 Sohaemusque
966 2391 1145 2447 reges,
1180 2382 1233 2429 et
1258 2373 1469 2429 auxilia
1496 2373 1644 2445 regis
1664 2373 1858 2428 Antio-

246 2451 366 2515 chi,
404 2448 588 2505 valida
618 2457 700 2514 et,
733 2450 896 2505 solito
926 2451 1072 2505 inter
1092 2449 1311 2505 adcolas
1332 2449 1485 2513 odi0,
1519 2448 1733 2503 infensa
1764 2450 1858 2502 lu-

248 2525 402 2580 daeis
424 2523 668 2580 Arabum
689 2542 914 2581 manus:
957 2525 1139 2590 multi,
1174 2541 1313 2596 quos
1341 2524 1479 2579 urbe
1506 2532 1671 2595 atque
1699 2524 1854 2579 Italia

246 2618 345 2655 sua
386 2618 664 2673 quemque
706 2618 834 2673 spes
875 2602 1149 2657 acciverat
1193 2600 1503 2672 occupandi
1542 2600 1853 2671 principem

247 2676 430 2731 adhuc
452 2693 708 2733 vacuum.
751 2678 848 2731 His
865 2694 993 2732 cum
1014 2677 1192 2749 copiis
1216 2675 1351 2731 fines
1373 2676 1614 2731 hostium
1637 2676 1854 2750 ingres-

245 2768 362 2817 suS‚
387 2753 689 2825 composito
707 2752 946 2827 agmine,
963 2761 1161 2809 cuncta
1180 2754 1493 2825 exploranS,
1515 2762 1851 2825 paratusque

247 2827 562 2895 decernere,
594 2829 743 2885 haud
768 2831 960 2902 procul
988 2831 1383 2905 Hierosolymis
1412 2836 1586 2883 castra
1614 2828 1764 2885 facit.
