2081 3038
479 250 580 300 nn
619 249 1051 302 GERMANIA.
1091 253 1253 302 CAP.
1298 253 1543 302 aa—as.
1714 247 1815 305 263

227 357 388 412 armis
408 354 636 427 telisque
658 353 930 420 RomaniS,
961 354 1075 422 sed,
1105 356 1251 428 quod
1270 349 1698 431 magnificentius
1718 364 1817 426 est,

225 431 556 487 oblectationi
594 429 874 502 oculisque
915 430 1236 487 ceciderunt.
1277 450 1283 455 ·
1316 433 1553 499 Maneat,
1602 451 1820 506 quaese,

225 508 486 578 duretque
513 505 784 580 gentibue,
818 505 866 560 si
896 523 1001 561 non
1031 524 1179 564 amor
1200 508 1387 573 nostri,
1411 516 1463 563 at
1480 517 1618 563 certe
1636 509 1823 565 odium

227 582 345 637 sui:
387 581 620 654 quando,
645 580 960 655 urgentibus
979 582 1192 653 imperii
1214 579 1352 648 fatis,
1388 582 1524 638 nihil
1546 584 1652 639 iam
1673 602 1825 658 prae-

227 663 364 712 stare
380 655 590 713 fortuna
610 657 788 712 maius
807 664 997 728 potest,
1028 675 1195 730 quam
1221 658 1457 717 bostium
1480 657 1822 716 discordiam.

335 779 419 832 34.
461 776 808 849 Angrivarios
835 785 886 832 et
915 775 1214 831 Chamavos
1242 794 1273 830 a
1299 785 1447 850 tergo
1475 775 1754 850 Dulgibini
1776 786 1830 832 et

229 852 489 908 Chasuari
507 851 733 908 cludunt
749 851 994 924 aliaeque
1006 861 1209 926 gentes,
1224 851 1366 907 haud
1386 853 1607 924 perinde
1623 869 1827 908 memo-

229 935 384 984 ratae.
445 923 509 984 ‘A
536 925 707 985 fronte
733 926 894 982 Frisii
921 927 1215 998 excipiunt.
1294 929 1589 984 Maioribus
1606 933 1827 984 minori—

231 1007 418 1074 busque
436 1003 630 1059 Frisiis
648 1001 968 1060 vocabulum
989 1012 1155 1058 estex
1174 1003 1332 1058 modo
1352 1003 1573 1059 virium.
1644 1003 1829 1058 Utrae-

227 1097 332 1152 que
352 1077 596 1136 'nationes
623 1094 801 1152 usque
827 1077 894 1133 ad
920 1077 1195 1134 Oceanum
1218 1079 1403 1133 Rheno
1422 1087 1822 1150 praetexuntur,

227 1154 576 1227 ambiuntque
594 1154 870 1211 inmensos
887 1154 1109 1224 insuper
1130 1154 1277 1209 lacus
1296 1163 1345 1208 et
1363 1155 1617 1225 Romanis
1638 1155 1827 1210 classi-

227 1230 330 1285 bus
348 1233 641 1304 navigatos.
707 1231 893 1304 Ipsum
912 1231 1048 1301 quin
1068 1231 1227 1284 etiam
1248 1228 1521 1285 Oceanum-
1546 1230 1636 1286 illa
1658 1239 1824 1286 tenta-

225 1307 424 1362 vimus.
503 1307 572 1361 Et
605 1321 888 1376 superesse
913 1305 1091 1360 adhuc
1109 1305 1351 1360 Herculis
1378 1305 1654 1360 mlumnas
1678 1306 1820 1360 fama
1878 1300 1883 1312 “

227 1379 491 1452 vulgavit:
536 1381 652 1434 sive
688 1379 820 1435 adiit
855 1377 1129 1443 Hercules,
1168 1396 1285 1445 seu,
1324 1379 1595 1452 quidquid
1620 1381 1824 1453 ubique

227 1455 572 1529 magnificum
610 1461 709 1517 est,
746 1453 806 1508 in
845 1451 1135 1508 claritatem
1170 1454 1289 1508 eius
1328 1453 1523 1508 referre
1550 1457 1825 1511 consensi-

229 1546 372 1586 mus.
449 1531 560 1584 Nec
585 1528 754 1585 defuit
771 1528 1022 1585 audentia
1039 1529 1211 1583 Druso
1229 1529 1573 1585 Germanico:
1616 1531 1711 1586 sed
1728 1532 1827 1587 ob-

226 1606 359 1661 stitit
387 1603 630 1660 Oceanus
665 1605 724 1659 in
749 1622 809 1659 se
831 1602 996 1659 simul
1029 1612 1190 1676 atque
1217 1605 1274 1660 in
1296 1604 1576 1661 Herculem
1596 1606 1821 1680 inquiri.

113 1728 124 1739 .
226 1681 350 1737 Mox
367 1698 524 1737 nemo
542 1680 788 1736 tentavit:
823 1680 1170 1752 sanctiusque
1190 1697 1251 1735 ac
1269 1682 1598 1738 reverentius
1618 1684 1819 1749 visum,

225 1756 292 1811 de
311 1757 440 1813 actis
459 1755 681 1811 deorum
697 1754 930 1821 credere,
951 1772 1119 1828 quam
1135 1757 1291 1811 scire.

337 1868 420 1921 35.
462 1865 725 1921 Hactenus
749 1867 808 1922 in
825 1863 1162 1921 Occidentem
1184 1864 1527 1921 Germaniam
1548 1868 1820 1924 novimus.

223 1942 286 1997 In
307 1940 725 2013 Septentrionem
745 1940 949 2015 ingenti
968 1936 1111 1997 flexu
1129 1942 1283 1996 redit.
1353 1941 1431 1997 Ac
1448 1941 1624 2013 primo
1642 1943 1821 1998 statim

224 2016 562 2074 Chaucorum
582 2034 734 2093 genS,
747 2032 1078 2089 quamquam
1098 2018 1319 2088 incipiat
1336 2035 1367 2072 a
1389 2016 1599 2083 Frisiis,
1622 2034 1684 2072 ac
1700 2034 1824 2089 par-

223 2100 332 2148 tem
351 2091 518 2148 litoris
537 2098 775 2165 occupet,
815 2094 1085 2159 omnium,
1123 2110 1261 2165 quas
1286 2094 1533 2166 exposui,
1578 2094 1822 2167 gentium

221 2167 478 2224 lateribus
515 2169 837 2234 obtenditur,
878 2167 1045 2223 donec
1070 2166 1128 2222 in
1158 2166 1333 2223 Cattos
1359 2185 1535 2241 usque
1554 2171 1819 2224 sinuetur.

221 2244 357 2300 Tam
382 2244 692 2300 inmensum
723 2252 982 2299 terrarum
1011 2244 1245 2315 spatium
1274 2262 1380 2301 non
1408 2252 1589 2299 tenent
1612 2252 1821 2299 tantum

221 2319 446 2385 Chauci,
478 2319 573 2375 sed
593 2327 645 2375 et
663 2318 894 2393 inplent:
935 2317 1171 2391 populus
1197 2320 1333 2374 inter
1354 2319 1650 2377 Germanos
1669 2318 1824 2377 nobi-

220 2394 486 2461 lissimus,
528 2395 733 2467 quique
773 2392 1199 2469 magnitudinem
1236 2410 1392 2450 suam
1430 2394 1583 2451 malit
1621 2395 1821 2451 iustitia

219 2471 378 2527 tueri.
457 2468 584 2527 Sine
601 2468 905 2542 cupid'tate,
939 2470 1057 2524 sine
1076 2470 1385 2543 inpotentia,
1419 2471 1589 2543 quieti
1608 2470 1825 2526 secreti-

216 2563 348 2618 que,
375 2544 524 2601 nulla
551 2553 837 2618 provocant
865 2542 1021 2611 bella,
1055 2544 1221 2601 nullis
1241 2545 1483 2619 raptibus
1502 2554 1595 2602 aut
1614 2545 1824 2601 latroci-

219 2622 328 2676 niis
349 2620 690 2693 populantur.
750 2620 918 2694 quue
935 2621 1286 2695 praecipuum
1306 2621 1521 2677 virtutis
1540 2639 1602 2677 ac
1621 2622 1823 2678 virium

216 2704 596 2785 argumentum
625 2706 722 2765 est,
765 2696 930 2771 quod,
971 2702 1033 2752 ut
1053 2696 1353 2771 superiores
1382 2704 1559 2773 agant,
1601 2716 1707 2755 non
1726 2715 1823 2771 per

187 2800 192 2805 ·
214 2770 448 2827 iniurias
467 2772 852 2849 adsequuntur.
933 2770 1179 2847 Prompta
1206 2780 1382 2832 tamen
1400 2774 1653 2833 omnibus
1672 2791 1820 2831 arma
