2081 3038
183 240 432 316 A.c.·1⁰.)
579 250 734 295 mn.
775 250 870 296 1v.
911 250 1091 299 cAP.
1132 252 1219 299 ιτ.
1260 252 1347 299 18.
1693 248 1781 299 ⁴84

187 356 434 410 borealem
467 361 665 407 natura
701 356 858 407 etiam
883 357 1044 407 mutis
1068 356 1387 409 animalibus
1416 358 1628 411 datam.-
1676 360 1789 409 vir-

187 439 342 485 tutem
356 432 633 496 proprium
651 431 910 482 hominum
933 431 1133 483 bonum.
1208 430 1342 483 Deos
1365 434 1673 500 fortioribus
1692 435 1791 485 ad-

186 522 307 571 esse.
347 504 570 557 Proinde
588 507 890 571 adriperent
905 509 1065 559 vacui
1080 513 1373 571 occupatos,
1401 510 1592 575 {meyri
1609 511 1787 576 sessos.

191 582 322 634 Dum
339 582 441 633 alii
472 580 848 647 Vespasianum,
869 581 969 634 alii
995 579 1255 633 Vitellium
1272 585 1493 649 foveant,
1514 590 1693 649 patere
1712 584 1791 634 lo-

189 673 304 709 cum
327 658 579 709 adversus
595 664 888 723 utrumque.

301 732 384 784 ⁴8.
425 728 514 784 Sic
533 731 590 784 in
611 727 813 784 Gallias
831 729 1258 802 Germaniasque
1276 730 1532 795 intentus,
1562 730 1609 785 si
1630 730 1793 785 desti-

191 814 308 861 nata
349 807 747 875 provenissent,
794 803 1255 860 validissimarum
1290 806 1793 878 ditissimarumque

190 883 465 937 nationum
505 897 670 954 regno
707 880 1020 935 inminebat.
1102 881 1171 935 At
1207 881 1429 937 Flaccus
1460 881 1791 937 Hordeonius

187 958 390 1028 primos
412 956 600 1013 Civilis
617 964 838 1011 conatus
859 973 952 1027 per
971 956 1457 1013 dissimulationem
1480 956 1629 1013 aluit.
1690 957 1789 1013 Ubi

190 1040 490 1105 expugnata
511 1042 700 1097 eastra,
730 1032 926 1087 deletas
945 1032 1205 1099 cohortes,
1230 1032 1449 1105 pulsum
1473 1034 1789 1088 Batavorum

189 1107 365 1163 insula
413 1108 713 1164 Romanum
765 1124 961 1169 nomen
1008 1108 1201 1181 trepidi
1252 1110 1428 1165 nuntii
1464 1109 1789 1173 adferebant,

189 1185 513 1240 Mummium
551 1184 856 1257 Lupercum
895 1183 1150 1257 legatum,
1180 1184 1249 1258 (is
1264 1184 1495 1241 duarum
1520 1185 1791 1259 legionum

189 1259 429 1315 hibernis
449 1260 704 1333 praeerat)
729 1260 910 1334 egredi
929 1259 1187 1316 adversus
1209 1261 1415 1317 hostem
1435 1262 1601 1317 iubet.
1680 1261 1793 1315 Lu-

191 1353 379 1407 percus
419 1336 734 1409 legionarios
771 1353 800 1389 e
829 1336 1221 1405 praesentibus,
1263 1336 1427 1391 Ubios
1457 1353 1486 1389 e
1505 1337 1787 1408 proximi5‚

189 1412 539 1466 Treverorum
569 1412 776 1481 equites
803 1408 950 1464 baud
977 1410 1135 1483 longe
1156 1412 1382 1483 agentis,
1405 1412 1597 1481 raptim
1621 1418 1793 1465 trans-

192 1487 356 1549 misit,
387 1484 562 1540 addita
590 1486 907 1540 Batavorum
936 1484 1037 1550 ala,
1070 1501 1210 1556 que-e
1236 1486 1344 1540 iam
1371 1484 1579 1556 pridem
1600 1501 1795 1540 conru-

188 1571 298 1634 pta,
325 1561 484 1615 fidem
503 1559 810 1626 simulabat,
823 1566 901 1625 ut,
925 1560 1149 1631 proditis
1167 1561 1226 1614 in
1244 1561 1361 1632 ipsa
1383 1562 1494 1616 acie
1514 1561 1787 1624 RomaniS,

191 1638 389 1692 maiore
409 1636 575 1707 pretio
595 1635 816 1708 fugeret.
875 1634 1084 1701 Civilis,
1108 1643 1381 1707 captarum
1400 1636 1697 1692 cohortium
1718 1638 1794 1691 si·-

189 1713 314 1786 gnis
342 1710 724 1776 circumdatus,
751 1718 813 1766 ut
837 1729 935 1766 suo
954 1711 1114 1766 militi
1136 1729 1319 1766 recens
1339 1710 1507 1785 gloria
1527 1721 1647 1768 ante
1665 1730 1794 1768 ocu-

192 1788 291 1853 los,
316 1795 368 1842 et
385 1787 562 1842 hostes
585 1787 837 1842 memoria
858 1787 1024 1842 cladis
1047 1795 1619 1847 terrerentur.matrem
1637 1806 1792 1844 suam

192 1879 524 1933 sororesque,
539 1861 703 1916 simul
724 1863 968 1917 omnium
985 1863 1241 1936 coniuges
1254 1880 1557 1935 parvosque
1573 1862 1788 1928 liberoS,

190 1939 480 1994 consistere
502 1955 530 1991 a
562 1945 707 2010 tergo
726 1937 900 1992 iubet:
944 1937 1272 1994 hortamenta
1294 1939 1543 1994 victoriae
1563 1939 1645 1993 vel
1670 1939 1794 2010 pul-

189 2017 268 2070 sis
297 2013 574 2087 pudorem.
656 2013 722 2067 Ut
751 2013 989 2068 virorum
1012 2023 1191 2079 cantu,
1214 2013 1537 2070 feminarum
1558 2013 1789 2078 ululatu,

189 2092 371 2147 sonuit
391 2090 549 2155 acieS,
581 2105 922 2161 nequaquam
955 2107 1053 2159 par
1082 2108 1112 2144 a
1140 2089 1439 2164 legionibus
1460 2090 1795 2145 cohortibus·-

189 2183 297 2240 que
317 2164 556 2220 redditur
573 2164 790 2220 clamor.
871 2165 1174 2220 Nudaverat
1202 2167 1484 2220 sinistrum
1506 2183 1672 2222 cornu
1693 2167 1795 2220 Ba-

187 2251 432 2298 tavorum
453 2239 534 2294 ala
556 2239 936 2314 transfugiens,
961 2241 1251 2314 statimque
1267 2243 1325 2296 in
1349 2258 1445 2296 nos
1467 2258 1639 2295 versa.
1691 2241 1795 2296 Sed

191 2317 514 2391 legionarius
531 2314 707 2380 miles,
731 2332 1065 2388 quamquam
1086 2316 1247 2370 rebus
1268 2316 1507 2388 trepidiS,
1542 2334 1689 2372 arma
1708 2333 1795 2372 or-

189 2393 452 2463 dinesque
473 2391 754 2458 retinebat3
798 2391 1058 2446 Ubiorum
1084 2391 1543 2464 Treverorumque
1570 2393 1791 2457 auxilia,

190 2467 340 2524 foeda
363 2466 488 2540 fuga
506 2465 767 2538 dispersa,
791 2467 913 2521 totis
935 2467 1143 2537 campis
1160 2465 1427 2538 palantur.
1488 2467 1621 2523 Illuc
1640 2469 1795 2524 incu-

188 2544 356 2599 buere
392 2542 667 2598 Germani.
745 2542 814 2596 Et
842 2541 943 2596 suit
969 2543 1184 2597 interim
1211 2542 1468 2614 effugium
1492 2541 1793 2618 legionibus
1874 2553 1885 2562 ·

190 2620 248 2674 in
267 2625 457 2683 castra,
479 2617 684 2689 quibus
713 2619 941 2672 Veterum
969 2635 1163 2674 nomen
1184 2625 1284 2672 est.
1365 2617 1663 2674 Praefectus
1682 2619 1795 2674 alae

190 2694 528 2758 Batavorum,
568 2691 826 2750 Claudius
853 2693 1028 2750 Labeo
1044 2735 1057 2758 ,
1088 2692 1355 2767 oppidano
1392 2695 1678 2750 certamine
1705 2712 1795 2750 ae-

191 2766 376 2826 mulus
403 2767 585 2836 Civili,
616 2785 685 2825 ne
709 2767 1015 2826 interfectus
1039 2769 1303 2828 invidiam
1324 2768 1468 2842 apud
1484 2769 1789 2844 populareS,
