2081 3038
163 237 412 313 mean.)
601 248 762 295 Lm.
802 246 841 295 1.
883 247 1063 297 CAP.
1108 248 1192 295 14.
1233 247 1311 297 15.
1694 246 1751 299 Η

165 350 334 414 mino,
358 346 618 419 praesecto
641 350 813 415 urbis,
840 367 1007 421 pauca
1027 349 1293 422 praefatus
1314 350 1378 405 de
1403 366 1499 405 sua
1522 360 1767 406 senectu-

164 434 238 488 te,
262 424 506 478 Pisonem
528 424 866 480 Licinianum
889 426 1081 480 arcessi
1104 425 1275 494 iubet;
1308 443 1404 481 seu
1426 428 1635 499 propria
1658 426 1767 481 ele-

166 501 360 562 ctione,
393 500 528 564 sive,
560 507 620 553 ut
647 500 866 571 quidam
899 500 1254 565 crediderunt,
1283 500 1487 555 Lacone
1515 502 1760 566 instante,

168 576 258 629 cui
279 573 421 645 apud
439 572 747 629 Rubellium
764 574 1011 630 Plautum
1032 576 1257 631 exercita
1276 593 1398 630 cum
1421 577 1610 631 Pisone
1630 578 1767 631 ami-

168 651 322 703 citia:
364 648 459 703 sed
485 648 691 715 callide,
715 658 774 705 ut
791 650 1055 725 ignotum,
1086 650 1316 718 fovebat,
1360 658 1410 705 et
1427 667 1679 722 prospera
1700 651 1773 705 de>

167 725 361 779 Pisone
397 722 536 778 fama
571 725 792 780 oonsilio
819 727 936 779 eius
968 726 1125 780 tidem
1156 726 1442 782 addiderat.
1522 727 1664 791 Piso,
1688 727 1761 781 M.

168 798 361 854 Crasso
399 808 449 853 et
476 798 747 855 Scribonia
784 802 1018 873 genitus,
1061 800 1255 855 nobilis
1288 802 1577 873 utrimque,
1608 800 1762 856 vultu

168 874 466 945 habituque
483 875 646 929 moris
667 872 892 947 antiqui,
916 884 965 930 et
984 876 1344 932 aestimatione
1362 884 1500 931 recta
1520 890 1759 942 severus,
1808 876 1819 899 ⁸

168 949 402 1003 deterius
431 949 894 1022 interpretantibus
922 952 1117 1007 tristior
1145 950 1455 1008 habebatur.
1534 953 1609 1006 Ea
1638 968 1763 1023 pars

167 1042 376 1153 nigrum
410 1024 544 1090 eius,
577 1042 686 1097 quo
716 1025 1008 1097 suspectior
1044 1025 1304 1093 sollicitis,
1346 1027 1613 1099 adoptanti
1646 1026 1763 1100 pla-

168 1117 228 1155 ce
265 1112 334 1155 at.
547 1148 558 1155 .
1268 1146 1273 1153 .

277 1178 359 1229 45.
404 1176 569 1247 Igitur
609 1175 776 1230 Galba
793 1218 805 1240 ,
853 1175 1182 1248 adprehensa
1219 1176 1430 1232 Pisonis
1471 1194 1631 1231 manu
1649 1220 1661 1242 ,
1703 1178 1759 1231 in

168 1250 314 1305 hunc
333 1249 554 1304 modum
575 1248 780 1305 locutus
801 1248 992 1306 fertur:
1027 1252 1091 1307 Si
1108 1260 1155 1306 te
1166 1257 1409 1321 privatus
1429 1256 1534 1321 leye
1555 1258 1763 1307 curiata

163 1330 305 1395 apud
335 1329 620 1394 pontifices,
663 1335 721 1379 ut
747 1332 909 1381 moris
937 1336 1026 1388 est,
1058 1332 1374 1395 adoptarem,
1402 1336 1450 1381 et
1474 1330 1600 1380 mihi
1619 1346 1763 1395 cyre—

163 1406 307 1469 9ium
339 1408 470 1463 erat,
501 1399 588 1454 Cn.
612 1401 836 1469 Pompeii
863 1410 911 1454 et
936 1402 1008 1458 Μ.
1037 1400 1217 1455 Crassi
1236 1405 1457 1455 subolem
1478 1407 1532 1455 in
1556 1404 1765 1455 Penates

163 1493 300 1531 meos
337 1479 642 1541 adsciscere,
681 1484 728 1531 et
768 1480 862 1532 tibi
885 1480 1101 1546 insigms,
1136 1476 1401 1546 Sulpiciae
1430 1495 1493 1530 ac
1522 1477 1763 1531 Lutatiae

165 1557 354 1606 decora
381 1553 642 1606 nobilitati
671 1561 788 1606 tuae
810 1557 1075 1606 adiecisse.
1153 1551 1305 1606 Nunc
1325 1569 1418 1614 me,
1442 1555 1653 1605 deorum
1671 1555 1763 1605 ho-

163 1632 458 1696 minumque
497 1643 742 1682 consensu
779 1631 849 1681 ad
887 1632 1159 1696 imperium
1194 1635 1447 1688 vocatum,
1481 1630 1763 1694 praeclara

163 1705 363 1758 indoles
389 1710 482 1755 tua
509 1710 557 1755 et
585 1719 736 1756 amor
759 1708 968 1770 patriae
993 1705 1199 1770 inpulit,
1229 1711 1285 1756 ut
1300 1706 1670 1770 principatum,
1700 1706 1763 1755 de

163 1795 266 1847 quo
283 1781 508 1830 maiores
527 1783 693 1831 nostri
713 1783 876 1832 armis
897 1781 1183 1842 certabant,
1217 1780 1345 1830 bello
1364 1781 1595 1844 adeptus,
1620 1781 1762 1846 quie-

163 1856 327 1908 scenti
364 1856 596 1921 offeram,
635 1855 868 1920 exemplo
891 1857 942 1906 d.
971 1854 1206 1921 Auyusti,
1250 1855 1341 1921 qui
1368 1856 1567 1907 sororis
1598 1856 1760 1921 filium

163 1929 490 1990 Marcellum,
522 1931 642 1980 dein
669 1943 910 1995 qenerum
936 1927 1237 1996 ‘iq-rippam,
1261 1943 1382 1980 mom
1403 1935 1604 1994 nepotes
1620 1943 1757 1990 suos,

164 2011 419 2071 postremo
444 2003 700 2055 Tiberium
722 2003 974 2057 Neronem
989 2006 1303 2070 priviynum,
1328 2006 1385 2055 in
1400 2005 1644 2070 proximo
1662 2005 1759 2078 siin

163 2081 374 2148 fastiqio
394 2079 694 2130 conlocavit.
771 2076 874 2132 Sed
890 2077 1153 2146 Augustus
1180 2080 1237 2130 in
1256 2081 1404 2130 domo
1420 2093 1761 2131 successorem

166 2156 436 2221 quaesivit,
467 2169 560 2220 eqo
585 2156 644 2206 in
667 2155 936 2219 republica
944 2171 964 2220 ;
1003 2169 1123 2210 non.
1154 2156 1277 2221 quia
1311 2157 1631 2221 propinquos
1668 2159 1760 2205 aut

166 2231 332 2281 socios
349 2229 472 2280 belli
489 2244 592 2280 non
609 2230 823 2280 habeam
831 2247 850 2294 ‚·
888 2230 978 2280 sed
994 2243 1159 2295 neque
1180 2231 1289 2295 ipse
1307 2231 1577 2296 imperium
1596 2229 1762 2280 ambi-

167 2307 301 2356 tione
329 2306 537 2370 accepi:
576 2311 624 2355 et
656 2305 843 2355 iudicii
867 2306 968 2355 mei
997 2305 1354 2356 docunientum
1377 2305 1483 2356 sint
1500 2317 1605 2356 non
1620 2317 1763 2355 meae

165 2385 366 2430 tantum
393 2380 806 2440 necessitudines,
847 2393 978 2446 quas
1005 2379 1100 2430 tibi
1111 2381 1395 2445 postposui,
1436 2381 1526 2430 sed
1548 2385 1597 2430 et
1624 2385 1755 2430 tuae.

163 2450 257 2505 Est
285 2455 379 2504 tibi
403 2457 573 2521 frater
593 2455 720 2520 pari
748 2453 1030 2515 nobilitate,
1077 2460 1207 2505 natu
1232 2456 1417 2515 naaion
1455 2456 1643 2521 diqnus
1660 2454 1758 2504 hac

161 2531 393 2596 fortuna,
415 2530 521 2580 nisi
541 2535 598 2580 tu
613 2531 786 2595 potior
803 2543 949 2581 esses.
1012 2527 1097 2581 Ea
1111 2535 1257 2581 aetas
1278 2537 1385 2589 tua,
1407 2543 1539 2595 quae
1558 2529 1761 2594 cupidi-

164 2609 298 2656 tates
333 2604 708 2656 adolescentiae
744 2606 852 2657 iam
889 2605 1157 2672 effugerim
1195 2618 1258 2654 ea
1276 2605 1402 2664 vita,
1433 2606 1489 2654 in
1507 2619 1611 2670 qua
1629 2603 1761 2654 nihil

161 2681 502 2745 praeteritum
519 2681 874 2732 excusandum
890 2679 1096 2731 habeas.
1147 2675 1434 2730 Fortunam
1453 2679 1621 2730 adhuc
1642 2684 1757 2730 tan—

163 2762 276 2808 tum
301 2756 578 2806 adversam
607 2755 803 2823 tulisti,·
839 2756 1095 2808 secundae
1117 2765 1205 2809 m
1224 2753 1521 2808 acrioribus
1536 2753 1761 2806 stimulis
