2081 3038
185 202 309 241 με.
335 182 430 257 62.)
567 192 724 237 ΜΒ.
765 192 918 241 xiv.
960 196 1135 243 cAP.
1175 196 1417 241 45—-48,
1683 187 1782 243 347

185 312 216 349 a
234 295 479 367 principe
493 291 821 365 prohibitum
843 300 942 360 est,
966 312 1030 349 ne
1046 312 1155 351 mos
1176 301 1439 367 antiquus,
1462 314 1612 366 quem
1629 300 1783 351 mice-

183 370 422 425 ricordia
439 386 544 423 non
558 372 834 433 minuerat,
855 386 950 437 per
964 374 1238 425 saevitiam
1256 374 1619 427 intenderetur.

201 486 205 491 .
299 446 383 513 46.
405 444 697 508 Damnatus
717 442 908 508 iisdem
929 442 1241 504 oonsulibus
1250 444 1557 517 Tarquitius
1566 446 1783 503 Priscus

184 518 622 593 repetundarum,
633 517 880 593 Bithynis
889 518 1355 593 interroganthus,
1368 536 1562 593 magno
1568 527 1783 592 patrum

183 594 404 671 gaudio,
445 593 543 667 qui
569 598 876 649 accusatum
900 594 968 649 ab
993 611 1055 649 eo
1074 592 1340 650 Statilium
1360 594 1618 658 Taurum,
1661 612 1787 667 pro-

185 665 464 733 consulem
490 663 686 741 ipsius‚
719 665 1089 725 meminerant.
1168 668 1376 726 Census
1401 684 1499 741 per
1528 668 1728 725 Gallias
1755 688 1785 723 a

187 742 254 813 Q,
295 742 517 816 Volusio
558 752 610 800 et
646 741 824 801 Sextio
863 742 1109 802 Africano
1148 743 1517 819 Trebellioque
1552 745 1788 801 Maximo

187 819 291 875 acti
319 828 466 883 sunt,
487 816 730 883 ¹aemulis
758 818 895 873 inter
923 836 981 876 se
1009 835 1105 891 per
1123 818 1451 875 nobilitatem
1468 818 1689 876 Volusio
1708 829 1788 879 at·-

186 910 298 968 que
341 890 616 1022 Afriicano:
668 891 994 954 Trebellium
1034 893 1167 950 dum
1195 901 1421 969 uterque
1446 894 1783 969 dedignatur,

186 987 256 1027 su
291 987 353 1026 ra
373 976 430 1027 tu
453 984 557 1026 ere.
1266 994 1277 1007 .

253 985 388 1099 ΡΠ.
407 1030 506 1100 ¹Eo
535 1057 674 1098 anno
701 1049 926 1102 mortem
951 1042 1083 1101 obiit
1100 1042 1387 1103 Memmius
1405 1042 1663 1119 Regulus,
1690 1061 1789 1103 au-

188 1120 445 1183 ctoritate,
478 1116 789 1181 constantia,
813 1116 972 1183 fama,
995 1118 1055 1172 in
1074 1127 1356 1190 quantum,
1380 1120 1789 1191 praeumbrante

187 1192 525 1267 imperatoris
543 1191 662 1249 fasti
705 1192 771 1257 ὀ,
795 1192 970 1259 datur,
993 1192 1194 1259 clarus:
1226 1194 1356 1270 qdeo
1374 1204 1435 1252 ut
1452 1197 1609 1261 Nero,
1632 1212 1788 1269 aeger

189 1266 516 1332 valetudine,
546 1276 597 1347 et
625 1208 968 1338 adulantibus
997 1268 1222 1334 circum,
1253 1268 1350 1341 qui
1376 1270 1536 1328 finem
1561 1268 1639 1329 im
1708 1270 1789 1328 rio

189 1340 378 1405 adesse
419 1340 683 1408 diceban-t,
725 1341 774 1398 si
813 1342 948 1417 quid
982 1342 1085 1400 fato
1111 1351 1396 1416 pateretur,
1438 1362 1629 1417 respon
1666 1344 1783 1408 erit,

188 1421 379 1475 habere
426 1420 714 1478 subsidium
755 1420 1125 1487 rempublicam
1138 1438 1155 1472 .·
1216 1418 1525 1493 rogantibus
1571 1418 1783 1483 dehinc,

189 1500 248 1558 in
271 1510 376 1565 quo
389 1490 752 1564 potissimum?
791 1490 1070 1558 addiderit,
1098 1497 1155 1548 in
1172 1492 1411 1550 Memmio
1430 1492 1635 1564 Regulo.
1693 1493 1789 1549 Vi-

190 1571 270 1626 xit
297 1577 476 1626 tamen
503 1575 626 1640 post
655 1567 786 1625 haec
809 1567 1068 1640 Regulus,
1098 1567 1277 1640 quiete
1299 1566 1569 1634 defensus,
1591 1564 1788 1643 etquis

188 1661 328 1702 nova
356 1643 570 1721 generis
595 1641 928 1707 claritudine,
952 1659 1128 1716 neque
1145 1643 1427 1703 invidiosis
1443 1644 1637 1716 opibus
1657 1650 1783 1698 erat.

190 1718 556 1794 Gymnasium
585 1735 646 1774 eo
675 1734 813 1773 anno
842 1716 1141 1775 dedicatum
1166 1735 1197 1774 a
1215 1719 1441 1796 Nerone,
1462 1717 1788 1794 praebitum-

190 1811 301 1868 que
316 1793 498 1849 oleum
585 1791 686 1847 uiti
705 1809 766 1848 ac
783 1793 1011 1858 senatui,
1036 1792 1233 1850 Graeca
1253 1793 1515 1853 facilitate.

303 1868 389 1926 48.
429 1868 492 1924 Ρ.
589 1867 729 1932 ario,
770 1867 835 1936 L.
861 1867 1051 1924 Asinio
1086 1885 1223 1924 coss.
1261 1863 1525 1931 Antistius
1559 1876 1785 1942 praetor,

191 1961 360 2019 quem
379 1943 437 2000 in
457 1942 730 2008 tribunatu
741 1939 915 2015 plebis
925 1941 1140 1998 licenter
1149 1943 1321 2021 egisse
1337 1944 1648 2018 memoravi.
1665 1961 1789 2017 pro-

191 2021 349 2077 brosa
369 2018 628 2082 adversus
649 2016 950 2104 principem
969 2017 1201 2074 carmina
1220 2013 1499 2082 factitavit,
1522 2017 1790 2092 vulgavit-

193 2113 300 2168 que
333 2092 530 2162 celebri
566 2090 838 2164 con‘viylo,
879 2091 1009 2148 dum
1037 2091 1181 2163 apud
1208 2091 1479 2149 O⁷storium
1508 2091 1788 2164 Scapulam

193 2169 462 2242 epulatur.
495 2212 500 2218 .
537 2167 680 2224 Exin
711 2185 742 2229 a
765 2165 1077 2240 Cossutiano
1104 2165 1376 2238 Capitone,
1397 2168 1493 2240 qui
1516 2183 1689 2240 nuper
1706 2185 1792 2222 se-

195 2244 460 2302 natorium
479 2235 741 2313 ordinem,
763 2243 1012 2316 precibus
1031 2241 1299 2320 Tigellini,
1332 2243 1503 2302 soceri
1518 2243 1625 2307 sui,
1646 2259 1791 2299 rece-

194 2327 360 2392 perat,
391 2319 683 2377 maiestatis
712 2318 916 2374 delatus
945 2323 1043 2374 est.
1068 2383 1073 2388 ,
1122 2314 1260 2378 Tum
1288 2319 1530 2390 primum
1554 2326 1791 2383 revocata

196 2413 255 2450 ea
275 2395 390 2452 lex:
432 2391 850 2465 credebaturque
877 2391 1024 2448 haud
1047 2391 1267 2464 perinde
1294 2393 1518 2450 exitium
1539 2391 1787 2458 Antistio,

196 2489 360 2543 quam
382 2469 688 2543 imperatori
705 2467 872 2542 gloria
897 2467 1156 2541 quaesita,
1178 2475 1239 2522 ut
1256 2466 1637 2530 condemnatus
1656 2486 1683 2524 a
1706 2485 1791 2523 se-

197 2553 344 2612 natu,
378 2544 755 2602 intercessione
789 2543 1073 2599 tribunicia
1102 2543 1260 2599 morti
1286 2543 1623 2601 eximeretur.
1700 2543 1786 2610 Et,

197 2638 321 2678 cum
348 2619 611 2685 Ostorius,
641 2620 774 2675 nihil
797 2622 1076 2682 audivisse,
1107 2635 1206 2689 pro
1223 2617 1523 2674 testimonio
1544 2614 1787 2685 dixisset,

195 2695 438 2754 adversis
456 2693 682 2755 testibus
698 2691 998 2756 creditum
1033 2692 1349 2770 censuitque
1374 2693 1563 2754 lunius
1590 2693 1791 2751 Marul-
