2081 3038
196 163 435 240 A.c.63.)
576 172 731 219 LIB.
779 170 897 220 xv.
940 171 1117 218 cAP.
1159 173 1398 218 16—-18,
1689 165 1786 219 369

199 273 407 328 virtutis
430 281 480 328 et
498 273 717 329 ambitio
733 253 952 346 gloriae,
966 271 1202 326 felicium
1222 271 1503 328 hominum
1521 269 1788 330 adfectus:

196 347 304 403 sola
324 348 686 405 misericordia
709 347 931 414 valebat,
954 354 1007 402 et.
1024 346 1165 418 apud
1187 347 1418 402 minores
1442 348 1636 423 magis.

306 459 389 513 ⁴7.
430 457 640 513 Ducum
660 457 797 512 inter
816 473 874 512 se
891 456 1072 513 brevis
1093 473 1268 512 sermo
1286 463 1500 512 secutus
1520 463 1617 512 est.
1683 459 1791 512 Hoc

196 540 547 604 conquerente
594 537 813 588 inritum
857 535 1112 587 laborem:
1173 535 1400 599 potuisse
1444 535 1628 586 bellum
1664 540 1790 601 [uqa

197 609 503 664 Parthorum
520 611 691 678 finiri;
723 607 815 663 ille
835 612 1039 677 inteqra
1056 611 1266 676 utrique
1285 615 1474 661 cuncta
1492 607 1786 676 respondit:

198 692 545 738 converterent
562 687 771 754 aquilas
790 693 837 738 et
855 687 1021 738 iuncti
1036 686 1339 737 invaderent
1347 681 1660 744 Armeniam,
1671 684 1792 737 abs-

197 775 339 812 cessu
366 759 623 828 Voloyesis
639 761 973 828 infirmatam.
1040 758 1159 812 Non
1179 775 1240 810 ea
1261 760 1592 824 imperatorie
1607 759 1793 810 habere

194 836 469 897 mandata,
515 831 775 894 Corbulo:
829 836 1068 902 periculo
1105 834 1360 902 leqionum
1397 839 1724 894 commotum,
1767 848 1794 883 e

192 912 466 975 provincia
494 925 778 978 opressum:
817 912 1025 978 quando
1051 911 1108 962 in
1132 911 1330 962 incerto
1352 909 1648 962 habeantur-
1658 906 1793 960 Par-

198 985 398 1036 thorum
417 992 647 1048 conatus,
669 983 880 1052 Syriam
900 987 1254 1052 repetiturum.
1326 981 1418 1037 Sic
1436 997 1635 1051 quoque
1657 985 1793 1050 opti-

195 1075 331 1111 mam
368 1057 655 1113 Fortunam
692 1063 962 1122 orandam,
1003 1067 1063 1111 ut
1092 1063 1266 1126 pedes,
1311 1063 1568 1128 consectus
1605 1060 1794 1124 spatiis

195 1136 453 1198 itinerum,
476 1137 705 1189 alacrem
726 1144 773 1188 et
791 1137 1048 1204 facilitate
1069 1145 1366 1202 camporum
1382 1137 1792 1200 praevenientem

194 1213 411 1276 equitem
438 1213 821 1279 adsequeretur.
850 1262 853 1264 ,
898 1208 1039 1264 Exin
1067 1207 1257 1262 Paetus
1285 1225 1380 1278 per
1408 1206 1792 1279 Cappadociam

196 1283 512 1352 hibernarit.
577 1283 646 1339 At
663 1282 938 1357 Vologesis
956 1283 1023 1337 ad
1044 1281 1398 1338 Corbulonem
1418 1282 1573 1337 missi
1593 1282 1789 1347 nuntii,

194 1362 482 1413 detraheret
502 1361 717 1413 castella
738 1368 885 1413 trans
902 1359 1222 1426 Euphraten,
1242 1375 1560 1426 amnemque‚
1571 1366 1630 1411 ut
1649 1359 1790 1419 olim,

194 1437 415 1487 medium
431 1438 625 1503 faceret
638 1453 655 1486 .·
685 1431 795 1497 ille,
817 1433 1114 1487 Armeniam
1134 1449 1332 1501 quoque
1351 1436 1572 1486 diversis
1583 1437 1793 1498 praes-a·-

193 1511 297 1563 diis
314 1526 536 1563 vacuam
553 1511 685 1579 fieri,
708 1505 1091 1580 expostulabat.
1169 1505 1238 1561 Et
1254 1513 1522 1577 postremo
1537 1506 1795 1561 concessit

194 1600 317 1638 rex:
359 1582 672 1654 dirutaque,
702 1599 842 1654 quae
868 1581 1177 1653 Euphraten
1207 1581 1346 1637 ultra
1373 1582 1796 1638 communiverat
1855 1624 1861 1629 .

196 1656 445 1723 Corbulo,
470 1664 521 1712 et
539 1658 781 1713 Armenii
800 1658 918 1713 sine
938 1656 1156 1715 arbitrio
1174 1656 1345 1713 relicti
1361 1665 1507 1723 sunt.

309 1776 392 1827 ⁴8.
436 1771 501 1827 At
528 1772 725 1827 Romae
752 1779 959 1845 tropaea
989 1773 1057 1829 de
1083 1773 1290 1829 Parthis
1317 1790 1582 1847 arcusque
1619 1774 1794 1831 medio

197 1846 483 1919 Capitolini
511 1849 707 1903 montis
736 1848 1078 1915 sistebantur,
1109 1849 1314 1905 decreta
1340 1850 1408 1905 ab
1427 1858 1635 1916 senatu,
1657 1850 1794 1905 inte-

166 1924 293 1996 'gro
332 1920 509 1977 adhuc
540 1920 699 1988 bello,
736 1930 915 1995 neque
953 1932 1070 1979 tum
1099 1925 1318 1991 omissa,
1358 1925 1489 1981 dum
1521 1924 1793 1995 adspectui

195 1995 512 2063 consulitur,
534 2004 708 2069 spreta
728 1998 1066 2055 conscientia.
1131 1998 1276 2066 Quin
1293 2006 1364 2066 et,
1387 1998 1793 2054 dissimulandis

196 2090 380 2127 rerum
410 2081 747 2128 externarum
773 2075 939 2140 curis,
970 2074 1109 2130 Nero
1136 2075 1464 2132 frumentum
1485 2073 1678 2146 plebis,
1701 2092 1794 2129 ve·-

194 2155 388 2203 tustate
414 2156 762 2221 conruptum,
792 2150 851 2204 in
880 2149 1117 2205 Tiberim
1148 2150 1288 2217 iecit,
1320 2168 1430 2222 quo
1458 2150 1792 2205 securitatem

195 2240 437 2279 annonae
472 2232 769 2281 ostentaret.
850 2224 1020 2280 Cuius
1056 2226 1224 2297 pretio
1259 2226 1394 2281 nihil
1425 2224 1663 2280 additum
1693 2234 1790 2291 est,

193 2300 449 2371 quamvis
477 2299 729 2355 ducentas
761 2300 927 2355 ferme
954 2317 1120 2356 naves
1149 2308 1302 2373 portu
1327 2302 1384 2354 in
1404 2302 1524 2372 ipso
1549 2299 1792 2357 violentia

194 2376 541 2447 tempestatis,
566 2384 617 2431 et
635 2382 848 2430 centum
867 2374 1019 2441 alias,
1032 2376 1211 2431 Tiberi
1229 2376 1530 2441 subvectas,
1544 2375 1792 2431 fortuitus

194 2450 341 2523 ignis
360 2449 764 2523 absumpsisset.
806 2450 927 2506 Tris
946 2418 1070 2505 dein
1092 2449 1415 2512 consulares,
1437 2450 1498 2505 L.
1517 2417 1788 2515 Pisonem,

168 2520 531 2580 ‘Ducennium
561 2525 871 2593 Geminum,
902 2526 1216 2617 Pompeium
1237 2524 1542 2581 Paullinum
1563 2526 1792 2599 vectiga-

192 2598 345 2655 libus
378 2600 611 2671 publicis
648 2602 973 2675 praeposuit,
1012 2619 1136 2657 cum
1175 2602 1515 2656 insectatione
1552 2602 1792 2672 priorum

190 2676 523 2805 pripcipum,
511 2682 639 2746 ,qui
664 2684 923 2761 gravitate
940 2688 1234 2747 sumptuum
1253 2681 1414 2805 ἱπλειοε
1431 2694 1462 2730 r
1463 2682 1628 2731 editus
1645 2688 1792 2733 aute·

318 2769 484 2807 Acrrus
522 2752 563 2807 1.
1353 2768 1380 2804 a
