2081 3038
1706 167 1734 190 ἱ

265 235 363 289 tto
668 252 675 258 ·
826 235 1296 284 ANNALIUM
1592 227 1660 302 (A.
1683 247 1737 285 n.
1761 240 1863 287 820.

264 343 446 414 ipsum
475 340 686 398 satietas
713 339 958 412 cepisset,
981 337 1318 410 aliorumque
1335 337 1572 394 taedium
1591 348 1868 410 exspecta-

264 435 401 481 rem,
432 415 685 488 quamvis
708 414 959 470 honestos
976 413 1181 468 civium
1201 414 1396 478 exitus,
1419 415 1594 469 tristes
1617 422 1794 469 tamen
1815 422 1868 470 et

264 493 542 548 continuos
582 489 1003 563 aspernantium.
1082 487 1151 543 At
1187 505 1332 545 nunc
1358 487 1609 560 patientia
1628 488 1866 555 servilis,

266 575 581 639 tantumque
600 565 883 640 sanguinis
901 563 1047 620 domi
1067 562 1358 636 perditum,
1381 562 1471 618 fati
1509 573 1600 621 ant
1617 565 1868 620 animum

266 650 319 698 et
336 641 598 698 moestitia
615 641 962 714 restringunt.
1026 639 1216 712 Neque
1233 637 1392 698 aliam
1411 639 1479 694 de
1500 640 1775 696 ensionem
1795 639 1866 695 ab

266 719 355 786 iis,
380 716 583 790 quibus
599 717 701 772 ista
720 722 1021 780 noscentur,
1045 715 1335 802 exegerim,
1359 731 1546 787 quam,
1573 731 1644 770 ne
1657 714 1868 772 oderim

266 802 375 848 tam
404 792 635 866 segniter
658 798 959 863 pereuntes.
1038 789 1120 844 Ira
1149 788 1242 845 ilia
1266 790 1556 846 numinum
1575 791 1636 847 in
1655 805 1742 846 res
1759 791 1868 847 Ro-

268 885 455 924 manas
480 865 601 932 fuit,
643 883 809 938 quam
836 882 942 922 non
950 891 969 930 ,·
1004 871 1064 920 ut
1082 865 1143 920 in
1162 861 1404 920 cladibus
1421 867 1752 922 exercituum
1775 875 1868 922 aut

268 943 567 1015 captivitate
585 941 826 1007 urbium,
850 939 1015 995 semel
1036 939 1232 996 editam
1253 941 1478 996 transire
1497 941 1636 997 licet.
1703 941 1868 996 Detur

268 1019 368 1074 hoc
394 1015 704 1073 inlustrium
726 1016 963 1071 virorum
980 1015 1292 1087 posteritati,
1317 1023 1396 1082 ut,
1428 1016 1694 1090 quomodo
1712 1033 1870 1076 exse—-

269 1093 415 1164 quiis
443 1109 475 1146 a
490 1091 795 1163 promiscua
814 1089 1088 1164 sepultura
1113 1098 1445 1162 separantur,
1469 1093 1560 1157 ita,
1585 1093 1643 1147 in
1653 1091 1870 1148 traditi-

267 1185 369 1224 one
392 1177 787 1238 supremorum,
818 1165 1078 1240 accipiant
1105 1164 1441 1239 habeantque
1459 1168 1730 1240 propriam
1751 1185 1868 1223 me-

270 1243 511 1299 moriam.

379 1318 463 1373 ⁴7.
504 1317 705 1372 Paucos
732 1316 935 1390 quippe
960 1317 1100 1372 intra
1125 1315 1261 1383 dies,
1285 1315 1468 1372 eodem
1498 1318 1732 1392 agmine,
1753 1317 1869 1376 An-

270 1409 434 1449 naeus
460 1390 617 1458 Mela,
656 1389 877 1448 Cerialis
903 1391 1148 1457 Anicius,
1189 1391 1380 1448 Rufius
1408 1391 1690 1465 Crispinus
1717 1411 1782 1450 ac
1799 1394 1862 1450 C.

270 1469 545 1525 Petronius
575 1466 837 1524 cecidere:
879 1466 1014 1525 Mela
1044 1476 1094 1524 et
1113 1467 1416 1541 Crispinus,
1449 1469 1653 1541 equites
1672 1467 1868 1526 Roma-

270 1547 347 1611 ni,
390 1544 645 1619 dignitate
682 1545 968 1602 senatoria:
1011 1562 1138 1600 nam
1165 1544 1256 1600 hic
1274 1544 1544 1618 quondam
1568 1545 1866 1618 praefectus

269 1620 514 1693 praetorii
545 1626 595 1674 et
622 1618 995 1675 consularibus
1014 1617 1322 1693 insignibus
1341 1616 1586 1687 donatus,
1613 1638 1675 1676 ae
1694 1638 1869 1694 nuper

269 1695 493 1751 crimine
531 1694 909 1751 coniurationis
946 1696 1004 1749 in
1043 1693 1343 1751 Sardiniam
1377 1703 1612 1762 exactus,
1655 1708 1872 1769 accepto

268 1772 449 1826 iussae
486 1769 671 1825 mortis
708 1770 914 1835 nuntio,
954 1778 1121 1825 semet
1149 1768 1436 1825 interfecit:
1477 1769 1632 1836 Mela,
1661 1772 1866 1844 quibus

270 1844 444 1901 Gallio
470 1853 522 1900 et
546 1843 763 1911 Seneca,
787 1844 1098 1917 parentibus
1125 1852 1302 1911 natus,
1332 1846 1580 1918 petitione
1598 1846 1864 1903 honorum

270 1920 593 1977 abstinuerat
628 1936 725 1992 per
760 1920 1104 1977 ambitionem
1140 1931 1530 1994 praeposteram
1545 1964 1559 1988 ,
1603 1930 1662 1977 ut
1699 1938 1868 1995 eques

270 1998 541 2053 Romanus
557 1993 928 2051 consularibus
945 1996 1177 2069 potentia
1203 2004 1542 2069 aequaretur;
1585 1997 1750 2053 simul
1771 1999 1866 2054 ad-

269 2071 559 2145 quirendae
578 2070 835 2143 pecuniae
852 2070 1074 2127 brevius
1091 2072 1191 2128 iter
1209 2071 1470 2138 credebat,
1499 2090 1595 2144 per
1613 2090 1867 2145 procura-

270 2150 439 2205 tiones
457 2146 891 2206 administrandis
912 2147 1172 2220 principis
1193 2148 1436 2221 negotiis.
1491 2146 1633 2219 idem
1655 2148 1868 2204 Annae—

270 2241 365 2280 um
392 2224 668 2278 Lucanum
686 2230 959 2295 genuerat,
984 2222 1186 2296 grande
1205 2222 1572 2279 adiumentum
1591 2212 1876 2281 claritudi-'

269 2300 384 2354 nis:
426 2314 535 2370 quo
562 2294 851 2363 interfecto,
884 2298 1013 2355 dum
1047 2314 1159 2353 rem
1188 2296 1503 2353 familiarem
1533 2300 1650 2353 eius
1676 2300 1866 2355 aeriter

270 2373 513 2446 requirit,
542 2371 907 2429 adcusatorem'
936 2373 1166 2429 concivit
1192 2372 1418 2428 Fabium
1447 2374 1768 2440 Romanum,
1797 2392 1867 2430 ex

268 2448 475 2503 intimis
494 2447 696 2503 Lucani
714 2446 923 2503 amicis.
1002 2448 1166 2503 Mixta
1194 2448 1332 2503 inter
1357 2456 1559 2520 patrem
1582 2449 1867 2522 filiumque

269 2522 645 2579 coniurationis
672 2523 893 2579 scientia
922 2522 1161 2597 fingitur,
1191 2523 1536 2579 adsimulatis
1553 2524 1756 2580 Lucani
1777 2524 1867 2580 lit-

270 2597 422 2652 teris:
464 2615 601 2669 quas
631 2599 897 2671 inspectas
916 2600 1055 2654 Nero
1081 2597 1216 2655 ferre
1235 2596 1302 2653 ad
1321 2615 1445 2654 eum
1468 2600 1644 2667 iussit,
1667 2600 1866 2673 opibus

271 2671 387 2724 eius
405 2670 639 2727 inhians.
695 2672 767 2729 At
783 2672 939 2740 Mela,
962 2680 1234 2747 quactum
1260 2675 1656 2746 promptissima
1675 2676 1865 2732 mortis

268 2744 376 2799 ⁴⁴³.
398 2744 623 2804 exsolvit
642 2764 805 2806 venas
820 2748 1078 2827 ascriptis
1096 2748 1374 2817 codicillis,
1387 2750 1588 2825 quibus
1604 2746 1884 2828 grandem
