2081 3038
270 222 365 280 398
706 208 716 223 “
834 227 1306 274 Anxanum
1591 218 1739 293 (nu.
1765 232 1868 276 819.

268 333 398 407 quia
426 332 660 403 speciem
686 329 883 386 iudicis
912 329 1134 384 induere
1168 347 1276 384 non
1302 337 1520 400 poterat,
1552 329 1619 384 ad
1639 330 1754 384 vim
1773 330 1874 384 do-

268 406 577 463 minationis
608 422 921 470 cumen-eus,
962 403 1284 460 Gerelanum
1314 405 1595 459 tribunum
1625 418 1753 459 cum
1779 421 1870 460 00-

268 484 421 538 horte
448 481 684 537 militum
724 480 971 536 inmittit:
1022 479 1279 552 iubetque
1309 484 1616 548 praevenire
1653 489 1871 534 conatus

271 559 512 621 cumulis,-
540 573 797 626 occupare
810 558 953 610 velut
968 571 1144 609 arcem
1161 559 1287 618 eius,
1315 559 1604 624 opprimere
1620 557 1872 610 delectam

270 639 610 688 iuventutem.-
648 633 775 704 quia
794 631 1048 687 Vestinus
1072 630 1392 684 inminentes
1411 628 1521 685 foro
1539 629 1695 684 aedes
1713 628 1870 684 deco-

270 725 438 782 taque
474 709 693 762 servitia
730 715 782 762 et
817 705 935 779 pari
964 713 1132 760 aetate
1157 704 1402 760 habebat.
1481 704 1872 760 Cunctaeodie

271 783 458 839 munia
495 780 731 838 consulis
768 779 1062 853 inpleverat
1097 763 1516 852 conviviumllue
1550 779 1866 842 celebrabat,

270 858 407 915 nihil
448 866 711 922 metuens,
751 874 818 910 an
848 855 1241 912 dissimulando
1267 862 1442 911 metu:
1485 872 1612 912 cum
1637 855 1870 928 ingressi

271 933 489 997 milites,
522 937 703 988 vocari
731 949 845 986 eum
873 951 909 986 a
941 935 1164 994 tribuno,
1195 929 1396 986 dixere.
1477 929 1591 995 Ille,
1619 929 1754 984 nihil
1777 929 1871 985 de-

272 1016 527 1072 moratus,
552 1007 818 1080 exsurgit3
862 1015 912 1061 et
930 1008 1109 1062 omnia
1129 1004 1292 1061 simul
1313 1012 1689 1077 properantur:
1720 1003 1870 1060 clau-

270 1086 415 1140 ditur
443 1081 709 1146 cubiculo,
740 1089 947 1153 praesto
974 1088 1056 1136 est
1081 1080 1343 1145 medicus,
1370 1079 1758 1136 abscinduntur
1778 1097 1871 1134 ve-

273 1177 391 1224 nae,
424 1159 613 1229 vigens
642 1155 818 1212 adhuc
843 1156 1031 1212 balneo
1048 1154 1295 1220 infertur,
1319 1155 1488 1210 calida
1507 1172 1646 1227 aqua
1665 1171 1870 1210 mersa-³

273 1244 376 1298 tur,
402 1232 549 1286 nulla
568 1231 705 1286 edita
728 1248 874 1296 voce,
898 1248 1005 1304 qua
1024 1240 1195 1286 semet
1212 1232 1572 1287 miseraretur.
1623 1229 1871 1286 Circum-

270 1310 377 1363 dati
416 1307 631 1362 interim
669 1306 925 1372 custodia,
968 1307 1067 1378 qui
1107 1305 1272 1361 simul
1309 1305 1706 1370 discubuerant,
1751 1323 1868 1371 nec,

272 1384 379 1438 nisi
418 1391 660 1454 provecta
702 1391 870 1446 nocte,
906 1382 1098 1436 omissi
1128 1390 1274 1446 sunt,
1303 1389 1587 1452 postquam
1616 1394 1870 1454 pavorem·

272 1475 479 1523 eorum,
500 1474 567 1512 ex
587 1474 769 1512 mensa
790 1457 1014 1512 exitium
1040 1456 1453 1530 opperiendum,
1475 1463 1528 1510 et
1545 1455 1872 1530 imaginatus

270 1541 323 1589 et
360 1534 598 1589 inridens
634 1534 792 1598 Nero,
822 1538 955 1589 satia
980 1536 1231 1603 supplicii
1261 1535 1434 1596 luisse,
1463 1532 1560 1596 ait,
1574 1548 1680 1601 pro
1703 1535 1873 1600 epulis

273 1612 647 1665 consularibua.

378 1686 466 1738 70.
506 1683 649 1737 Exin
677 1683 750 1737 M.
778 1682 980 1737 Annaei
1000 1682 1203 1736 Lucani
1232 1681 1442 1737 caedem
1471 1683 1716 1753 imperat.
1795 1683 1869 1747 1³,

272 1758 563 1833 profluente
581 1758 865 1832 sanguine,
896 1756 991 1811 ubi
1008 1755 1292 1831 frigescere
1316 1757 1478 1829 pedes
1500 1774 1806 1829 manusque
1823 1767 1876 1813 et

270 1833 550 1907 paullatim
576 1833 645 1887 ab
673 1834 924 1887 extremis
952 1830 1137 1887 cedere
1165 1833 1438 1902 spiritum,
1467 1831 1672 1887 fervido
1697 1832 1874 1889 adhuc

272 1920 324 1966 et
340 1916 580 1981 compote
600 1909 794 1964 mentis
815 1914 1038 1978 pectore,
1050 1904 1320 1981 intelligit,
1335 1906 1636 1963 recordatus
1655 1921 1872 1965 carmen

272 2006 303 2041 a
334 2002 393 2041 ee
420 1984 797 2057 compositum,
830 1998 939 2054 quo
960 1980 1301 2038 vulneratum
1329 1983 1578 2048 militem,
1606 2000 1702 2054 per
1728 1984 1875 2039 eius-

272 2062 418 2117 modi
451 2061 639 2114 mortis
665 2058 955 2130 imaginem
972 2056 1174 2113 obiisse
1191 2057 1492 2123 tradiderat,
1515 2076 1709 2115 versus
1727 2058 1872 2130 ipsos

274 2134 481 2191 retulit:
516 2152 691 2205 eaque
708 2133 787 2188 illi
816 2149 1068 2203 suprema
1089 2151 1196 2188 vox
1219 2131 1339 2190 fuit.
1418 2133 1634 2189 Senecio
1651 2133 1876 2204 posthac

272 2221 325 2267 et
340 2211 695 2277 Quinctianus
714 2217 767 2263 et
784 2207 1096 2272 ScaevinuS,
1127 2225 1234 2262 non
1254 2225 1326 2262 >ex
1343 2209 1518 2279 priore
1539 2209 1678 2263 vitae
1697 2208 1876 2265 molli-

276 2288 364 2351 tia,
400 2302 525 2340 mox
554 2284 749 2355 reliqui
776 2283 1170 2339 coniuratorum
1199 2283 1422 2354 periere,
1453 2282 1766 2342 nullo-facto
1789 2282 1878 2339 di·-

272 2370 421 2417 ctove
441 2357 800 2413 memorando.
1077 2392 1086 2397 -
1599 2386 1605 2393 ·

380 2437 439 2489 Ἦ
455 2475 469 2489 .
510 2433 615 2488 Sed
632 2432 885 2505 compleri
905 2433 1120 2487 interim
1142 2433 1272 2487 urbs
1293 2432 1593 2499 funeribus,
1622 2434 1880 2505 Capitoli-

275 2526 369 2565 um
395 2510 659 2565 victimis:
719 2508 859 2563 alius
878 2506 1006 2573 filio,
1051 2507 1208 2562 fratre
1227 2507 1386 2573 alius,
1430 2517 1524 2565 aut
1549 2510 1874 2581 propinquo,

274 2591 369 2639 aut
404 2585 575 2639 amico
615 2584 924 2649 interfectio,
963 2599 1120 2655 agere
1147 2592 1322 2656 grates
1350 2582 1486 2649 deis,
1512 2601 1700 2641 ornare
1717 2584 1877 2641 lauru

276 2659 517 2723 domum,
549 2676 722 2731 genua
753 2659 928 2731 ipsius
957 2657 1168 2713 advolvi
1199 2667 1250 2713 et
1275 2658 1515 2715 dextram
1535 2658 1736 2715 osculis
1757 2659 1880 2714 fati-

278 2746 420 2787 ’πυ-ο.
500 2732 677 2805 Atque
694 2733 805 2799 ille,
826 2733 1087 2807 gaudium
1109 2732 1168 2789 id
1183 2734 1423 2800 credens,
1447 2732 1664 2791 Antonii
1673 2733 1880 2789 Natalis
1979 2770 1985 2779 -
