2081 3038
274 239 377 294 246
605 244 664 290 c,
718 242 1162 288 CORNELIUS
1211 240 1550 286 'rAc-I'rus

245 374 254 383 .
272 344 382 392 boni,
398 343 615 392 Nemetes,
634 342 749 383 Ubii.
794 344 857 382 29.
885 343 1064 391 Batavi,
1095 340 1317 382 Cattorum
1341 340 1498 391 proies.
1539 339 1750 382 Mattiaci·
1789 342 1875 383 De-

273 412 464 451 cumates
485 412 591 459 agri.
635 412 701 451 30.
720 412 781 450 31.
806 410 1027 450 Cattorum
1047 412 1179 459 regio,
1209 409 1393 456 habitus,
1415 408 1643 459 disciplina
1660 410 1875 458 milituln

272 482 396 527 vota,
428 480 597 519 virtutis
615 480 849 518 incentiva.
894 480 960 518 32.
980 478 1134 527 Usipii,
1155 478 1366 523 Tencteri,
1388 477 1582 525 equitatu
1599 480 1876 525 praestantes.

272 548 337 587 33.
363 547 668 587 Bructerorum
711 547 853 595 sedes,
902 557 927 585 a
970 545 1200 585 chamavis
1242 548 1286 585 et
1327 543 1597 593 Angrivariis
1633 550 1877 594 occupatae.

272 616 339 655 34.
358 614 597 663 Dulgibini.
636 612 855 653 Chasvari.
900 614 1038 653 Frisii.
1083 615 1148 653 35.
1177 612 1360 659 Chauci,
1387 612 1506 661 pacis
1524 612 1691 659 studio.
1719 614 1880 653 iustitis

273 686 319 721 et
334 684 493 723 vix-tute
513 682 693 721 nobiles.
735 683 798 721 36.
820 682 1027 721 Cherusci
1046 686 1090 720 et
1106 681 1220 727 Fosi,
1240 690 1266 719 a
1284 678 1424 719 Cattis
1439 680 1560 719 victi.
1603 681 1670 720 87.
1689 679 1880 720 Cimbro-

272 761 369 789 rum
400 759 533 800 parva
560 750 733 797 civitae,
770 749 906 797 gloria
940 750 1105 797 ingens.
1159 749 1444 790 Romanorum
1469 746 1629 787 clades.
1683 746 1880 786 Germani

273 816 527 865 triumphati
561 816 699 863 magis
734 826 862 865 quam
894 816 1015 856 victi.
1086 816 1151 855 38.
1189 814 1425 855 suevorum
1459 824 1686 861 numerus,
1727 826 1878 855 mores.

274 888 339 925 39.
360 884 621 924 Semnonum
646 885 819 933 religio,
852 885 1052 923 victimae
1077 884 1304 923 humanae.
1346 882 1412 921 40.
1439 882 1727 931 Langobardi.
1771 883 1880 921 Beu-

275 954 407 1001 digni.
448 950 651 991 Aviones.
697 951 841 1001 Angli.
880 950 1043 991 Varini.
1089 950 1298 989 Eudoses.
1337 949 1590 989 Suardones.
1625 948 1880 989 Nuithones.

274 1022 465 1061 Herthae
485 1020 623 1059 cultus
644 1020 898 1057 communis,
950 1018 1016 1057 41.
1045 1017 1348 1058 Hermunduri.
1387 1018 1464 1063 42.
1493 1017 1671 1057 Narisci.
1715 1017 1880 1057 Marco-

274 1089 434 1127 manni.
472 1084 625 1134 Quadi.
680 1086 744 1124 43.
772 1086 990 1133 Marsigni.
1029 1084 1218 1124 Gothini.
1258 1083 1350 1124 Osi.
1386 1084 1520 1124 Burii.
1555 1084 1793 1133 Lygiornm
1821 1087 1881 1124 ci·

274 1156 445 1199 vitatos,
463 1150 571 1198 Arii,
594 1152 872 1199 Helvecones,
894 1154 1084 1200 Manimi,
1103 1152 1256 1201 Elysii,
1276 1152 1525 1197 Naharvaliz
1553 1153 1704 1191 horum
1725 1164 1882 1192 numen

274 1222 404 1259 Alcis.
444 1218 677 1259 Gethones.
713 1220 851 1269 Rugii.
886 1221 1098 1260 Lemovii.
1142 1222 1205 1259 44.
1227 1219 1423 1267 Suiones,
1443 1220 1653 1259 elassibus
1673 1222 1885 1262 valentes.

273 1290 337 1327 45.
357 1288 474 1327 Mare
492 1288 675 1336 pigrum.
720 1288 895 1338 Acen-1,
924 1290 1071 1328 matris
1091 1289 1218 1327 deum
1237 1288 1442 1334 cultores,
1472 1289 1691 1327 succinum
1717 1289 1885 1337 legunt.

274 1356 495 1396 Sitonibus
513 1356 672 1395 femina
690 1357 884 1405 imperat.
928 1358 993 1396 46.
1020 1351 1216 1403 Peucini,
1236 1355 1423 1402 Venedi,
1443 1354 1588 1403 Penni,
1609 1354 1812 1395 Germani
1832 1369 1884 1396 ar

274 1424 521 1465 Sarmatae?
545 1423 706 1463 Eorum
724 1420 883 1470 feritas,
912 1427 1154 1471 paupertas.
1199 1424 1434 1465 Hominum
1453 1427 1655 1471 monstra,
1681 1422 1885 1464 Heliusii.

278 1493 482 1534 Oxiones.

393 1589 441 1639 4.
475 1576 777 1639 Germania
808 1585 989 1640 omnis
1018 1603 1046 1640 a
1079 1585 1256 1640 Gallis
1285 1585 1620 1658 Rhaetisque
1651 1596 1704 1642 et
1742 1589 1892 1644 Pan·

276 1660 459 1714 noniis
487 1659 678 1714 Rheno
707 1668 759 1714 et
786 1660 1034 1714 Danubio
1059 1655 1406 1726 fluminibuS,
1431 1679 1462 1716 a
1490 1661 1760 1718 Sarmatis
1780 1665 1894 1718 Da-

276 1738 469 1806 cisque
502 1745 692 1790 mutuo
722 1744 868 1789 metu
898 1744 989 1790 aut
1019 1737 1318 1802 montibus,
1345 1747 1649 1810 separatur.
1693 1738 1892 1794 Cetera

276 1811 527 1866 Oceanus
568 1811 768 1875 ambit,
814 1811 947 1864 latos
985 1811 1144 1864 sinus
1188 1820 1241 1866 et
1280 1814 1589 1868 insularum
1630 1815 1894 1870 inmensa

276 1888 453 1958 spatia
486 1887 874 1958 complectenS‚
910 1903 1086 1958 nuper
1113 1888 1350 1960 cognitis
1379 1889 1718 1960 quibusdam
1747 1908 1898 1964 gen-

275 1963 427 2018 tibus
469 1980 531 2016 ac
570 1962 825 2035 regihuS‚
874 1977 1013 2032 quos
1061 1961 1270 2016 bellum
1318 1967 1553 2036 aperuit.
1631 1965 1894 2030 RhenuS,

276 2039 662 2092 Rhaeticarum
690 2037 915 2106 Alpium
948 2038 1228 2093 inaccesso
1261 2057 1324 2094 ac
1349 2041 1642 2112 praecipiti
1677 2044 1899 2096 vertice

275 2123 455 2178 ortuS‚
488 2112 706 2168 modico
746 2111 891 2166 flexu
924 2114 981 2166 in
1012 2113 1371 2169 Occidentem
1400 2133 1623 2180 veram,
1658 2125 1902 2190 septen-

277 2188 496 2243 trionali
528 2188 743 2242 Oceano
778 2189 1058 2242 miscetur.
1129 2191 1444 2256 Danubius,
1497 2192 1648 2246 molli
1680 2201 1738 2247 et
1775 2194 1901 2248 cle-

276 2271 488 2317 menter
524 2263 673 2318 edito
714 2265 915 2318 montis
944 2263 1206 2320 Abnobae
1247 2266 1378 2338 iugo
1409 2266 1645 2331 effusu3‚
1691 2269 1901 2338 piures

276 2337 509 2406 populos
542 2338 677 2401 adit,
702 2338 877 2392 donec
904 2339 961 2392 in
986 2341 1266 2393 Ponticum
1297 2359 1446 2395 mare
1475 2359 1577 2396 sex
1605 2343 1902 2398 meatibus

276 2413 545 2480 erumpit:
580 2414 881 2482 septimum
904 2414 1049 2466 enim
1080 2431 1173 2467 eos
1199 2415 1504 2486 paludibus
1533 2417 1817 2473 hauritur.

386 2488 437 2538 2.
452 2486 605 2555 Ipsos
617 2487 917 2542 Germanos
938 2487 1230 2560 indigenas
1252 2491 1602 2556 crediderim,
1619 2493 1904 2547 minime-

273 2575 383 2625 que
411 2559 643 2613 aliarum
664 2563 914 2633 gentium
936 2561 1268 2617 adventibus
1291 2575 1344 2618 et
1365 2565 1622 2638 hospitiis
1645 2569 1898 2630 mixtos;

274 2632 405 2698 quia
426 2649 529 2685 nec
550 2642 689 2688 terra
712 2637 865 2699 oiim,
890 2635 989 2690 sed
1011 2637 1302 2702 classibuS‚
1329 2640 1770 2707 advehebantur,
1787 2645 1902 2714 qui

276 2710 486 2786 mutare
516 2707 677 2788 sedes
702 2711 1068 2778 quaerebant:
1113 2721 1166 2766 et
1197 2714 1483 2769 inmensus
1512 2717 1676 2781 ultra,
1711 2728 1908 2790 utque

280 2789 359 2826 nc
370 2774 629 2844 dixerim,
645 2781 911 2838 adversus
923 2783 1172 2842 Oceanus
1189 2789 1328 2844 raris
1343 2789 1414 2844 ab
1434 2791 1567 2848 orbe
1585 2802 1777 2849 nostro
1795 2811 1908 2850 na-
