2081 3038
199 222 325 262 mc.
352 205 445 280 15.)
651 217 808 262 mn.
846 216 887 264 1.
928 219 1105 265 CAP.
1147 220 1233 264 oo.
1277 217 1358 266 σι.
1738 213 1804 270 39

192 331 324 370 rum
344 313 510 371 ducit.
590 315 713 388 Ipse
730 317 1008 390 impositas
1028 319 1260 374 navibus
1289 327 1538 392 quattuor
1568 318 1804 396 legiones

196 407 295 462 per
316 389 465 444 lacus
484 391 659 447 vexit:
702 390 977 465 simulque
995 393 1158 466 pedes
1172 436 1186 459 ,
1209 411 1375 467 eques
1389 437 1404 462 ,
1426 395 1636 462 classis,
1660 397 1804 469 apud

196 465 531 536 praedictum
552 483 765 521 amnem
791 484 1103 524 convenere.
1181 467 1413 536 Chauci,
1449 487 1574 527 cum
1601 471 1802 528 auxilia

196 539 597 612 pollicerentur.
618 542 674 596 in
696 541 1073 600 commilitium
1095 542 1281 598 adsciti
1302 554 1448 600 sunt.
1523 545 1804 602 Bructeros

197 631 300 668 sua
327 615 535 670 urentis
564 615 807 687 expedita
835 634 960 672 cum
990 635 1156 674 manu
1188 619 1250 672 L.
1275 616 1585 686 Stertinius,
1627 621 1804 677 missu

200 688 508 744 Germanici
524 731 538 755 ,
564 689 726 746 fudit:
771 692 1017 764 interque
1034 691 1250 748 caedem
1271 700 1323 748 et
1338 693 1590 765 praedam
1609 696 1807 768 reperit

198 763 633 820 undevicesimae
651 763 877 840 legionis
906 765 1176 840 aquilam,
1216 784 1342 824 cum
1361 768 1499 824 Varo
1526 771 1800 826 amissam.

196 839 431 893 Ductum
463 837 588 893 inde
616 857 807 913 agmen
841 840 908 896 ad
943 841 1162 898 ultimos
1188 835 1590 900 Bructeroru’m:
1631 861 1806 917 quan-

197 922 427 985 tumque
447 915 705 969 Amisiam
726 923 779 970 et
797 915 1062 988 Luppiam
1093 934 1277 973 amnes
1307 917 1472 985 inter,
1515 927 1801 986 vastatum,

196 988 347 1044 haud
383 988 567 1060 procul
607 990 1048 1064 Teutoburgiensi
1091 991 1229 1048 saltu
1245 1035 1258 1058 ‚
1299 993 1359 1048 in
1397 1009 1509 1066 quo
1545 991 1804 1066 reliquiae

196 1064 323 1119 Vari
344 1061 726 1137 legionumque
745 1064 1040 1136 insepultae
1058 1065 1386 1124 dicebantur.

312 1140 398 1193 6⁴.
442 1139 610 1211 Igitur
639 1138 834 1210 cupido
853 1137 1131 1195 Caesarem
1157 1141 1392 1208 invadit,
1433 1140 1678 1200 solvendi
1707 1162 1804 1200 su-

196 1229 381 1285 prema
423 1212 688 1268 militibus
725 1212 984 1286 ducique;
1026 1223 1265 1288 permoto
1302 1215 1369 1271 ad
1407 1217 1800 1292 miserationem

196 1288 367 1352 omni,
389 1288 488 1359 qui
507 1286 704 1354 aderat,
727 1289 983 1356 exercitu,
1003 1289 1074 1345 ob
1089 1292 1442 1364 propinquos,
1466 1293 1686 1358 amicos,
1707 1293 1803 1348 de-

199 1364 366 1434 nique
390 1362 461 1417 ob
490 1378 649 1417 casus
675 1361 939 1419 bellorum
968 1373 1021 1419 et
1047 1372 1240 1420 sortem
1263 1365 1564 1422 hominum.
1645 1367 1803 1423 Prae-

202 1437 367 1491 misso
386 1435 632 1503 Caeeina,
654 1445 715 1492 ut
732 1436 931 1494 occulta
954 1437 1189 1496 saltuum
1218 1448 1561 1506 scrutaretur,
1586 1450 1802 1515 pontes-

192 1530 308 1601 gue
334 1519 386 1567 et
414 1529 632 1586 aggeres
657 1511 880 1569 humido
901 1512 1164 1586 paludum
1194 1524 1245 1571 et
1283 1513 1559 1573 fallacibus
1597 1518 1802 1589 campis

199 1594 523 1659 imponeret,
544 1586 797 1643 incedunt
816 1597 1044 1645 moestos
1067 1588 1206 1645 locos
1221 1632 1234 1655 ‚
1266 1590 1501 1662 visuque
1520 1606 1580 1645 ac
1600 1608 1802 1647 memo—

198 1665 277 1717 ria
297 1660 581 1717 deformes.
660 1662 836 1719 Prima
854 1664 979 1719 Vari
1001 1673 1171 1719 castra
1186 1706 1199 1730 ‚
1243 1662 1347 1719 lato
1372 1663 1576 1721 ambitu
1593 1707 1607 1731 ‚
1650 1674 1702 1721 et
1719 1666 1804 1721 di-

200 1737 404 1792 mensis
424 1736 723 1809 principiiS‚
744 1740 909 1793 trium
933 1737 1205 1812 legionum
1227 1756 1420 1813 manus
1439 1741 1797 1797 ostentabant:

198 1810 345 1878 dein,
356 1812 613 1868 semiruto
632 1810 788 1880 vallo,
801 1812 996 1869 humili
1019 1812 1177 1880 fossa,
1191 1814 1391 1871 accisae
1415 1815 1527 1872 iam
1543 1814 1802 1889 reliquiae

200 1886 506 1943 consedisse
523 1886 982 1961 intelligebantur:
1017 1890 1193 1945 medio
1213 1890 1388 1961 campi
1409 1888 1635 1945 albentia
1656 1908 1798 1955 ossa,

201 1970 262 2016 ut
280 1960 555 2036 fugerant,
575 1970 637 2017 ut
652 1964 976 2029 restiterant,
1005 1963 1223 2019 disiecta
1245 1964 1327 2021 vel
1349 1972 1611 2039 aggerata.
1692 1964 1803 2019 Ad-

199 2036 441 2092 iacebant
459 2034 721 2111 fragmina
744 2037 966 2094 telorum
984 2080 998 2103 ,
1036 2048 1410 2113 equorumque
1429 2047 1577 2095 artus
1591 2081 1605 2104 ‚
1634 2039 1799 2094 simul

201 2112 405 2167 truncis
422 2111 673 2167 arborum
694 2112 917 2169 antefixa
938 2131 1058 2169 ora:
1110 2113 1246 2169 lucis
1270 2113 1592 2185 propinquis
1612 2113 1824 2185 barbaff

200 2204 288 2242 rae
325 2202 475 2253 arae,
517 2187 661 2259 apud
688 2205 824 2260 quas
854 2186 1096 2243 tribunos
1124 2206 1186 2243 ae
1211 2190 1509 2260 primorum
1548 2186 1801 2243 ordinum

200 2260 534 2317 centuriones
566 2270 936 2318 mactaverant.
1018 2263 1088 2317 Et
1114 2262 1280 2325 cladis
1309 2263 1427 2319 eius
1464 2262 1798 2335 superstites,

198 2353 437 2409 pugnam
461 2344 552 2391 aut
572 2335 785 2391 vincula
807 2336 993 2408 elapsi,
1017 2336 1338 2404 referebant,
1363 2340 1446 2393 hic
1465 2341 1709 2393 cecidisse
1727 2339 1802 2391 le-

198 2420 374 2483 yatos;
394 2413 509 2465 illic
528 2418 712 2480 raptus
728 2414 938 2483 aquilas
946 2432 966 2479 ,·
982 2417 1210 2479 primum
1231 2416 1320 2467 ubi
1337 2415 1526 2469 vulnus
1551 2412 1688 2466 Varo
1707 2416 1804 2466 ad-

198 2495 403 2551 actum5
444 2488 536 2539 ubi
562 2479 761 2556 infelici
777 2490 968 2541 dextra
986 2496 1035 2541 et
1052 2504 1147 2541 suo
1165 2492 1271 2542 ictu
1291 2496 1503 2542 mortem
1521 2490 1801 2551 invenerit,-

199 2576 301 2631 quo
330 2560 585 2615 tribunali
613 2565 944 2615 concionatus
964 2562 1256 2626 Arminius,
1297 2570 1418 2631 quot
1441 2562 1684 2629 patibula
1710 2577 1803 2615 ea-

194 2639 380 2703 plicis,
423 2652 556 2703 quae
583 2638 812 2707 scrobes;
850 2644 1009 2705 utque
1034 2639 1198 2705 siquis
1225 2644 1273 2689 et
1299 2637 1494 2703 aquilis
1504 2651 1602 2702 per
1618 2650 1805 2705 super-

182 2711 338 2763 ·biam
354 2711 619 2763 inluserit.
