2081 3038
232 221 286 262 A.
312 224 361 262 c.
386 205 483 279 24.)
648 216 690 259 L
710 215 734 259 1
754 216 808 260 Β.
844 214 940 260 1v.
982 215 1023 259 c
1043 215 1086 260 A
1107 215 1161 261 P.
1205 213 1444 261 29-31,
1753 208 1840 261 164
1871 221 1886 237 ·

234 331 395 370 aures
414 315 681 388 superbas
700 323 751 384 et
768 315 1049 372 offensioni
1068 315 1361 387 proniores.
1425 315 1503 371 Ea
1524 315 1718 372 Caesar
1735 323 1853 372 octo

233 397 355 461 post
372 405 545 446 annos
566 391 774 457 retulit,
806 391 1048 446 m'edium
1066 398 1280 463 tempus
1312 392 1456 445 varie
1473 408 1732 465 arguens3
1773 401 1854 446 et-

234 465 395 520 iamsi
416 473 679 522 tormenta
698 467 997 538 pervicacia
1017 479 1298 522 servorum
1317 473 1496 522 contra
1525 466 1847 522 evenissent.

349 543 435 595 30.
476 541 647 596 Dictis
665 541 789 596 dein
810 541 1110 606 sententiis,
1123 549 1183 595 ut
1191 539 1420 599 serm„
1435 557 1576 595 more
1595 547 1853 597 maiorum

232 621 543 684 puniatur,
564 634 678 689 quo
694 616 927 672 molliret
942 615 1207 672 invidiam
1221 658 1236 682 ‚
1267 616 1584 672 intercessit.
1607 665 1612 668 .
1664 615 1854 671 Gallus

234 689 465 746 Asinius
513 691 697 761 Gyaro
713 701 809 747 aue
824 693 1046 748 Donusa
1063 694 1408 748 claudendum
1446 707 1572 746 cum
1595 701 1852 758 censeret,

236 765 297 820 id
328 782 557 839 quoque
590 769 908 838 aspernatus
944 774 1054 833 est,
1105 783 1328 840 egenam
1355 781 1540 840 ¹aquae
1571 773 1856 839 utramque

234 839 479 897 insulam
498 839 735 897 referens
750 883 763 908 ,
796 841 1113 916 dandosque
1129 843 1270 898 vitae
1287 858 1424 900 usus
1437 883 1450 907 ‚
1483 843 1572 897 cui
1600 841 1712 897 vita
1727 843 1860 896 co'n-

236 915 534 973 cederem.
586 917 663 972 Its·
681 916 915 973 Serenus
934 917 1232 992 Amorgum
1252 923 1566 990 tepor-tumr.
1615 917 1704 984 Et,
1727 918 1855 990 quia

238 989 513 1048 Cornutus
532 1009 634 1047 sua
650 1010 821 1049 manu
840 992 1120 1058 ceciderat,
1139 1000 1318 1054 actum
1337 991 1405 1048 (le
1423 993 1679 1064 praemiis
1699 1009 1858 1048 accu-

237 1062 480 1126 satorum
498 1066 775 1124 abolendis
790 1110 805 1134 ‚
833 1069 881 1124 si
902 1069 1031 1142 quis
1058 1067 1350 1123 maiestatis
1373 1067 1705 1141 postulatus,
1737 1076 1859 1124 ante

237 1141 539 1216 perfeetum
558 1143 825 1200 iudicium
838 1185 854 1210 ‚
883 1144 1082 1216 seipse
1101 1143 1211 1198 vita
1229 1141 1570 1215 privavisset.
1651 1143 1858 1200 Ibatur-

238 1235 351 1292 que
373 1219 437 1274 in
462 1235 584 1274 eam
612 1219 932 1274 sententiam
946 1259 963 1286 ,
992 1219 1053 1274 ni
1080 1217 1276 1274 durius
1289 1258 1304 1284 ‚
1335 1228 1624 1292 contraque
1653 1235 1854 1276 morem

238 1311 407 1350 suum
422 1333 439 1360 .
459 1293 643 1368 pelam
661 1311 761 1368 pro
779 1293 1208 1361 accusatoribus,
1231 1291 1424 1350 Caesar
1439 1335 1453 1360 ,
1483 1300 1677 1350 inritas
1706 1297 1856 1364 loyes,

238 1387 403 1440 rem.
413 1373 785 1440 inpmecipits‘,
796 1375 1125 1444 conquestus
1141 1377 1307 1426 esset:
1318 1371 1672 1425 subverterent
1685 1373 1862 1438 potius

240 1449 394 1509 iura,
426 1461 587 1515 quam
615 1449 850 1504 custodes
876 1463 1055 1502 eorum
1079 1453 1391 1501 amoverem
1469 1443 1560 1499 Sic
1581 1443 1857 1508 delator-ee,

240 1538 421 1596 genus
457 1521 743 1595 hominum
782 1519 1003 1595 publico
1046 1522 1210 1578 exitio
1246 1528 1519 1595 repertum
1533 1562 1548 1586 ,
1589 1527 1640 1575 et
1675 1522 1862 1592 poenis

240 1595 471 1727 fflffiom
499 1614 785 1670 nunquam
810 1598 945 1653 satis
970 1598 1260 1654 coercitum
1276 1637 1290 1663 ‚
1312 1612 1410 1669 per
1426 1596 1665 1669 praemia
1685 1595 1861 1651 elicie-

312 1680 461 1729 ntur.

356 1750 415 1803 3⁴
432 1788 447 1803 .
491 1748 591 1803 His
606 1754 719 1803 tam
737 1746 981 1805 adsiduis
1001 1756 1222 1822 tamque
1239 1748 1458 1805 maestis
1475 1746 1684 1803 modica
1712 1746 1863 1802 laeti-

244 1824 315 1879 tia
334 1823 680 1889 interficitur,
702 1822 850 1895 quod
867 1823 929 1881 C.
952 1822 1264 1883 Cominium
1283 1823 1519 1897 equitem
1536 1823 1836 1880 Romanum
1847 1864 1860 1887 ,

244 1898 493 1972 probrosi
520 1900 583 1954 in
610 1914 669 1953 se
704 1899 963 1955 carminis
1000 1899 1308 1955 convictum
1323 1938 1338 1965 ,
1383 1898 1574 1955 Caesar
1612 1899 1864 1970 precibus

244 1974 447 2041 fratris,
469 1974 571 2047 qui
590 1981 800 2030 senator
818 1982 947 2042 erat,
968 1974 1250 2031 concessit.
1326 1973 1446 2040 Quo·
1467 1974 1642 2047 magis
1661 1973 1864 2027 mirum

246 2049 568 2114 habebatur,
578 2066 811 2124 gnarum
828 2050 1116 2107 meliorum
1137 2058 1190 2105 et
1205 2066 1346 2123 quae
1365 2048 1508 2105 fama
1527 2048 1863 2104 clementiam

244 2132 589 2199 sequeretur,
611 2124 842 2181 tristiora
861 2124 1042 2181 melle.
1109 2126 1300 2199 Neque
1319 2125 1465 2179 enim
1485 2122 1724 2179 socordia
1742 2139 1866 2194 pec-

246 2201 427 2269 cabat3
470 2217 573 2255 nec
596 2199 867 2256 occultum
894 2208 1002 2268 est,
1032 2200 1250 2273 quando
1277 2216 1346 2255 ex
1373 2200 1594 2256 veritate
1607 2241 1622 2266 ,
1651 2198 1868 2271 quando

249 2276 569 2333 adumbrata
614 2274 811 2331 laetitia
825 2318 839 2342 ,
899 2275 1033 2331 facta
1081 2277 1464 2351 imperatorum
1512 2273 1865 2331 celebrentur.

248 2351 395 2419 Quin
413 2352 537 2424 ipse
550 2390 566 2416 ‚
598 2353 929 2425 compositus
947 2351 1082 2407 elias
1094 2392 1111 2420 ‚
1139 2358 1194 2407 et
1211 2351 1361 2407 v‘elut
1375 2350 1728 2407 eluctantium
1747 2366 1868 2404 ver-

249 2428 443 2485 borum
460 2468 475 2492 ‚
505 2425 741 2483 solutius
764 2428 1177 2501 promptiusque
1203 2424 1582 2499 eloquebatur.
1620 2426 1870 2498 quotiens

252 2502 587 2559 subveniret.
634 2500 709 2557 At
722 2503 785 2559 P.
804 2501 1064 2569 sanium,
1083 2508 1424 2576 quaestorem
1440 2500 1716 2573 quondam
1736 2498 1872 2556 Ger-

255 2578 451 2633 manici
464 2618 481 2642 ‚
514 2594 645 2633 cum
662 2576 812 2648 Italia
830 2584 1129 2645 arceretur,
1159 2574 1438 2633 convictus
1453 2612 1468 2641 ,
1497 2576 1783 2647 pecuniam
1803 2574 1873 2629 ob

256 2670 367 2709 rem
386 2650 737 2709 iudicandam
755 2654 963 2725 cepi-sse
976 2694 992 2719 ‚
1026 2649 1388 2708 amovendum
1413 2650 1472 2704 in
1491 2649 1727 2705 insulam
1749 2666 1876 2704 een-

258 2729 383 2792 suit,
396 2736 545 2785 tanta
562 2730 894 2785 contentione
910 2728 1102 2793 animi,
1117 2734 1181 2783 ut
1196 2732 1248 2781 et
1259 2723 1486 2853 iux-ango
1501 2725 1875 2798 obstringeret.

336 2804 553 2859 'rimus
590 2804 635 2858 1.
