2081 3038
174 247 227 291 ι.
247 248 298 289 c.
318 230 415 305 τὀ.)
589 238 750 287 mn.
784 240 856 288 11.
898 234 938 288 c
957 242 1077 291 ΑΡ,
1119 244 1358 291 94-96.
1677 238 1766 294 m

174 342 487 399 donativum
508 348 559 395 et
577 340 761 396 deesse
777 344 1060 414 pecuniam
1110 344 1288 398 omnia
1307 343 1408 400 alia
1425 346 1586 403 militi
1611 342 1774 422 largi-

176 417 380 479 ebatur.
458 416 659 472 Liberti
688 418 995 489 principum
1027 436 1055 471 c
1121 424 1260 487 serre
1273 436 1374 486 pro
1391 438 1604 476 numero
1622 440 1774 478 man-

178 495 449 560 cipiorum,
470 498 531 545 ut
549 490 831 557 tributum,
854 493 1012 547 iussi.
1055 493 1194 563 lpse,
1217 492 1327 547 sola
1417 496 1601 551 rdendi
1621 515 1768 562 cura,

178 564 385 620 stabula
424 566 627 638 aurigis
664 574 965 623 exstruere:
1024 568 1230 621 circum
1257 567 1343 639 gla
1385 569 1608 624 iatorum
1639 570 1771 625 fera-

175 656 409 711 rumque
454 640 772 711 spectaculis
816 642 1059 713 opplere:
1129 649 1402 714 tamquam
1449 646 1508 697 in
1560 662 1772 699 summa

176 714 520 779 abundantia,
542 716 799 786 pecuniae
817 716 1078 772 inludere.

285 792 371 843 95.
412 786 556 854 Quin
596 796 647 843 et
686 788 913 845 natalem
939 790 1138 845 Vitellii
1167 790 1310 845 diem
1341 790 1563 849 Caecina
1589 808 1652 845 ac
1668 791 1773 847 Va-

176 862 313 929 lens,
334 862 491 917 editis
510 870 611 919 tota
632 864 765 919 urbe
784 865 998 920 vicatim
1017 864 1401 939 gladiatoribus
1421 865 1770 932 celebravere,

174 937 379 1011 ingenti
416 947 601 1009 paratu
640 947 690 993 et
725 948 845 993 ante
880 940 1037 995 illum
1069 940 1212 995 diem
1240 940 1469 996 insolito.
1547 942 1771 997 Laetum

176 1012 483 1069 foedissimo
508 1014 723 1085 cuique,
756 1014 899 1085 apud
925 1014 1089 1071 bonos
1111 1015 1344 1070 invidiae
1371 1014 1488 1080 fuit,
1511 1016 1658 1087 quod
1679 1034 1773 1071 ex-

174 1090 390 1143 structis
419 1090 474 1143 in
504 1106 693 1160 campo
710 1088 897 1145 Martio
916 1090 1044 1155 arie,
1085 1088 1304 1145 inferias
1324 1090 1519 1145 Neroni
1540 1090 1767 1146 fecisset.

176 1162 367 1219 Caesae
384 1161 598 1234 publice
622 1165 863 1219 victimae
880 1173 1272 1237 cremataeque:
1315 1163 1482 1220 facem
1500 1166 1771 1240 Augusta-

174 1236 251 1292 les
270 1238 583 1293 subdidere:
634 1238 780 1310 quod
816 1239 1186 1304 sacerdotium,
1235 1246 1298 1294 ut
1332 1240 1594 1296 Romulus
1623 1242 1771 1297 Tatio
1851 1308 1855 1311 ‚

172 1314 306 1386 regi,
340 1313 409 1367 ita
437 1312 629 1367 Caesar
658 1313 903 1367 Tiberius
931 1311 1098 1367 Iuliae
1121 1315 1266 1386 genti
1301 1316 1545 1372 sacravit.
1624 1317 1770 1372 Non-

170 1387 303 1442 dum
323 1395 548 1458 quartus
566 1403 598 1440 a
619 1387 835 1443 victoria
862 1388 1084 1450 mensi5‚
1113 1395 1164 1440 et
1187 1386 1409 1441 libertus
1427 1388 1628 1443 Vitellii
1648 1392 1770 1445 Asi-

172 1463 341 1516 aticus
368 1458 680 1534 Polycletos‚
710 1460 979 1515 Patrobios
1012 1468 1066 1514 et
1081 1468 1256 1516 vetera
1285 1460 1528 1517 odiorum
1553 1466 1768 1519 nomina

170 1534 452 1607 aequabat.
531 1535 700 1589 Nemo
735 1537 794 1589 in
832 1533 925 1588 illa
954 1533 1076 1588 aula
1105 1534 1362 1605 probitate
1389 1546 1480 1590 aut
1507 1537 1770 1596 industria

170 1609 417 1666 certavit:
459 1625 633 1664 unum
666 1610 734 1665 ad
771 1609 1059 1682 potentiam
1101 1610 1216 1674 iter,
1256 1609 1495 1684 prodigis
1526 1613 1700 1682 epulis
1721 1623 1772 1668 et

172 1693 395 1756 sumptu
414 1700 689 1757 ganeaque
708 1685 899 1738 satiare
916 1683 1266 1755 inexplebiles
1276 1685 1473 1740 Vitellii
1493 1687 1763 1743 libidines,

170 1761 292 1832 Ipse
322 1757 538 1813 abunde
565 1768 731 1824 ratus,
760 1758 810 1814 si
834 1759 1204 1832 praesentibus
1234 1759 1523 1830 frueretur3
1586 1780 1684 1816 nec
1710 1765 1768 1818 in

171 1833 386 1907 longius
409 1833 735 1899 consultans,
763 1835 947 1890 novies
966 1834 1163 1890 millies
1183 1837 1484 1890 sestertium
1506 1839 1770 1906 paucissi-

169 1910 277 1964 mis
298 1907 575 1963 mensibus
595 1908 953 1964 intervertisse
970 1909 1218 1964 creditur.
1294 1911 1484 1984 Magna
1505 1919 1554 1964 et
1573 1913 1768 1966 misera

117 1987 120 1990 ’
168 1983 378 2049 civitas,
402 1983 584 2038 eodem
604 2001 743 2039 anno
762 1983 1416 2058 OthonemVitelliumque
1435 2003 1612 2057 passa,
1631 1986 1768 2042 inter

168 2059 375 2124 Vinios,
396 2059 607 2124 Fabios,
631 2059 811 2124 Icelos,
838 2060 1114 2123 Asiaticos,
1129 2062 1280 2124 varia*
1293 2069 1344 2115 et
1359 2059 1608 2132 pudenda
1629 2070 1768 2116 sorte

165 2135 381 2208 agebat3
440 2133 606 2189 donec
650 2135 1271 2190 successere-Mucianus
1309 2136 1362 2191 et
1395 2135 1679 2192 Marcellus
1717 2145 1768 2191 et

166 2210 341 2282 magis
362 2207 454 2264 alii
474 2209 739 2275 homineS‚
761 2225 925 2281 quam
948 2207 1042 2262 alii
1064 2227 1256 2265 mores,

274 2285 361 2338 96.
402 2284 579 2338 Prima
605 2284 817 2340 Vitellio
843 2285 1024 2338 tertiae
1055 2283 1278 2358 legionis
1303 2285 1524 2341 desectio
1551 2289 1765 2342 nuntia-

166 2367 273 2424 tur,
296 2359 481 2413 missis
501 2359 569 2412 ab
588 2358 795 2430 Aponio
812 2359 1100 2414 Saturnino
1122 2359 1378 2430 epistolis,
1401 2370 1690 2432 antequam
1717 2363 1765 2416 is

160 2449 383 2505 quoque
398 2433 713 2504 Vespasiani
732 2434 975 2506 partibus
992 2433 1384 2508 adgregaretur.
1463 2434 1568 2491 Sed
1589 2453 1764 2508 neque

161 2509 407 2578 Aponius
434 2516 643 2573 cuncta,
676 2518 735 2563 ut
762 2507 1031 2580 trepidans
1061 2527 1120 2563 re
1143 2510 1339 2575 subita,
1362 2511 1760 2581 perscripserat,

161 2591 212 2636 et
240 2583 402 2636 amici
430 2581 705 2638 adulantes
724 2583 943 2639 mollius
967 2584 1472 2656 interpretabantur:
1514 2590 1670 2639 unius
1690 2590 1764 2639 le-

157 2661 331 2726 qiom‘s
360 2675 472 2711 eam
498 2663 793 2714 seditionem
802 2680 823 2729 ‚·
869 2663 1053 2714 ceteris
1091 2662 1406 2714 exercitibus
1435 2669 1672 2714 constare
1697 2665 1763 2730 fi·-

156 2735 290 2785 darn.
369 2731 431 2785 In
466 2731 613 2787 hunc
650 2734 867 2790 modum
904 2736 1065 2790 etiam
1096 2734 1346 2791 Vitellius
1383 2734 1528 2806 apud
1563 2735 1760 2791 milites
