2081 3038
265 228 362 279 488
824 201 1301 279 mmmmm
1598 225 1872 298 (amasi.

245 389 250 396 ,
371 333 457 388 74.
501 331 719 389 Clarum
749 332 874 389 inde
902 335 1040 390 inter
1061 333 1355 389 Germanos
1376 333 1613 390 Frisium
1642 351 1870 404 nomen3

263 407 638 484 dissimulante
666 409 880 464 Tiberio
905 409 1102 486 damna
1117 450 1131 475 ,
1163 425 1232 464 ne
1258 407 1349 465 cui
1373 408 1578 466 bellum
1598 412 1875 490 permitte-

261 494 360 540 ret.
440 485 628 556 Neque
655 492 872 540 senatus
901 485 958 540 in
983 501 1046 540 eo
1078 501 1234 550 cura,
1272 503 1343 540 an
1383 485 1598 558 imperii
1637 493 1876 543 extrema

261 560 756 616 dehonestarentur:
801 577 965 632 pavor
992 560 1237 616 internus
1266 569 1615 633 occupaverat
1642 560 1873 630 animos,

263 637 351 691 cui
372 633 672 693 remedium
693 635 994 692 adulatione
1012 635 1385 708 quaerebatur.
1428 637 1523 703 Ita,
1576 654 1876 712 uamquam

262 711 492 770 diversis
520 729 682 784 super
711 711 873 766 rebus
901 709 1303 767 consulerentur
1317 753 1332 778 ,
1360 729 1508 776 aram
1527 711 1567 770 C
1591 713 1873 779 ementiae,

264 805 412 854 aram
433 785 740 852 Amicitiae,
772 785 1087 861 effigiesque
1114 785 1319 842 circum
1340 786 1581 844 Caesaris
1610 805 1672 844 ac
1694 787 1874 844 Seiani

263 878 546 938 censuere:
593 861 905 935 crebrisque
943 862 1197 934 precibus
1235 861 1621 938 efflagitabant,
1662 863 1876 921 visendi

265 940 353 995 sui
390 939 620 1010 copiam·
639 937 886 993 facerent.
966 937 1086 994 Non
1115 937 1194 992 illi
1222 945 1401 994 tamen
1430 939 1488 994 in
1516 938 1739 1005 urbem,
1782 947 1879 996 aut

262 1014 566 1086 propinqua
601 1013 720 1068 urbi
748 1011 987 1101 degressi
1019 1019 1177 1070 sunt:
1216 1013 1347 1072 satis
1382 1013 1594 1080 visum,
1634 1016 1879 1072 omittere

265 1089 522 1156 insulam,
545 1089 672 1145 etin
688 1105 935 1162 proxime
956 1087 1279 1162 Campaniae
1299 1087 1523 1162 adspici.
1592 1090 1672 1147 Eo
1690 1091 1879 1147 venire

265 1172 460 1238 patres,
477 1181 672 1238 eques,
695 1181 888 1238 magna
908 1181 1033 1237 pars
1052 1163 1229 1236 plebis
1243 1207 1256 1231 ,
1282 1164 1430 1222 anxii
1450 1181 1574 1297 erza
1594 1165 1874 1232 Seianum,

266 1241 422 1296 cuius
450 1239 632 1308 durior
660 1256 1008 1314 congressuS,
1040 1248 1201 1314 atque
1230 1258 1291 1296 eo
1316 1257 1412 1312 per
1432 1258 1520 1296 am
1559 1242 1697 1297 itum
1717 1249 1769 1297 et
1788 1258 1881 1299 so·-

267 1317 450 1371 cietate
470 1313 814 1371 consiliorum
835 1314 1140 1388 parabatur.
1191 1315 1329 1372 Satis
1350 1316 1641 1384 constabat,
1664 1325 1875 1374 auctam

266 1392 314 1445 ei
344 1389 706 1466 adrogantiam
723 1431 737 1456 ,
777 1387 992 1456 foedum
1025 1389 1164 1447 illud
1190 1393 1247 1447 in
1274 1389 1554 1464 propatulo
1592 1393 1877 1450 servitium

243 1467 540 1539 spectanti.
593 1464 808 1540 Quippe
824 1465 1022 1524 Romae
1040 1466 1177 1524 sueti
1200 1467 1508 1538 discursus3
1534 1476 1584 1525 et
1604 1469 1879 1545 magnitu-

266 1544 392 1599 dine
419 1542 571 1599 urbis
599 1542 862 1598 incertum
879 1585 892 1607 ,
926 1542 1073 1616 quod
1100 1544 1337 1616 quisque
1364 1542 1431 1599 ad
1460 1544 1734 1619 negotium
1750 1562 1879 1617 per-

265 1626 381 1695 gat:
421 1619 528 1685 ibi,
571 1635 760 1689 campo
787 1626 878 1673 aut
910 1617 1060 1674 litore
1088 1619 1318 1675 iacentes
1348 1618 1499 1675 nullo
1538 1620 1873 1686 discrimine,

269 1700 474 1749 noctem
503 1710 565 1748 ac
591 1693 764 1758 diem,
807 1694 954 1748 iuxta
981 1695 1207 1767 gratiam
1248 1701 1339 1750 aut
1376 1694 1545 1753 fastus
1584 1696 1875 1751 ianitorum

265 1768 721 1858 perpetiebantur:
745 1767 913 1824 donec
931 1767 988 1824 id
1007 1786 1227 1842 quoque
1254 1771 1499 1827 vetitum.
1540 1770 1607 1825 Et
1625 1788 1879 1827 revenere

265 1863 325 1900 ιη
344 1842 533 1899 urbem
554 1842 766 1922 trepidi,
780 1861 917 1918 quos
939 1863 1043 1901 non
1064 1850 1327 1912 sermone,
1351 1864 1456 1902 non
1478 1846 1602 1905 visu
1623 1846 1877 1921 dignatus

268 1927 405 1975 erat:
443 1919 828 1993 quidammale
848 1920 1070 1986 alacres,
1105 1920 1310 1994 quibus
1332 1921 1593 1978 infaustae
1612 1921 1879 1979 amicitiae

265 1994 448 2070 gravis
468 1996 642 2051 exitus
661 1996 996 2053 imminebat.

265 2143 273 2149 Ι
375 2072 463 2126 75.
503 2070 750 2127 Ceterum
777 2072 1024 2127 Tiberius
1065 2078 1276 2144 neptem
1317 2070 1669 2147 Agrippinam
1685 2115 1698 2139 ,
1742 2074 1879 2131 Ger·-

268 2146 477 2202 manico
495 2152 662 2201 ortam
678 2187 692 2212 ,
724 2163 850 2203 cum
875 2164 1053 2203 coram
1075 2146 1175 2203 Cn.
1196 2148 1425 2203 Domitio
1454 2148 1785 2215 tradidisset,
1816 2150 1876 2205 in

267 2222 402 2279 urbe
420 2220 672 2277 celebrari
693 2223 907 2296 nuptias
929 2222 1106 2278 iussit.
1187 2224 1248 2279 In
1270 2222 1515 2289 Domitio,
1539 2240 1703 2296 super
1723 2231 1879 2280 vetu-

237 2368 244 2373 ·
267 2304 455 2352 statem
489 2296 730 2371 generis,
777 2299 1146 2371 propinquum
1188 2298 1506 2356 Caesaribus
1553 2300 1877 2375 sanguinem

266 2371 547 2447 delegerat.
626 2370 763 2427 Nam
791 2373 840 2427 is
873 2373 1049 2429 aviam
1079 2372 1381 2440 Octaviam,
1415 2382 1465 2429 et
1488 2390 1587 2447 per
1615 2393 1731 2432 eam
1762 2374 1879 2437 Au-

266 2456 488 2523 gustum
509 2446 838 2505 avunculum
859 2446 1205 2525 praeferebat.

855 2684 1288 2714 ”w-
