2081 3038
239 187 485 262 mesto.)
634 196 799 243 mn.
836 195 949 244 111.
990 197 1169 244 cAr.
1211 197 1296 246 82.
1339 197 1425 246 aa.
1742 192 1841 247 135

243 307 350 353 ter:
391 295 458 352 de
477 294 735 359 Cremona
766 298 823 352 in
851 305 1125 353 neutrum.
1201 298 1502 364 Exercitus,
1532 306 1736 370 praeter
1756 300 1844 355 in-

241 374 401 429 sitam
438 372 729 444 praedandi
766 372 1097 444 cupidinem,
1129 381 1304 428 vetere
1330 372 1452 428 odio
1478 374 1544 429 ad
1572 375 1842 429 excidium

244 447 685 505 Cremonensium
723 447 991 503 incubuit.
1070 447 1280 503 luvisse
1302 458 1478 519 partes
1510 449 1840 515 Vitellianas,

244 522 466 579 Othonis
487 521 882 595 quoquebello,
905 522 1286 579 credebantur:
1317 540 1444 578 mox
1461 524 1844 579 tertiadecima-

244 616 363 664 nos,
393 597 463 653 ad
488 597 875 655 exstruendum
900 597 1356 670 amphitheatrum
1383 598 1612 663 relictos,
1633 608 1694 653 ut
1717 608 1846 654 sunt

243 672 482 745 procacia
520 673 757 729 urbanae
780 672 953 744 plebis
982 674 1222 747 ingenia,
1261 671 1625 745 petulantibus
1651 674 1844 746 iurgiis

243 746 555 803 inluserunt.
615 747 783 803 Auxit
800 748 1066 805 invidiam
1084 749 1288 805 editum
1308 747 1422 803 illic
1438 765 1466 802 a
1487 748 1708 803 Caecina
1771 747 1846 801 la-

243 822 507 877 diatorum
532 821 923 894 spectaculum:
966 823 1264 895 eademque
1289 840 1484 879 rursus
1512 820 1638 877 belli
1755 840 1841 877 es:

244 904 297 951 et
325 895 549 968 praebiti
578 898 637 953 in
654 898 769 956 acie
784 897 1086 957 Vitellianis
1105 898 1242 954 cibi:
1283 914 1466 954 eaesae
1483 897 1745 969 quaedam
1770 896 1846 951 fe—

246 972 443 1037 minae,
456 972 633 1029 studio
650 974 884 1045 partium
904 973 973 1029 ad
991 973 1256 1045 pmelium
1277 988 1606 1047 progressae.
1687 972 1846 1027 Tem-

244 1064 349 1118 pus
369 1065 585 1120 quoque
605 1058 867 1107 mercatus
886 1049 1056 1105 ditem
1071 1048 1275 1121 alioqui
1297 1049 1556 1105 coloniam
1579 1050 1844 1103 maiorum

245 1139 411 1194 opum
461 1125 638 1195 specie
682 1141 799 1179 com
840 1122 999 1179 lebat.
1080 1123 1250 1180 Ceteri
1289 1124 1452 1180 duces
1491 1124 1548 1178 in
1586 1124 1814 1178 obscuro
1832 1161 1844 1174 .

244 1195 537 1253 Antonium
558 1198 766 1255 fortuna
808 1214 1038 1271 emaque
1055 1201 1298 1255 omnium
1319 1198 1489 1256 oculis
1508 1207 1847 1270 exposuerat:

246 1272 297 1327 Is
318 1271 535 1327 balneas
554 1273 818 1328 abluendo
834 1274 1011 1329 cruori
1030 1288 1254 1345 propere
1273 1278 1420 1344 petit.
1487 1274 1718 1345 Excepta
1739 1287 1850 1329 vox

244 1356 347 1413 est,
374 1364 499 1403 cum
527 1355 763 1419 teporem
789 1348 1080 1411 incusaret,
1113 1353 1293 1403 atatim
1319 1354 1552 1417 [uturum
1571 1358 1628 1401 ut
1648 1353 1848 1402 incale-

242 1430 459 1477 scerent.
537 1419 749 1476 Vernile
766 1421 971 1477 dietum
990 1437 1206 1475 omnem
1226 1420 1484 1475 invidiam
1506 1422 1564 1475 in
1581 1438 1706 1477 eum
1729 1438 1848 1475 ver-

248 1495 328 1561 tit,
352 1502 627 1569 tamquam
654 1496 873 1568 signum
898 1494 1262 1552 incendendae
1281 1494 1570 1550 Cremonae
1589 1494 1844 1561 dedisset,

247 1587 389 1642 quae
405 1570 513 1626 iam
534 1569 803 1644 flagrabat.

361 1648 445 1701 33.
486 1645 847 1720 Quadraginta
872 1653 1200 1702 armatorum
1227 1643 1396 1700 millia
1415 1645 1684 1717 inrupere,
1708 1643 1849 1700 calo—

251 1736 383 1775 num
413 1718 753 1793 lixarumque
779 1721 1005 1795 amplior
1034 1737 1316 1786 numerus,
1339 1720 1463 1775 etin
1486 1720 1764 1778 libidinem
1785 1738 1848 1776 ac

249 1794 525 1850 saevitiam
554 1797 875 1868 conruptior.
954 1797 1071 1852 Non
1099 1796 1354 1871 dignita&
1389 1812 1493 1850 non
1513 1805 1656 1850 aetas
1675 1804 1849 1868 prote·

246 1870 423 1944 gebat,
453 1871 749 1943 quominus
772 1869 959 1943 stupra
978 1872 1254 1936 caedibus,
1283 1869 1470 1925 caedes
1497 1872 1720 1942 stupris,
1744 1871 1849 1926 mi-

246 1953 541 2002 scerentur.
620 1945 961 2002 Grandaevos
989 1963 1164 2014 senes,
1197 1954 1377 2002 exacta
1406 1953 1572 2002 aetate
1598 1943 1844 2010 feminae,

246 2021 385 2078 viles
403 2021 471 2078 ad
486 2020 760 2094 praedam,
782 2021 840 2076 in
862 2019 1158 2078 ludibrium
1179 2021 1476 2078 trahebant.
1545 2019 1650 2075 Ubi
1670 2019 1848 2075 adulta

243 2098 401 2172 ,virgo
435 2104 530 2153 aut
564 2097 692 2170 quis
722 2095 891 2153 forma
919 2097 1241 2169 conspicuus
1258 2096 1556 2162 incidisset,
1596 2096 1654 2151 vi
1675 2095 1852 2150 mani-

245 2173 461 2246 busque
476 2173 799 2245 rapientium
820 2170 1092 2237 divulsus,
1108 2171 1256 2244 ipsos
1273 2179 1542 2243 postremo
1557 2170 1850 2241 direptores

246 2249 303 2304 in
326 2255 571 2304 mutuam
590 2248 881 2320 perniciem
902 2246 1108 2321 agebat·
1158 2247 1298 2302 Dum
1319 2247 1604 2318 pecuniam
1624 2244 1707 2300 vel
1727 2262 1852 2318 gra-

248 2323 337 2378 via
356 2340 489 2380 auro
507 2321 831 2395 templorum
848 2322 985 2380 dona
1002 2321 1112 2378 sibi
1129 2321 1366 2394 quisque
1384 2319 1622 2384 trahunt,
1649 2319 1850 2374 maiore

248 2395 477 2454 aliorum
507 2398 564 2454 vi
592 2397 995 2454 truncabantur.
1071 2394 1306 2463 Quidam
1320 2437 1334 2461 ,
1373 2395 1532 2452 obvia
1559 2394 1848 2466 aspernati,

249 2471 565 2528 verberibus
602 2473 985 2544 tormentisque
1018 2469 1364 2528 dominorum
1396 2469 1574 2526 abdita
1601 2469 1846 2532 scrutari,

247 2543 459 2604 defossa
477 2563 683 2604 eruere.
722 2547 888 2612 Faces
906 2547 965 2602 in
984 2546 1268 2602 manibus:
1302 2562 1462 2618 quas,
1483 2544 1579 2601 ubi
1599 2543 1850 2617 praedam

249 2629 571 2710 egesserant,
595 2622 652 2678 in
671 2640 869 2680 vacuas
886 2621 1076 2680 domos
1093 2631 1150 2678 et
1163 2621 1345 2679 inania
1367 2617 1562 2691 templa
1581 2636 1676 2692 per
1694 2618 1854 2674 lasci·-

251 2714 395 2754 viam
416 2695 810 2758 iaculabantur:
852 2705 1021 2772 utque
1044 2699 1302 2764 exercitu,
1325 2696 1472 2754 vario
1489 2693 1716 2770 linguis,
1733 2708 1854 2750 mo-
