2081 3038
671 222 1083 273 DIALOGUS.
1127 226 1283 273 cAP.
1327 226 1407 273 21.
1742 220 1830 276 321

245 334 520 386 versantur
549 326 936 392 adcusationes‚
977 344 1119 399 quae
1146 328 1204 381 in
1234 327 1509 383 Vatinium
1534 329 1843 383 inscribun-

242 414 353 472 tur;
416 421 478 458 ac
516 404 800 475 praecipue
837 402 1069 457 secunda
1112 420 1179 457 ex
1209 402 1295 456 his
1320 405 1503 458 oratio.
1583 404 1675 459 Est
1696 408 1841 459 enim

245 480 418 535 verbis
437 488 616 534 ornata
639 487 690 533 et
707 479 1003 541 sententiiS,
1017 478 1350 549 auribusque
1372 479 1611 533 iudicum
1630 481 1842 534 adcom-

241 554 477 610 modata:
517 561 580 608 ut
609 555 766 619 sciaS,
798 555 979 625 ipsum
1006 570 1224 625 quoque
1245 552 1472 607 Calvum
1495 554 1838 619 intellexisse,

240 630 374 703 quid
396 628 590 684 melius
612 638 768 693 esset,
793 646 891 683 nec
912 629 1234 683 voluntatem
1258 629 1327 691 ei,
1352 646 1462 700 quo
1481 629 1773 684 sublimius
1793 637 1843 685 et

240 706 436 760 cultius
456 705 670 769 diceret,
695 702 828 759 sed
811 694 1090 777 ingenium
1112 721 1173 757 ac
1193 704 1353 767 vireS,
1368 702 1623 759 defuisse.
1666 704 1845 792 Quid?

239 798 306 836 ex
336 779 599 835 Coelianis
629 778 992 835 orationibus?
1027 780 1233 851 Nempe
1264 778 1363 834 hae
1392 778 1617 867 placent,
1660 782 1706 835 si
1739 797 1843 834 non

239 856 540 919 universae,
573 862 625 909 at
653 862 827 927 partes
859 872 1063 920 earum,
1100 856 1154 909 in
1184 855 1387 926 quibus
1412 857 1633 910 nitorem
1656 865 1705 909 et
1725 855 1845 909 alti-

241 931 480 986 tudinem
510 930 703 985 horum
735 939 1032 1001 temporum
1057 929 1453 1003 adgnoscimus,
1535 928 1725 985 Sordes
1748 948 1845 985 au-

241 1015 344 1062 tem
384 1006 506 1062 illae
547 1006 829 1061 verborum
871 1015 922 1061 et
963 1006 1117 1059 hians
1158 1006 1469 1077 compositio
1508 1015 1559 1060 et
1589 1006 1845 1061 inconditi

237 1100 429 1140 sensus
452 1080 685 1137 redolent
705 1082 1102 1154 antiquitatem:
1133 1098 1229 1136 nec
1248 1097 1577 1153 quemquam
1600 1082 1728 1137 adeo
1748 1100 1844 1137 an-

239 1159 527 1231 tiquarium
549 1167 698 1229 puto,
721 1168 780 1212 ut
799 1157 1040 1214 Coelium
1064 1175 1130 1213 ex
1152 1174 1208 1211 ea
1231 1166 1379 1229 parte
1402 1157 1595 1217 laudet,
1616 1176 1721 1229 qua
1747 1175 1843 1211 an-

237 1237 421 1307 tiquus
450 1243 546 1288 est.
631 1233 995 1288 Concedamus
1023 1250 1153 1288 sane
1183 1232 1242 1288 C.
1278 1232 1510 1295 Caesari,
1555 1243 1611 1288 ut
1633 1244 1845 1305 propter

236 1309 660 1383 magnitudinem
682 1310 1058 1381 cogitationum
1080 1317 1128 1362 et
1148 1311 1516 1378 occupationes
1538 1327 1715 1363 rerum
1742 1310 1843 1363 mi·-

237 1402 342 1439 nus
361 1384 418 1437 in
441 1382 740 1453 eloquentia
763 1382 1006 1445 effecerit,
1037 1400 1201 1453 quam
1224 1383 1469 1437 divinum
1495 1385 1612 1438 eius
1635 1384 1845 1455 ingeni-

237 1476 332 1513 um
363 1456 688 1530 postulabat:
751 1466 856 1511 tam
889 1456 1132 1521 Hercule,
1159 1474 1335 1545 ‘quam
1364 1458 1586 1511 Brutum
1612 1459 1845 1547 pliiloso-

239 1535 396 1608 phiae
417 1549 546 1588 suae
565 1533 956 1606 relinquamus,
996 1534 1170 1586 Nam
1156 1550 1210 1587 in
1233 1533 1561 1588 orationibus
1583 1537 1845 1590 minorem

237 1627 355 1665 esse
385 1607 522 1662 fama
551 1625 671 1674 sua,
712 1610 870 1662 etiam
900 1605 1283 1663 admiratores
1270 1608 1386 1662 eius
1410 1606 1655 1664 fatentur.
1736 1609 1847 1665 Neo

240 1685 346 1740 fere
383 1687 675 1756 quisquam
717 1692 808 1739 aut
847 1682 1089 1739 Caesaris
1128 1701 1224 1754 pro
1266 1683 1419 1738 Decio
1456 1682 1710 1746 Samnite,
1754 1693 1883 1750 aut,

239 1760 384 1814 Bruti
409 1776 502 1830 pro
512 1760 748 1813 Deiotaro
768 1776 908 1832 rege,
923 1769 1232 1830 ceterosque
1251 1759 1489 1812 eiusdem
1510 1759 1843 1814 lentitudinis

238 1853 298 1890 ac
328 1835 521 1905 teporis
553 1834 714 1888 libros
747 1833 892 1907 legit,
934 1835 1038 1888 nisi
1062 1835 1157 1907 qui
1190 1841 1240 1887 et
1279 1837 1511 1888 carmina
1554 1836 1843 1890 eorundem

238 1913 480 1965 miratur.
561 1909 824 1964 Fecerunt
849 1910 992 1964 enim
1021 1919 1074 1966 et
1090 1911 1324 1964 carmina
1352 1919 1401 1963 et
1423 1912 1475 1964 in
1501 1909 1859 1967 bibliothecas·

238 1984 549 2050 retulerunt,
596 2001 697 2039 non
729 1984 922 2040 melius
953 2003 1117 2057 quam
1147 1985 1349 2048 Cicer0,
1380 1995 1431 2038 at
1464 1983 1689 2046 felicius,
1714 1987 1844 2057 quia

239 2061 356 2116 illos
379 2059 565 2115 fecisse
585 2061 860 2132 pauciores
882 2063 1077 2115 sciunt.
1154 2060 1376 2115 Asinius
1398 2077 1633 2133 quoque,
1649 2078 1844 2132 quam-

234 2153 400 2210 quam
433 2137 771 2207 propioribus
803 2135 1133 2208 temporibus
1167 2145 1323 2190 natus
1344 2139 1431 2197 sit,
1475 2137 1684 2190 videtur
1706 2135 1842 2190 mihi

236 2215 372 2267 inter
401 2212 673 2267 Menenios
702 2220 752 2266 ct
780 2211 980 2283 Appios
1011 2211 1303 2266 studuisse.
1384 2212 1677 2266 Pacuvium
1705 2221 1845 2266 certe

235 2296 285 2343 et
307 2287 510 2341 Attium
543 2304 645 2342 non
677 2286 852 2342 solum
877 2287 1178 2360 tragoedii8‚
1221 2286 1315 2340 sed
1334 2287 1489 2340 etiam
1512 2287 1842 2342 orationibus

235 2365 352 2418 suis
373 2363 662 2433 expressit:
697 2362 824 2417 adeo
846 2362 1016 2416 durus
1037 2370 1087 2416 et
1106 2365 1280 2416 siccus
1302 2370 1399 2416 est.
1443 2361 1621 2418 Oratio
1640 2373 1839 2427 autem,

233 2439 375 2494 sicut
393 2454 587 2508 corpus
607 2437 862 2502 hominis,
886 2455 945 2492 ea
965 2437 1185 2493 demum
1209 2436 1392 2509 pulcra
1412 2447 1511 2502 est,
1530 2440 1585 2492 in
1606 2457 1713 2510 qua
1737 2455 1841 2494 non

236 2514 474 2568 eminent
504 2529 688 2578 venae,
730 2531 828 2568 nec
849 2531 970 2569 ossa
993 2523 1361 2579 numerantur,
1403 2515 1493 2568 sed
1519 2523 1841 2586 temperatus

232 2607 296 2644 ac
335 2587 507 2642 bonus
547 2589 770 2662 sanguis
810 2589 997 2661 implet
1036 2589 1278 2645 membra
1326 2597 1376 2643 et
1414 2593 1654 2664 exsurgit
1691 2591 1837 2656 toriS‚

238 2661 492 2734 ipsosque
535 2681 726 2720 nervos
768 2665 960 2720 rubore
1000 2666 1131 2739 tegit
1174 2673 1225 2720 et
1261 2665 1448 2720 decore
1486 2667 1835 2723 commendat.

240 2736 370 2865 No'll?
391 2735 720 2870 (Ζοτνίτῦιιῃ
704 2742 938 2814 insequi,
961 2743 1090 2814 quia
1112 2759 1217 2798 non
1236 2759 1333 2813 per
1353 2742 1532 2872 ἰξέυω
1552 2746 1711 2810 stetit,
1731 2760 1840 2817 quo

360 2829 525 2868 Aenus
