2081 3038
267 192 512 263 medo.)
701 199 860 245 LIB.
900 201 939 245 1.
981 200 1160 247 CAP.
1203 202 1444 247 16-——18.
1799 201 1861 251 {3

268 304 511 368 temporis
539 304 716 363 huius,
757 310 806 355 et
843 304 1090 369 inpletum
1116 310 1191 355 est
1219 320 1363 355 omne
1400 308 1694 366 consilium,
1730 311 1779 359 ai
1817 315 1863 359 te

268 380 387 429 bene
423 378 579 444 elegi.-
618 380 1022 445 utilissimusque
1061 382 1195 430 idem
1232 395 1297 431 ac
1336 380 1661 432 brevissimus
1702 382 1862 433 bona-

265 466 384 504 rum
411 454 770 520 malarumque
797 470 974 506 rerum
997 454 1222 505 delectus
1250 462 1338 515 est,
1362 460 1601 521 coyitare,
1626 460 1751 523 quid
1770 464 1863 509 aut

265 528 491 580 volueris
525 528 622 580 sub
657 530 766 581 alio
791 532 1046 595 principe,
1078 535 1171 580 aut
1204 530 1447 581 nolueris.
1526 530 1700 597 Neque
1728 535 1862 585 enim

265 604 366 664 hic,
390 609 446 654 ut
466 604 522 655 in
544 598 764 675 [ceteris]
786 606 1034 671 yentibus,
1061 619 1193 670 quae
1210 612 1511 670 reynautur,
1536 614 1677 658 certa
1696 609 1859 657 domi-

265 693 452 729 norum
467 680 664 739 domus,
685 686 738 731 et
763 681 920 731 ceteri
936 682 1102 731 semi:
1141 680 1229 730 sed
1254 682 1603 741 imperaturus
1627 696 1680 733 es
1698 682 1860 733 homi-

265 754 437 815 nibus,
477 756 570 821 qui
595 768 690 806 nec
715 761 874 806 totam
891 757 1185 805 servitutem
1199 758 1317 819 pati
1332 763 1562 820 possunt,
1588 770 1683 807 nec
1705 764 1861 807 totam

268 829 568 880 libertatem.
645 826 713 881 Et
739 826 907 884 Galba
936 827 1157 899 quidem
1188 827 1315 881 haec
1343 846 1403 881 ac
1422 828 1563 892 talia,
1589 838 1858 900 tamquam

267 901 565 1033 grincipem
605 900 822 971 faceret3
863 902 1020 957 ceteri
1054 911 1323 974 tamquam
1356 920 1479 958 cum
1517 904 1648 959 facto
1679 904 1861 977 loque-

305 984 478 1031 antur.

380 1053 461 1107 ⁴7.
503 1052 770 1117 Pisonem,
814 1049 1006 1118 ferunt,
1049 1054 1227 1107 statim
1269 1054 1619 1119 intuentibus,
1656 1065 1707 1109 et
1737 1073 1859 1111 mox

264 1128 516 1184 coniectis
553 1128 611 1181 in
651 1144 778 1183 eum
813 1129 1057 1183 omnium
1077 1128 1266 1191 oculis»,
1308 1128 1517 1183 nullum
1548 1130 1741 1185 turbati
1770 1141 1860 1185 aut

263 1202 580 1259 exsultantis
608 1204 775 1257 animi
803 1213 1006 1259 motum
1027 1204 1342 1275 prodidisse.
1422 1204 1604 1260 Sermo
1623 1224 1743 1279 erga
1768 1224 1862 1277 pa-

265 1289 400 1335 trem
430 1280 910 1350 imperatoremque
939 1297 1206 1342 reverenS,
1239 1279 1304 1333 de
1324 1296 1381 1333 se
1407 1280 1731 1342 moderatus;
1778 1283 1860 1335 ni-

265 1354 341 1409 hil
362 1356 420 1409 in
441 1352 595 1408 vultu
617 1354 912 1426 habituque
933 1363 1226 1409 mutatum:
1278 1357 1431 1425 quasi
1456 1356 1717 1427 imperare
1738 1375 1861 1426 pos-

264 1438 346 1485 set
367 1430 560 1503 magiS,
583 1446 747 1502 quam
771 1428 945 1484 vellet.
987 1429 1352 1484 Consultatum
1377 1429 1517 1492 inde,
1544 1448 1637 1500 pro
1656 1435 1856 1494 rostriS,
1927 1468 1935 1473 -

265 1525 333 1562 an
364 1507 419 1561 in
450 1514 656 1570 senatu,
690 1523 756 1560 an
782 1506 839 1561 in
861 1505 1048 1560 castris
1068 1504 1277 1576 adoptio
1298 1516 1709 1575 nuncuparetur.
1794 1507 1859 1560 Iri

264 1583 321 1637 in
341 1588 529 1645 castra,
562 1581 788 1652 placuit:
832 1581 1182 1636 honorificum
1214 1579 1269 1634 id
1294 1579 1555 1658 militibus
1578 1581 1701 1646 fore,
1726 1600 1860 1653 quo-

265 1674 388 1712 rum
419 1655 670 1720 favorem,
702 1665 760 1710 ut
793 1655 1067 1728 largitione
1084 1665 1135 1710 et
1152 1655 1355 1710 ambitu
1379 1655 1515 1711 male
1532 1657 1764 1729 adquiri,
1788 1659 1859 1710 ita

263 1749 359 1805 per
381 1731 546 1787 bonas
566 1741 704 1786 artes
729 1731 870 1785 baud
889 1731 1271 1802 spernendum.
1332 1730 1758 1787 Circumsteterat
1778 1734 1860 1788 in-

265 1809 420 1863 terim
451 1807 706 1879 palatium
739 1806 951 1878 publica
985 1808 1320 1878 exspectatio,
1357 1809 1537 1881 magni
1566 1811 1749 1862 secreti
1776 1809 1859 1862 in-

263 1885 498 1956 patiens:
541 1891 593 1936 et
629 1881 769 1936 male
805 1884 1082 1937 coercitam
1110 1882 1307 1936 famam
1338 1884 1729 1953 supprimentes
1760 1901 1857 1937 au-

301 1960 476 2014 ebant.

263 1978 302 2033 g
378 2038 456 2089 48.
501 2032 760 2100 Quartum
789 2031 914 2087 Idus
935 2033 1223 2098 IanuariaS,
1258 2031 1468 2087 foedum
1490 2032 1755 2088 imbribus
1776 2033 1857 2087 di-

264 2130 370 2176 em,
397 2112 625 2166 tonitrua
643 2117 696 2162 et
714 2107 924 2180 fulgura
946 2116 996 2160 et
1015 2106 1262 2162 caelestes
1282 2110 1458 2163 minae
1486 2107 1619 2162 ultra
1641 2108 1855 2163 solitum

267 2186 623 2242 turbaverant.
703 2182 1056 2238 Observatum
1084 2183 1141 2237 id
1160 2184 1457 2255 antiquitus
1476 2184 1707 2238 comitiis
1728 2184 1858 2237 diri-

266 2261 476 2316 mendis
497 2277 602 2314 non
623 2261 809 2321 terruit
818 2257 1064 2323 Galbam,
1078 2275 1186 2330 quo
1208 2261 1386 2312 minus
1407 2260 1462 2313 in
1484 2268 1651 2313 castra
1673 2276 1857 2330 perge-

265 2346 363 2401 ret,
395 2343 805 2406 contemptorem
837 2332 1046 2398 talium,
1078 2343 1139 2388 ut
1167 2332 1530 2399 fortuitorum3
1574 2350 1689 2398 seu,
1721 2351 1858 2405 quae

267 2412 370 2468 fato
390 2418 624 2475 manent,
645 2409 896 2480 quamvis
916 2407 1228 2480 significata,
1255 2425 1357 2464 non
1382 2409 1631 2464 vitantur.
1700 2409 1857 2480 Apud

267 2486 597 2559 frequentem
619 2484 851 2540 militum
872 2483 1199 2548 concionem,
1228 2484 1561 2554 imperatoria
1582 2482 1854 2550 brevitate,

266 2562 500 2632 adoptari
520 2579 550 2616 a
570 2578 628 2615 se
650 2561 916 2622 Pisonem,
940 2575 1087 2613 more
1103 2557 1157 2612 d.
1172 2557 1401 2630 Augusti
1420 2567 1470 2612 et
1492 2560 1736 2631 exemplo
1756 2562 1858 2615 mi-

269 2635 426 2700 litari,
451 2653 559 2708 quo
579 2637 661 2689 vir
684 2637 862 2690 virum
884 2633 1094 2710 legeret,
1119 2635 1440 2704 pronuntiat.
1519 2636 1595 2688 Ac
1614 2653 1679 2690 ne
1699 2636 1859 2690 dissi·-

269 2711 467 2766 mulata
505 2710 692 2766 seditio
727 2710 786 2765 in
831 2710 1005 2764 maius
1044 2709 1362 2775 crederetur,
1395 2707 1533 2766 ultro
1566 2711 1853 2771 adseverat,
