2081 3038
246 227 345 281 328
721 232 821 277 DE
862 232 1366 279 ORATORIBUS

247 333 324 392 Ac
354 351 457 389 non
488 333 663 389 studia
692 332 849 389 modo
876 350 1161 406 curasque,
1204 333 1298 388 sed
1329 332 1668 387 remissiones
1687 334 1843 389 etiam

246 408 510 481 lususque
537 426 847 480 puerorum,
886 412 1158 465 sanctitate
1187 408 1417 480 quadam
1447 425 1509 462 ac
1527 409 1848 464 verecundia

246 484 588 557 temperabat.
640 484 730 539 Sic
750 484 1046 540 Corneliam
1071 484 1452 548 Gracchorum,
1475 484 1554 537 sic
1571 484 1846 539 Aureliam

246 560 507 626 Caesaris,
538 561 618 615 sic
645 561 818 615 Atiam
846 559 1075 633 Augusti
1099 568 1318 613 matrem
1341 557 1636 629 praefuisse
1653 558 1850 613 educa-

248 637 482 691 tionibus
522 652 583 689 ac
623 635 937 706 produxisse
975 635 1246 707 principes
1286 633 1481 689 liberos
1517 636 1844 704 accepimus.

246 710 394 777 Quae
412 708 694 781 disciplina
714 728 777 765 ac
793 711 1048 765 severitas
1070 727 1132 765 eo
1151 710 1460 781 pertinebat,
1493 717 1552 763 ut
1569 710 1772 763 sincera
1798 717 1850 763 ct

246 786 447 859 integra
488 796 537 840 et
578 784 743 839 nullis
782 785 1134 856 pravitatibus
1177 784 1372 839 detorta
1417 785 1850 855 uniuscuiusque

246 872 431 917 natura
466 868 569 915 toto
594 863 769 915 statim
801 870 1007 931 pectore
1036 860 1299 930 adriperet
1325 868 1464 913 artes
1483 858 1748 924 honestas,
1773 868 1844 925 et,

245 939 362 992 sive
382 937 446 990 ad
470 954 579 991 rem
604 936 910 1001 militarem,
940 936 1058 991 sive
1077 934 1142 989 ad
1163 935 1298 989 iuris
1318 935 1614 997 scientiam,
1643 936 1760 989 sive
1781 932 1850 988 ad

245 1012 578 1083 eloquentiae
617 1010 855 1065 studium
895 1009 1222 1073 inclinasset,
1264 1010 1320 1064 id
1349 1008 1524 1064 solum
1552 1017 1746 1082 ageret,
1790 1007 1846 1063 id

246 1092 559 1141 universum
581 1085 835 1139 hauriret.
1475 1087 1479 1091 ’

355 1164 439 1215 29.
484 1162 550 1213 Αι
580 1177 722 1213 nunc
752 1168 908 1212 natus
935 1157 1114 1212 infans
1143 1157 1412 1231 delegatur
1439 1157 1726 1213 Graeculae
1747 1158 1848 1214 ali-

246 1237 332 1288 cui
356 1233 595 1295 ancillae,
629 1235 722 1287 cui⁴
746 1233 1056 1306 adiungitur
1085 1250 1228 1288 unus
1248 1241 1339 1287 aut
1357 1233 1485 1288 alter
1507 1251 1570 1288 ex
1591 1234 1845 1289 omnibus

244 1312 415 1365 servis
436 1308 752 1380 plerumque
772 1306 1091 1371 vilissimuS,
1125 1312 1221 1363 ne'c
1245 1309 1497 1380 cuiquam
1525 1311 1662 1363 serio
1683 1310 1849 1363 mini-

244 1388 404 1439 sterio
433 1384 880 1439 adcommodatus.
962 1384 1162 1438 llorum
1193 1382 1390 1438 fabulis
1409 1392 1461 1437 et
1479 1384 1748 1439 erroribus
1769 1392 1848 1438 te-

245 1462 357 1514 neri
388 1463 565 1513 statim
596 1470 646 1513 ct
674 1459 831 1515 rudes
860 1459 1025 1513 animi
1058 1458 1384 1513 inbuuntur:
1429 1476 1526 1513 nec
1551 1460 1844 1532 quisquam

244 1537 297 1590 in
332 1546 432 1591 tota
463 1537 620 1591 domo
650 1536 799 1606 pensi
835 1535 1011 1600 babet,
1052 1534 1184 1607 qui‘d
1213 1551 1386 1590 coram
1409 1533 1608 1589 infante
1627 1535 1846 1592 domino

243 1621 334 1664 aiut
360 1611 498 1664 dicat
528 1621 618 1664 aut
647 1610 825 1665 faciat:
870 1611 1003 1682 quin
1034 1611 1190 1664 etiam
1215 1611 1319 1680 ipsi
1342 1619 1584 1680 parentes
1606 1627 1703 1664 nec
1721 1627 1845 1681 pro-

245 1684 392 1740 bitati
424 1703 597 1754 neque
626 1685 909 1740 modestiae
937 1683 1188 1756 parvulos
1217 1683 1601 1748 adsuefaciunt,
1645 1685 1740 1740 sed
1769 1684 1847 1739 la·-

243 1763 439 1812 sciviae
459 1770 509 1814 et
526 1759 812 1823 ‹licacitati;
850 1777 944 1831 per
964 1777 1104 1831 quae
1123 1759 1399 1831 paullatim
1426 1759 1737 1830 inpudentia
1759 1761 1857 1815 in-

243 1837 378 1905 repit
398 1843 448 1888 et
467 1836 551 1889 sui
576 1834 843 1906 alienique
862 1845 1215 1906 contemptus.
1285 1835 1396 1888 Iam
1420 1851 1542 1890 vcro
1560 1837 1772 1906 propria
1795 1844 1848 1890 et

242 1909 527 1980 peculiaria
554 1910 715 1964 liuius
738 1911 886 1965 urbis
900 1911 1027 1964 vitia
1049 1926 1216 1981 paene
1237 1910 1292 1964 in
1313 1917 1462 1964 utero
1473 1911 1654 1964 matris
1665 1912 1850 1966 conci-

242 1985 297 2055 pi
346 1985 478 2039 mihi
523 1985 797 2049 videntur,
848 1983 1176 2039 histrionalis
1217 1983 1362 2040 favor
1401 1992 1454 2039 et
1488 1984 1844 2058 gladiatorum

243 2075 615 2131 equorumque
634 2060 806 2114 studia
826 2078 837 2114 :
859 2059 1064 2132 quibus
1081 2069 1370 2131 occupatus
1387 2068 1438 2115 et
1453 2059 1706 2115 obsessus
1727 2061 1848 2115 ani-

243 2151 366 2189 mus
396 2133 716 2206 quantulum
749 2134 848 2190 loci
876 2133 1030 2190 bonis
1059 2135 1264 2190 artibus
1289 2133 1577 2206 relinquit?
1615 2144 1840 2207 quotum

241 2226 515 2281 quemque
548 2211 837 2273 inveneriS,
876 2211 975 2282 qui
1001 2210 1145 2264 domi
1168 2209 1464 2282 quidquam
1489 2208 1635 2265 aliud
1655 2209 1844 2281 loqua-

242 2283 365 2337 tur‘?
384 2301 519 2355 quos
540 2284 671 2339 alios
692 2284 1201 2341 adolescentulorum
1224 2301 1496 2340 sermones
1518 2286 1840 2356 excipimus,

242 2359 285 2412 si
310 2359 524 2429 quando
552 2360 807 2416 auditoria
841 2358 1197 2414 intravimus?
1233 2360 1312 2414 Ne
1337 2369 1698 2432 praeceptores
1759 2361 1846 2415 ui·-

242 2433 363 2486 dem
397 2434 533 2488 ullas
562 2434 851 2489 crebriores
880 2452 1003 2490 cum
1028 2435 1361 2490 auditoribus
1381 2438 1498 2490 suis
1519 2379 1846 2491 fabulasqha-

241 2505 392 2561 bent:
436 2508 712 2581 conligunt
739 2511 879 2564 enim
912 2509 1225 2581 discipulos,
1252 2528 1357 2565 non
1385 2511 1660 2566 severitate
1679 2510 1846 2566 disci-

243 2579 419 2651 plinae
442 2584 538 2636 nec
557 2584 758 2657 ingenii
780 2586 1160 2656 experimento,
1182 2585 1278 2640 sed
1295 2585 1582 2642 ambitione
1601 2585 1844 2640 salutati-

241 2669 405 2708 onum
428 2667 478 2710 et
497 2656 782 2714 inlecebris
801 2659 1139 2715 adulationis.
1189 2660 1420 2716 Transeo
1438 2661 1611 2732 prima
1631 2660 1844 2715 discen-

242 2727 378 2782 tium
416 2729 694 2800 elementa,
736 2735 792 2790 in
824 2734 1026 2809 quibus
1058 2742 1109 2790 et
1133 2735 1268 2808 ipsis
1293 2752 1484 2807 parum
1513 2735 1841 2794 elaboratur:

432 2945 479 2953 *-
