2081 3038
227 219 281 256 A.
306 217 354 255 c.
380 199 473 274 65.)
630 210 789 254 mn.
828 209 949 256 xv.
990 211 1166 257 cAP.
1205 213 1446 257 ‹rt—69.
1727 203 1826 258 3⁹7

232 311 380 366 nosci
401 310 616 364 decebat
633 309 883 363 militaris·
892 309 997 364 viri
1016 325 1209 365 sensus
1230 313 1521 383 incomptos
1541 311 1823 368 etvdidos.

230 385 381 440 Nihil
401 385 459 439 in
478 384 569 439 illa
590 384 953 440 coniuratione
968 387 1190 458 gravius
1209 387 1434 440 auribus
1448 387 1672 442 Neronis
1689 388 1830 442 aeci·-

231 461 379 516 disse
404 459 654 523 constitit,
686 461 803 530 qui,
836 466 897 514 ut
923 458 1186 514 faciendis*
1209 461 1500 516 sceleribus
1527 470 1824 532 promptus,

231 537 305 591 ita
324 533 595 599 audiendi,
619 551 757 606 quae
778 533 984 599 faceret,
1008 535 1248 591 insolens
1263 544 1392 590 erat.
1473 537 1641 590 Poena
1657 537 1829 592 Flavii

232 611 434 665 Veiano
460 610 528 664 Ni
593 625 625 664 o
653 609 867 665 tribuno
894 609 1194 666 mandatur.
1275 611 1326 667 Is
1354 611 1596 682 proximo
1623 612 1682 665 in
1706 629 1833 684 agro

234 685 475 741 scrobem
498 627 651 740 egredi
670 685 847 749 iussit,
860 700 1025 756 quam
1047 685 1286 751 Flavius,
1309 694 1368 741 ut
1384 684 1645 740 humilem
1667 694 1720 740 et
1735 705 1836 740 an-

233 767 449 835 gustam
486 761 787 832 increpans,
827 761 1298 816 circumstantibus
1335 760 1620 826 militibus,
1657 779 1722 814 ne
1739 765 1834 814 hoc

236 840 457 906 quidem,
490 835 686 908 inquit,
718 847 787 890 mr
814 839 1123 904 disciplim5
1170 836 1600 908 admonitusque,
1635 835 1834 892 fortiter

235 909 545 983 protendere
570 913 861 967 cervicem:
918 911 1154 974 Utinam,
1187 912 1288 976 ait,
1324 921 1380 966 tu
1407 920 1517 966 tam
1532 916 1740 981 fortiter
1756 917 1836 980 [σ-
1897 947 1903 952 -

234 991 364 1042 rias.

347 1065 431 1116 68.
472 1061 541 1115 Et
564 1059 657 1115 ille
681 1058 914 1116 multum·
941 1067 1194 1127 tremens,
1221 1079 1345 1117 cum
1366 1062 1461 1117 vix
1485 1061 1697 1117 duobus
1716 1061 1836 1116 ieti—

235 1137 344 1192 bus-
368 1144 527 1208 capnt
554 1133 955 1208 amputavisset‚
996 1137 1273 1192 saevitiam
1304 1137 1447 1209 apud
1474 1139 1736 1193 Neronem
1757 1137 1835 1192 ia-

235 1212 413 1276 ctavit,
436 1215 767 1282 sesquiplaga
782 1217 1108 1281 interfectum
1123 1231 1160 1266 a
1175 1229 1230 1267 sc
1249 1211 1488 1268 dicendo·
1522 1212 1835 1269 Proximum

236 1287 559 1342 constantiae
586 1285 893 1357 exemplum
924 1285 1198 1358 Sulpicius
1227 1288 1399 1358 Asper
1426 1289 1664 1343 centurio
1681 1305 1836 1361 prae-

235 1361 373 1427 huit,
403 1362 762 1432 percunctanti
794 1361 1010 1426 Neroni,
1045 1379 1142 1416 cur
1165 1365 1222 1415 in
1242 1366 1445 1416 caedem
1463 1381 1612 1417 sua-m
1631 1369 1837 1432 conspi-

232 1435 495 1492 ravisset?
541 1435 773 1490 breviter
809 1435 1165 1507 respondens,
1211 1453 1314 1490 non
1338 1439 1496 1490 aliter
1526 1445 1598 1490 tot
1623 1441 1838 1506 thymis

236 1517 349 1568 eius
382 1514 648 1566 subveniri
680 1514 923 1579 potuisse.
1000 1511 1141 1566 Tum
1169 1510 1373 1566 iussam
1404 1528 1628 1583 poenam
1648 1511 1832 1567 subiit.

236 1588 351 1643 Nec
378 1587 537 1641 ceteri
564 1586 898 1641 centuriones
921 1586 975 1641 in
998 1586 1356 1657 perpetiendis
1376 1587 1660 1658 suppliciis
1677 1588 1837 1661 dege-

238 1676 511 1720 neravere.
590 1659 658 1715 At
676 1677 781 1716 non
802 1662 967 1717 Fenio
982 1660 1120 1716 Rufo
1140 1679 1235 1733 par
1252 1662 1495 1726 animuS,
1519 1662 1612 1717 sed
1634 1663 1838 1717 lamen-

238 1737 607 1793 tationes-snas
625 1736 784 1789 etiam
807 1736 863 1790 in
880 1742 1256 1792 testamentum
1275 1737 1513 1793 eontulit.
1580 1737 1838 1809 Opperie-

238 1813 399 1869 batur
422 1811 581 1876 Nero,
608 1819 671 1865 ut
688 1810 941 1865 Vestinus
968 1826 1188 1884 quoque
1212 1812 1396 1867 consul
1430 1813 1488 1867 in
1507 1814 1715 1867 crimen¹
1730 1822 1838 1867 tra-

239 1888 476 1952 hei-etur,
496 1884 791 1943 violentum
811 1893 861 1940 et
879 1886 1151 1941 infensum
1172 1896 1346 1942 ratus:
1387 1887 1484 1941 sed
1508 1905 1574 1943 ex
1592 1889 1838 1943 coniura-

239 1963 310 2019 tis
327 1959 551 2019 consilia
568 1978 694 2017 cum
712 1962 929 2017 Vestino
949 1980 1055 2017 non
1073 1963 1414 2027 miscuerant,
1429 1962 1670 2035 quidam,
1686 1970 1836 2018 vetu-

238 2037 337 2094 stis
364 2037 423 2093 in
452 2054 578 2093 eum
602 2035 988 2103 simultatibus,
1018 2036 1201 2108 plures
1216 2078 1230 2101 ,
1261 2038 1390 2110 quia
1418 2038 1757 2109 praecipitem
1789 2044 1840 2092 et

236 2112 605 2170 insociabilem
633 2110 932 2167 credebant.
1012 2113 1256 2167 Ceterum
1287 2114 1334 2166 N
1336 2114 1513 2169 eronis
1540 2112 1726 2169 odium
1743 2113 1840 2167 ad-

238 2204 431 2247 versus
448 2188 731 2245 Vestinum
752 2205 819 2243 ex
836 2188 1025 2244 intima
1044 2187 1315 2243 sodalitate
1333 2196 1588 2259 coeperat.
1601 2188 1732 2242 dum
1750 2188 1838 2242 hic

238 2265 511 2341 ignaviam
530 2263 793 2337 principis
808 2263 1023 2335 penitus
1042 2264 1306 2337 cognitam
1325 2262 1567 2335 despicit,
1591 2263 1684 2318 ille
1704 2262 1839 2318 fero-

239 2342 379 2398 ciam
397 2340 560 2395 amici
577 2339 785 2405 metuit,
802 2356 960 2411 saepe
978 2340 1182 2411 asperis
1201 2337 1400 2394 facetiis
1408 2339 1624 2394 inlusus
1641 2357 1652 2404 ;
1677 2356 1834 2409 quae,

240 2416 337 2473 ubi
363 2414 597 2471 multum
627 2430 696 2471 ex
714 2430 843 2470 vero
864 2420 1089 2480 traxere,
1119 2431 1294 2469 acrem
1314 2414 1401 2469 sui
1424 2414 1734 2469 memoriam
1757 2431 1839 2467 re-

240 2492 513 2565 linquunt.
593 2490 899 2547 Accesserat
932 2506 1118 2545 recens
1153 2503 1342 2545 caussa
1355 2530 1372 2554 ,
1411 2488 1560 2562 quod
1583 2490 1837 2544 Vestinus

240 2566 499 2624 Statiliam
519 2564 880 2623 Messallinam
908 2566 1256 2621 matrimonio·
1274 2564 1382 2619 sibi
1409 2565 1674 2631 iunxerat,
1694 2564 1838 2620 haud

240 2644 476 2709 nescius,
500 2642 636 2698 inter
656 2640 919 2698 adulteros
939 2642 1058 2697 eius
1079 2650 1131 2696 et
1149 2641 1427 2696 Caesarem
1447 2659 1582 2697 esse.

350 2722 435 2773 69.
478 2718 665 2792 Igitur,
696 2734 801 2773 non
832 2717 1077 2784 crimine,
1109 2734 1216 2773 non
1237 2715 1542 2773 adcusatore
1559 2718 1834 2773 existente
