2081 3038
247 157 311 208 86
729 152 1390 207 H1sT0R1A‘nun1
1578 149 1847 221 (musas.

246 267 463 325 tantem,
496 277 688 332 repens
718 262 984 317 tumultus
1009 263 1216 325 avertit,
1247 262 1485 315 nuntiata
1504 259 1853 314 consternati-

245 353 347 392 one
367 353 429 390 ac
449 335 658 391 licentia
675 336 932 392 militnm.
1013 337 1261 407 Namque
1280 335 1604 390 abeuntibus
1624 334 1847 388 exitium

245 411 657 478 minitabantur,
697 413 1026 468 atrocissima
1074 414 1130 466 in
1169 411 1483 483 Verginium
1523 411 1608 474 vi,
1658 426 1847 480 quem,

243 486 426 541 clausa
446 485 622 552 dom0,
652 487 982 543 obsidebant.
1064 486 1340 558 increpitis
1366 484 1642 540 seditionis
1670 491 1853 539 aucto-

243 562 418 626 ribus,
449 578 746 635 regressuri,
790 567 999 618 vacavit
1025 562 1338 617 abeuntium
1358 559 1643 634 adloquiis,
1684 559 1855 615 donec

243 654 430 692 omnes
451 635 691 692 inviolati
711 638 1133 711 digrederentur.
1213 637 1625 706 vesperascente
1644 634 1749 699 die,
1774 636 1854 688 si-

246 714 340 768 tim
361 713 559 770 haustu
577 712 784 787 gelidae
804 731 973 786 aquae
992 713 1217 767 sedavit.
1291 713 1431 766 Tum
1450 710 1639 768 adlatis
1658 711 1855 782 pugio-

246 789 408 844 nibus
429 786 659 853 duobuS,
685 805 806 842 cum
829 797 1123 860 utrumque
1140 795 1502 858 pertentasse-t.
1517 785 1741 840 alterum
1765 803 1855 839 ca-

245 865 343 935 piti
391 863 650 919 subdidit.
729 864 798 918 Et
834 864 1129 935 explorato,
1170 865 1277 917 iam
1322 861 1581 934 profectos
1628 862 1850 923 amicos,

246 947 452 994 noctem
468 940 726 1010 quietam,
740 947 908 1010 utque
927 939 1257 1001 adfirmatur,
1272 955 1378 992 non
1398 938 1699 990 insomnem
1722 935 1849 1008 egit.

244 1016 388 1069 Luce
416 1015 591 1086 prima
617 1014 674 1069 in
695 1012 895 1068 ferrum
917 1023 1125 1085 pectore
1143 1012 1407 1067 incubuit.
1489 1010 1569 1065 Ad
1588 1011 1853 1083 gemitum

245 1089 521 1145 morientis
553 1090 780 1162 ingressi
817 1089 990 1144 liberti
1019 1088 1271 1159 servique
1298 1096 1351 1142 et
1378 1086 1579 1141 Plotius
1608 1086 1853 1149 Firmus,

244 1164 491 1236 praetorii
531 1162 846 1235 praefectuS,
881 1181 1051 1219 unum
1086 1161 1285 1218 vulnus
1310 1165 1583 1218 invenere.
1662 1160 1857 1216 Funus

160 1253 167 1259 ·
247 1246 591 1294 maturatum.
672 1239 986 1294 Ambitiosis
1013 1239 1072 1294 id
1102 1237 1351 1309 precibus
1380 1238 1616 1308 petierat,
1650 1253 1718 1290 ne
1736 1253 1859 1290 am-

247 1322 519 1386 putaretur
567 1323 752 1386 caput,
808 1313 1038 1369 ludibrio
1086 1313 1349 1368 futurum.
1430 1311 1621 1367 Tulere
1658 1329 1859 1381 eorpus

244 1391 536 1460 praetoriae
567 1391 828 1456 cohortes,
862 1407 986 1444 cum
1018 1388 1271 1443 laudibus
1296 1396 1351 1443 et
1370 1387 1625 1453 lacrimis,
1649 1387 1857 1443 vulnus
1894 1423 1899 1428 -

247 1483 548 1541 manusque
575 1467 692 1523 eius
721 1464 1107 1522 exosculantes,
1188 1463 1420 1531 Quidam
1448 1463 1681 1518 militum
1702 1464 1855 1518 iuxta

245 1558 436 1615 rogum
467 1541 773 1599 interfecere
796 1560 873 1607 se,
919 1557 1024 1596 non
1048 1558 1182 1596 noxa
1202 1557 1379 1612 neque
1396 1540 1473 1594 ⁴ob
1492 1547 1715 1603 metum,
1760 1538 1849 1594 sed

246 1616 598 1672 aemulatione
636 1618 842 1673 decoris
879 1626 930 1671 et
968 1618 1181 1671 caritate
1210 1616 1489 1687 principis.
1568 1613 1647 1669 Ae
1672 1624 1855 1685 postea

245 1692 549 1763 promiscue
567 1692 825 1758 Bedriaci,
850 1692 1145 1745 Placentiae
1164 1691 1397 1763 aliisque
1418 1691 1470 1744 in
1493 1690 1700 1754 castris»,
1719 1690 1856 1745 cele-

245 1770 458 1822 bratum
480 1766 534 1821 id
553 1784 726 1841 genus
745 1776 952 1823 mortis.
977 1767 1173 1823 Othoni
1194 1766 1503 1838 sepulcrum
1524 1771 1857 1819 exstructum

245 1851 326 1898 est
345 1842 620 1899 modicum
641 1852 691 1898 et
710 1860 1049 1898 mansurum.

355 1922 441 1974 50.
485 1920 641 1974 llunc
675 1918 814 1973 vitae
842 1918 1003 1971 finem
1048 1916 1237 1973 habuit
1264 1916 1491 1987 septimo
1520 1923 1570 1970 et
1588 1915 1861 1970 tricesimo

247 1995 428 2050 aetatis
448 2012 607 2049 anno.
675 1992 838 2066 Origo
864 1992 942 2048 illi
965 2010 994 2046 e
1013 1992 1309 2062 municipio
1333 1991 1633 2045 Ferentino.
1705 1990 1859 2045 Pater

246 2068 571 2125 consularis:
615 2086 750 2125 avus
778 2070 1107 2141 praetorius:
1149 2074 1451 2121 maternum
1478 2082 1651 2138 genus
1676 2066 1854 2136 inpar,

248 2162 344 2201 neo
383 2153 559 2200 tamen
600 2144 931 2201 indecorum.
1014 2142 1253 2198 Pueritia·
1272 2158 1335 2196 ac
1361 2142 1606 2205 iuventa,
1636 2140 1857 2211 qualem

247 2224 685 2276 monstravimus.
767 2220 987 2274 Duobus
1009 2218 1353 2281 facinoribus,
1376 2216 1537 2271 altero
1554 2214 1861 2289 flagitiosis-

247 2299 406 2357 simo.
439 2295 602 2351 altero
628 2297 858 2369 egregio,
892 2296 1203 2350 tantundem
1234 2292 1379 2363 apud
1404 2300 1639 2362 posteros
1660 2292 1862 2346 meruit

247 2372 416 2426 bonae
438 2368 628 2435 famae,
653 2378 916 2441 quantum
939 2370 1128 2425 malae.
1173 2368 1239 2423 Ut
1256 2366 1573 2438 conquirere
1592 2364 1859 2430 fabulosa,

248 2456 299 2499 et
338 2446 474 2500 fictis
514 2444 775 2499 oblectare
803 2445 1093 2518 legentium
1123 2444 1351 2507 animos,
1388 2440 1573 2513 procul
1600 2441 1865 2513 gravitate

249 2522 419 2591 coepti
445 2521 623 2590 operis
653 2519 1002 2575 crediderim:
1045 2521 1116 2573 ita
1148 2516 1380 2590 vulgatis
1420 2514 1737 2586 traditisque
1764 2516 1863 2568 de-

253 2610 396 2647 mere
427 2594 584 2648 sidem
610 2612 716 2650 non
737 2594 935 2649 ausim.
1014 2593 1127 2656 Die,
1153 2608 1260 2662 quo
1278 2591 1515 2647 Bedriaci
1536 2590 1861 2653 certabatur,

253 2683 407 2722 avem
435 2668 706 2725 invisitata
734 2669 914 2740 speeie
941 2665 1087 2739 apud
1113 2666 1341 2739 Regium
1370 2664 1634 2737 Lepidum
1663 2662 1863 2719 celebri
