2081 3038
345 227 410 276 80
825 230 1474 278 HIsToniARum
1672 219 1932 293 (amsa.

343 332 557 404 ignavia
579 331 881 399 principum
906 329 1101 384 factum
1124 339 1222 386 est.
1290 329 1395 384 Sed
1415 347 1501 384 me
1520 338 1757 384 veterum
1778 347 1938 386 novo-

343 422 576 476 rumque
595 421 804 459 morum
829 405 1085 476 reputatio
1106 403 1319 478 longius
1340 403 1487 460 tulit:
1510 422 1655 458 nunc
1674 404 1741 458 ad
1760 421 1934 460 rerum

341 481 583 536 ordinem
606 482 778 534 veni0.
1626 513 1633 516 -

451 559 536 610 39.
579 554 812 608 Profecto
839 552 1133 609 Brixellum
1164 553 1387 618 Othone,
1420 554 1587 610 bonor
1615 555 1825 624 imperii
1847 573 1937 626 pe-

345 647 439 686 nes
459 631 730 684 Titianum
759 628 994 693 fratrem,
1030 630 1111 682 vis
1140 647 1203 682 ac
1226 637 1451 699 potestas
1470 647 1633 700 penos
1655 629 1933 686 Proculum

342 704 686 778 praefectum.
765 703 956 757 Celsus
983 711 1034 757 et
1062 703 1358 768 paullinus,
1390 721 1513 758 cum
1548 703 1824 774 prudentia
1854 722 1939 760 eo-

343 797 465 836 rum
497 795 654 834 nemo
683 787 935 842 uteretur,
959 779 1106 832 inani
1126 780 1343 833 nomine
1358 778 1581 844 ducum,
1604 777 1809 832 alienae
1826 779 1939 846 cul-

342 873 441 926 pae
468 852 964 925 praetendebantur.
1044 853 1269 906 Tribuni
1300 854 1742 924 centurionesque
1768 854 1940 908 ambi-

341 931 436 1002 gui
454 971 466 992 ,
516 928 661 999 quod
677 969 691 991 ,
739 927 933 998 spretis
976 927 1317 991 melioribuS,
1366 927 1637 983 deterrimi
1675 926 1936 984 valebant.

342 1003 496 1061 Miles
544 1002 740 1069 alacer3
801 1004 901 1073 qui
948 1009 1125 1056 tamen
1164 1003 1312 1056 iussa
1346 1002 1548 1057 ducum
1587 1003 1937 1073 interpretari,

341 1095 506 1150 quam
535 1077 777 1147 exsequi,
812 1076 1007 1130 mallet.
1090 1077 1389 1132 Promoveri
1418 1078 1485 1132 ad
1512 1086 1764 1148 quartum
1794 1096 1826 1130 a
1846 1079 1941 1132 Be-

339 1154 518 1206 driaco
537 1159 704 1206 castra
725 1152 949 1222 placuit,
975 1151 1103 1206 adeo
1125 1153 1365 1222 inperite,
1388 1161 1462 1217 ut,
1476 1170 1809 1224 quamquam
1822 1171 1944 1208 ver-

342 1245 412 1282 no
432 1235 664 1296 tempore
683 1227 830 1290 anni,
851 1236 899 1280 et
922 1235 992 1281 tot
1010 1229 1213 1281 circum
1236 1228 1506 1292 amnibus,
1528 1230 1751 1298 penuria
1771 1245 1945 1299 aquae

341 1301 704 1374 fatigarentur.
787 1301 864 1356 lbi
892 1301 959 1356 de
996 1302 1197 1372 proelio
1234 1301 1565 1359 dubitatum:
1604 1301 1817 1358 Othone
1851 1321 1946 1374 per

341 1377 540 1432 litteras
569 1375 853 1448 flagitante,
889 1386 948 1430 ut
975 1385 1327 1442 maturarent3
1370 1376 1655 1442 militibus,
1684 1385 1745 1432 ut
1769 1379 1943 1449 impe-

343 1460 481 1506 rator
517 1468 729 1525 pugnae
768 1452 1002 1515 adesset,
1054 1451 1422 1523 poscentibus:
1480 1451 1727 1523 plerique
1762 1455 1945 1525 copias

339 1536 486 1583 trans
505 1528 708 1581 Padum
739 1538 952 1599 agentes
981 1529 1139 1582 acciri
1159 1527 1514 1597 postulabant.
1594 1528 1704 1583 Nec
1721 1530 1945 1599 perinde

339 1602 620 1656 diiudicari
641 1600 826 1671 potest,
847 1602 980 1673 quid
997 1603 1261 1671 optimum
1284 1598 1420 1657 factu
1443 1602 1799 1675 fuerit‚quam
1820 1621 1946 1677 pes-

339 1678 541 1731 simum
565 1676 750 1739 fuisse,
773 1676 919 1747 quod
941 1674 1137 1730 sactum
1154 1686 1252 1731 est.

452 1753 534 1805 40.
559 1752 674 1805 Non
701 1762 756 1804 ut
775 1751 842 1804 ad
862 1768 1122 1823 pugnam,
1145 1750 1241 1804 sed
1258 1750 1327 1805 ad
1346 1750 1675 1817 bellandum,
1697 1753 1944 1823 profecti,

339 1824 662 1881 confluentes
691 1826 819 1881 Padi
847 1835 899 1879 et
925 1825 1147 1879 Adduae
1165 1824 1475 1891 fluminum,
1498 1827 1642 1883 XVI.
1672 1828 1799 1883 inde
1820 1828 1946 1885 mil-

340 1901 474 1957 lium
503 1903 672 1972 spatio
691 1901 966 1965 distantes,
995 1900 1260 1972 petebant.
1340 1899 1495 1957 Celso
1512 1911 1565 1957 et
1582 1902 1828 1969 Paullino
1848 1905 1948 1959 ab·

339 1978 631 2032 nuentibus
652 1976 876 2031 militem
897 1978 1087 2033 itinere
1104 1974 1326 2041 fessum,
1348 1978 1573 2032 sarcinis
1592 1995 1837 2050 gravem,
1850 1980 1949 2033 ob-

339 2054 498 2107 iicere
526 2052 685 2116 hosti,
720 2068 824 2105 non
850 2051 1176 2117 admissuro,
1206 2068 1317 2123 quo
1343 2051 1527 2108 minus
1556 2052 1873 2124 expeditus,
1900 2064 1949 2107 et

340 2130 434 2184 vix
457 2136 686 2199 quatuor
717 2126 886 2181 millia
913 2144 1173 2199 passuum
1201 2142 1536 2199 progressuS,
1560 2128 1951 2200 antinoompo-

337 2205 467 2258 sitos
495 2204 552 2256 in
583 2204 814 2274 agmine,
847 2211 939 2257 aut
959 2201 1231 2273 dispersos
1255 2210 1306 2255 et
1325 2200 1527 2257 vallum
1551 2202 1833 2258 molientae
1854 2204 1952 2258 ad-

336 2278 668 2350 grederetur:
729 2277 971 2331 Titianus
1001 2286 1053 2331 et
1071 2275 1347 2341 Proculus,
1382 2278 1477 2331 ubi
1498 2277 1738 2333 consiliis
1760 2280 1953 2333 vince-

338 2360 539 2415 rentur,
573 2351 636 2404 ad
669 2352 756 2405 ius
786 2351 1001 2423 imperii
1030 2351 1341 2407 transibant.
1423 2352 1615 2407 Aderat
1644 2371 1775 2407 sane
1806 2356 1953 2408 citus

337 2443 476 2497 equo
503 2426 738 2479 Numida
773 2442 899 2481 cum
927 2427 1193 2481 atrocibus
1222 2426 1509 2491 mandatis,
1548 2428 1753 2500 quibus
1782 2428 1950 2493 Otho,

335 2500 594 2570 increpita
611 2498 814 2553 duc-um
835 2502 1081 2574 segnitia,
1105 2518 1215 2555 rem
1239 2502 1294 2556 in
1316 2502 1606 2558 discrimen
1628 2504 1770 2558 mitti
1790 2505 1952 2559 iube-

335 2572 452 2639 bat,
495 2590 649 2644 aeger
669 2590 816 2627 mora
835 2583 886 2629 et
904 2576 1018 2646 spei
1039 2577 1322 2645 inpatiens.

449 2649 502 2699 4⁴
519 2686 531 2700 .
555 2647 756 2703 Eadem
775 2648 864 2703 die
881 2650 958 2703 ad·
971 2649 1429 2722 Caecinam,operi
1454 2652 1631 2723 pontis
1650 2654 1948 2717 intentum,

338 2716 446 2771 duo
472 2723 854 2789 praetoriarum
885 2723 1179 2778 cohortium
1204 2725 1432 2791 tribuni,
1454 2726 1807 2799 conloquium
1830 2732 1951 2783 eius
