2081 3038
226 255 471 329 neat.)
652 267 809 309 1213.
852 267 894 309 1.
937 267 1036 311 cA
1059 267 1112 310 P.
1155 265 1401 312 28—31.
1763 262 1820 315 2⁴

226 367 391 438 patri,
413 373 475 420 ut
498 365 735 438 placatus
758 364 1029 440 legionum
1057 383 1242 438 preces
1257 367 1539 440 exciperet.
1620 366 1834 422 Oranti-

228 442 331 497 bus
346 483 359 506 ,
384 459 605 496 rursum
624 441 767 496 idem
788 441 1009 497 Blaesus
1023 484 1035 505 ,
1059 452 1111 495 et
1131 442 1192 496 L.
1217 441 1486 513 Apronius
1503 485 1515 509 ,
1539 459 1706 514 eques
1727 443 1832 498 Ro-

227 533 423 572 manus
446 533 478 570 e
494 516 707 572 cohorte
728 517 913 583 Drusi,
939 519 1231 588 Iustusque
1249 518 1503 573 Catonius
1518 561 1532 584 ,
1562 519 1726 589 primi
1745 536 1834 573 or-
1865 589 1870 592 Ι

222 592 371 648 dinis
388 593 645 656 centurio,
668 591 735 646 ad
757 593 1031 649 Tiberium
1056 592 1357 648 mittuntur.
1417 593 1687 648 Certatum
1707 593 1835 650 inde

222 667 530 733 sententiis,
566 685 691 724 cum
720 667 843 732 alii,
874 671 1210 736 opperiendos
1239 671 1432 737 leqatos
1450 678 1606 738 atque
1625 673 1836 724 interim

224 747 465 798 comitato
479 746 901 811 permulcendum
918 747 1152 802 mititem.
1173 749 1475 798 censerent:
1511 741 1624 808 alii,
1646 749 1835 812 fortio-

222 821 373 874 ribus
394 821 635 874 remediis
660 822 947 887 avendum.-
981 821 1116 872 nihil
1135 824 1193 872 in
1217 822 1374 888 vulqo
1399 822 1687 874 modicum.-
1727 829 1834 873 ter-

220 911 367 955 rore,
400 897 459 946 ni
483 902 741 962 pmteant:
776 897 871 948 ubi
890 896 1280 962 pertimuerint,
1311 897 1520 963 impuno
1552 899 1806 948 contemni
1815 914 1833 948 .-

220 974 347 1024 αντη
364 972 663 1037 superstitio
679 977 890 1037 uryeat,
910 972 1232 1023 adiiciendos
1249 985 1319 1023 ex
1337 973 1468 1024 duce
1491 978 1680 1033 metue,
1710 973 1836 1025 sub-

220 1048 349 1099 latis
392 1047 661 1098 seditionis
704 1047 1028 1099 (tractoribus.
1105 1043 1420 1115 Promptum
1457 1043 1525 1099 ad
1567 1045 1832 1115 asperiora

218 1119 503 1193 ingenium
534 1119 705 1174 Druso
740 1126 879 1174 erat:
922 1125 1132 1174 vocatos
1163 1119 1487 1176 Vibulenum
1527 1127 1580 1174 et
1608 1121 1834 1176 Percen-

222 1196 379 1250 nium
407 1193 633 1248 interfici
664 1193 829 1252 iubet.
911 1194 1151 1250 Tradunt
1176 1193 1452 1267 plerique,
1492 1193 1629 1251 intra
1660 1196 1835 1250 taber-

220 1267 479 1326 naculum
498 1267 659 1324 ducis
680 1268 927 1364 obrutos:
970 1269 1084 1335 alii,
1107 1287 1323 1342 corpora
1345 1277 1492 1326 extra
1515 1269 1717 1326 vallum
1737 1271 1834 1326 ab-

220 1347 359 1400 iecta
376 1345 629 1400 ostentui.

339 1424 423 1474 30.
466 1420 628 1485 Tum,
650 1420 967 1492 utquisque
983 1420 1306 1492 praecipuus
1328 1419 1583 1487 turbator,
1604 1423 1833 1494 conqui-

218 1496 343 1553 siti:
388 1502 441 1553 et
458 1512 611 1567 pars,
632 1502 778 1551 extra
796 1503 967 1551 castra
983 1493 1244 1567 palantes,
1266 1514 1300 1553 a
1318 1496 1721 1553 centurionibus
1741 1506 1835 1554 aut

220 1571 607 1644 praetoriarum
626 1571 925 1627 cohortium
947 1570 1212 1626 militibus
1231 1572 1401 1627 caesi.
1443 1572 1742 1645 quosdam'
1725 1575 1834 1644 ipsi

222 1647 489 1718 manipuli
505 1688 519 1711 ,
548 1648 929 1705 documentum
952 1645 1096 1711 fidei,
1117 1646 1398 1703 tradidere.
1474 1647 1710 1704 Auxerat
1729 1650 1835 1704 mi·-

220 1722 383 1778 litum
403 1740 561 1777 curas
582 1730 912 1793 praematura
932 1721 1128 1786 hiems,
1151 1721 1420 1778 imbribus
1439 1724 1726 1789 continuis,
1740 1724 1836 1779 ad·
1894 1724 1902 1730 ’

220 1812 397 1870 eoque
426 1798 629 1862 saevis,
664 1806 723 1852 ut
740 1814 846 1853 non
866 1797 1048 1871 egredi
1079 1798 1327 1863 tentoria,
1357 1801 1667 1873 congregari
1697 1801 1833 1855 iuter

220 1888 313 1936 se,
346 1873 439 1929 vix
470 1873 626 1927 tutari
657 1874 811 1947 signa
839 1881 1084 1943 possent,
1117 1888 1257 1945 quae
1276 1874 1490 1929 turbine
1509 1882 1670 1947 atque
1689 1876 1834 1931 unda

224 1948 585 2019 raptabantur.
664 1948 897 2003 Durabat
932 1956 985 2003 et
1022 1946 1249 2005 formido
1285 1949 1525 2004 coelestis
1561 1951 1699 2016 irae,
1741 1968 1836 2006 nec

220 2029 430 2092 frustra
454 2027 709 2079 adversus
732 2029 918 2093 impios
944 2027 1207 2079 hebescere
1229 2028 1433 2088 sidera,
1463 2042 1617 2080 ruere
1646 2036 1834 2093 tempe-—

221 2107 413 2154 states:
432 2116 537 2153 non
552 2102 705 2155 aliud
722 2102 980 2155 malorum
1000 2102 1354 2162 tetamentum,
1368 2116 1542 2168 quam,
1563 2105 1612 2153 si
1631 2103 1834 2169 linque-

222 2182 341 2229 rent
361 2183 543 2229 castra
558 2178 797 2245 infausta
814 2183 1188 2243 temerataque,
1223 2182 1271 2229 et
1287 2174 1448 2229 soluti
1461 2176 1701 2243 piaculo,
1725 2180 1836 2230 sicis

223 2253 443 2319 quisquo
480 2251 709 2305 hibernis
742 2252 1096 2305 redderentur.
1175 2250 1418 2306 Primum
1457 2258 1639 2305 octava
1656 2293 1669 2316 ,
1709 2250 1834 2305 dein

223 2322 641 2397 quintadecuma
680 2323 819 2397 legio
860 2323 1080 2381 rediere.
1159 2325 1415 2381 Nouanus
1432 2368 1446 2391 ,
1494 2330 1836 2394 opperiendas

232 2402 425 2455 Tiberii
442 2402 713 2488 epistola-5,
743 2399 1130 2464 clamitaverat,
1161 2417 1288 2455 mox
1316 2400 1584 2457 desolatus
1605 2400 1832 2456 aliorum

222 2474 554 2530 discessione
580 2472 952 2535 imminentem
980 2476 1350 2531 necessitatem
1385 2486 1576 2549 sponte
1612 2493 1835 2548 praeve-

226 2551 322 2605 nit.
384 2550 455 2607 Et
482 2550 718 2616 Drusus,
760 2568 865 2607 non
893 2557 1194 2621 exspectato
1231 2550 1522 2625 legatorum
1560 2568 1830 2627 regressu,

224 2627 357 2698 quia
377 2625 675 2697 praesentia
695 2626 825 2681 satis
842 2624 1248 2691 consederant,
1231 2643 1290 2682 in
1310 2626 1500 2683 urbem
1520 2627 1695 2684 rediit.

340 2698 667 2757 3⁴.1isde1n
690 2698 854 2757 ferme
874 2700 1068 2755 diebus
1094 2700 1289 2759 iisdem
1321 2702 1527 2757 caussis
1547 2702 1834 2759 Germani-

224 2790 317 2835 cae
333 2772 574 2854 'legiones
594 2775 859 2853 turbatae,
890 2783 1092 2853 quanto
1111 2774 1294 2850 plures
1309 2816 1324 2844 ,
1353 2784 1494 2835 tanto
1513 2776 1830 2835 violentius:
