2081 3038
309 191 406 243 ⁶276
708 197 762 243 C.
805 195 1185 245 CORNELII
1220 198 1492 247 TACITI

415 301 468 354 7.
511 296 751 370 Sequens
779 317 952 355 annus
976 301 1129 374 gravi
1151 300 1371 360 vulnere
1390 301 1635 360 animum
1653 297 1889 358 domum-

305 391 414 447 que
434 374 550 430 eius
569 373 789 430 adflixit.
869 377 1004 430 Nam
1025 375 1213 432 classis
1232 375 1549 442 Othoniana,
1574 376 1786 431 licenter
1806 393 1892 430 va·

305 468 392 524 ga,
416 450 547 506 dum
575 450 872 506 Intemelios
897 451 1166 525 (Liguriae
1192 471 1317 525 pars
1337 452 1433 525 est)
1454 452 1713 508 hostiliter
1733 469 1897 522 popu-

244 553 246 560 ·
307 526 472 592 latur,
511 535 733 582 matrem
775 526 1051 601 Agricolae
1086 528 1143 584 in
1182 528 1414 601 praediis
1454 528 1574 585 suis
1612 525 1889 582 interfecit:

309 603 628 675 praediaque
650 603 764 674 ipsa
784 611 833 657 et
853 621 1103 676 magnam
1122 605 1425 675 patrimonii
1442 611 1646 675 partem
1656 603 1893 674 diripuit,

307 697 444 750 quae
463 696 650 733 caussa
671 678 845 733 caedis
865 677 1053 733 fuerat.
1132 680 1299 752 Igitur
1328 679 1395 734 ad
1418 679 1675 750 solemnia
1695 679 1899 750 pietatis

309 753 571 825 profectus
588 753 850 828 Agricola,
875 755 1063 809 nuntio
1082 755 1322 810 adfectati
1338 772 1371 812 a
1386 751 1713 826 Vespasiano
1730 754 1900 824 impe-

309 832 372 884 rii
402 829 784 902 deprehensus,
824 847 886 884 ac
915 830 1094 885 statim
1126 831 1182 885 in
1210 838 1385 901 partes
1417 839 1781 903 transgressus
1802 838 1897 884 est.

309 907 460 960 Initia
497 907 826 978 principatus
864 922 925 960 ac
953 913 1151 960 statum
1178 905 1329 960 urhis
1359 906 1639 962 Mucianus
1669 905 1897 978 regebat,

308 981 595 1036 admodum
615 980 809 1034 iuvene
827 981 1142 1046 Domitiano,
1167 989 1303 1036 etex
1322 989 1537 1052 paterna
1558 979 1766 1036 fortuna
1787 988 1904 1034 tan-

309 1065 422 1112 tum
444 1055 708 1111 licentiam
730 1063 1039 1126 usurpante.
1082 1057 1135 1110 Is
1156 1056 1383 1112 missum
1404 1056 1471 1112 ad
1487 1054 1723 1125 delectus
1742 1073 1904 1130 agen-

305 1131 402 1186 dos
431 1128 750 1204 Agricolam,
783 1131 1095 1203 integreque
1122 1149 1184 1187 ac
1212 1139 1425 1188 strenue
1448 1140 1737 1197 versatum,
1764 1132 1906 1186 vice-

305 1207 474 1260 simae
520 1205 742 1278 legioni,
793 1206 938 1262 tarde
981 1205 1048 1260 ad
1086 1215 1476 1262 sacramentum
1520 1214 1903 1280 transgressae,

305 1282 626 1353 praeposuit,
669 1281 766 1336 ubi
803 1281 1046 1337 decessor
1081 1282 1329 1338 seditiose
1367 1289 1522 1356 agere
1560 1282 1903 1338 narrabatur:

305 1358 508 1430 quippe
536 1356 720 1431 legatis
746 1375 964 1431 quoque
989 1357 1360 1414 consularibus
1385 1359 1553 1418 nimia
1570 1375 1631 1412 ac
1652 1356 1908 1413 formido-

309 1433 417 1488 losa
435 1441 562 1488 erat.
643 1433 751 1488 Nec
780 1433 984 1508 legatus
1010 1435 1305 1507 praetorius
1332 1434 1399 1488 ad
1426 1433 1787 1490 cohibendum
1810 1451 1909 1506 po-

305 1518 442 1575 tens,
465 1510 748 1575 incertum,
781 1528 880 1567 suo
907 1528 975 1565 an
995 1509 1231 1567 militum
1252 1510 1493 1584 ingenio:
1537 1509 1607 1565 ita
1628 1526 1909 1570 successor

306 1586 491 1651 simul,
523 1593 574 1641 et
601 1586 740 1641 ultor
769 1586 984 1656 electus,
1015 1587 1293 1643 rarissima
1315 1585 1689 1653 moderatione,
1715 1584 1909 1641 maluit

310 1661 476 1715 videri
497 1662 768 1716 invenisse
787 1662 973 1727 bonos,
995 1679 1162 1733 quam
1185 1660 1388 1719 fecisse.

415 1740 468 1792 8.
510 1738 748 1793 Praeerat
767 1745 894 1793 tunc
912 1732 1213 1793 Britanniae
1232 1737 1439 1793 Vettius
1458 1735 1711 1802 Bolanus,
1739 1735 1912 1809 placi-

305 1812 448 1878 (Ιίιιε,
479 1830 645 1885 quam
673 1811 830 1868 feroci
849 1813 1125 1885 provincia
1144 1812 1368 1887 dignum
1390 1820 1487 1867 est.
1568 1812 1913 1883 Temperavit

191 1911 196 1918 ·
283 1927 287 1931 -
307 1888 551 1962 Agricola
571 1888 683 1945 vim
700 1906 878 1954 sua-m,
910 1888 1260 1961 ardoremque
1278 1888 1624 1959 compescuit,
1647 1904 1713 1942 ne
1732 1889 1913 1943 incre-

307 1972 500 2033 sceret;
559 1964 763 2037 peritus
798 1963 1047 2035 obsequi,
1088 1964 1438 2036 eruditusque
1476 1962 1627 2023 utilia
1668 1963 1913 2021 honestis

307 2042 550 2096 miscere.
623 2039 778 2093 Brevi
798 2038 988 2093 deinde
1007 2040 1276 2095 Britannia
1301 2038 1633 2095 consularem
1654 2037 1913 2095 Petilium
1985 2078 1991 2085 .

243 2181 249 2186 .
308 2114 566 2171 Cerialem
597 2114 812 2185 accepit.
891 2115 1203 2171 Habuerunt
1226 2116 1443 2169 virtutes
1467 2114 1917 2184 spatium‘exem-

307 2192 538 2264 plorum.
620 2189 722 2246 Sed
760 2190 935 2262 primo
963 2190 1184 2245 Cerialis
1226 2189 1381 2245 modo
1412 2188 1615 2245 labores
1642 2188 1918 2247 etdiscri-

308 2269 473 2333 mina,
499 2284 624 2321 mox
648 2273 699 2320 et
725 2264 950 2339 glor-iam
981 2264 1431 2321 communicabat:
1476 2282 1632 2337 saepe
1654 2265 1795 2335 parti
1816 2280 1918 2319 ex-

299 2342 504 2397 ercitus
530 2343 587 2397 in
621 2342 1065 2413 experimentum,
1108 2338 1397 2413 aliquando
1426 2340 1718 2397 maioribus
1732 2340 1918 2410 copiis

221 2438 229 2447 ·
309 2434 377 2471 ex
403 2427 598 2472 eventu
625 2416 890 2487 pracfecit.
969 2418 1079 2471 Nec
1106 2415 1351 2489 Agricola
1382 2432 1641 2487 umquam
1670 2416 1726 2470 in
1751 2430 1917 2469 suam

309 2490 506 2545 famam
526 2493 690 2565 gestis
712 2491 1022 2560 exsultavit3
1056 2492 1126 2547 ad
1142 2498 1409 2549 auctorem
1430 2490 1785 2555 et.ducem‚ut
1804 2489 1922 2543 mi-

312 2568 492 2630 nister,
517 2566 782 2621 fortunam
801 2565 1075 2623 referebat.
1155 2568 1230 2625 {ta
1254 2567 1445 2625 virtute
1460 2565 1523 2625 :in
1540 2564 1917 2637 obsequendo,

313 2640 630 2763 vprecundia
659 2643 717 2696 in
746 2640 1117 2713 praedicando,
1152 2649 1295 2699 extra
1323 2639 1604 2706 invidiam,
1636 2656 1735 2697 nec
1760 2646 1921 2695 extra

311 2728 344 2747 π
363 2728 553 2778 oriam,
577 2724 703 2770 erat.
