2081 3038
500 184 599 230 mz
638 182 1067 252 GERnAmA.
1109 186 1270 234 cnr.
1309 187 1554 235 25-27,
1726 162 1825 239 259

224 306 350 354 nus,
370 295 465 343 aut
482 288 687 359 peeoris
706 295 800 344 aut
818 289 1002 354 vestis,
1036 295 1099 343 ut
1117 288 1319 355 colono,
1339 288 1602 365 iniungit:
1641 298 1698 347 et
1713 308 1827 347 ser-

184 385 191 397 ·
222 383 328 421 vus
366 364 625 419 haetenus
650 372 817 435 paret.
898 362 1081 419 Cetera
1112 364 1306 419 domus
1335 364 1505 421 officia
1523 384 1660 423 uxor
1678 385 1740 423 ac
1760 367 1828 423 li-

222 441 339 495 beri
376 447 761 512 exsequuntur.
840 440 1130 495 Verberare
1165 458 1382 495 servum
1421 458 1482 495 ae
1514 442 1746 498 vinculis
1776 452 1828 499 et

222 533 379 588 opere
400 532 654 581 coercere,
686 532 887 569 rarum.
968 514 1220 571 Occidere
1239 516 1428 581 solent,
1459 536 1562 572 non
1585 518 1827 591 discipli-

224 610 291 646 na
320 600 373 645 et
396 590 692 655 severitate,
738 590 833 644 sed
861 593 1044 663 inpetu
1077 600 1128 646 et
1153 592 1252 657 ira,
1295 600 1356 646 ut
1372 592 1676 659 inimicum,
1718 596 1825 651 nisi

223 665 367 739 quod
386 667 607 737 inpune.
675 665 876 721 Liberti
896 684 1003 721 non
1022 665 1258 721 multum
1279 684 1443 739 supra
1464 686 1646 737 servos
1667 678 1823 740 sunt3

222 760 343 799 raro
362 740 579 814 aliquod
602 749 934 798 momentum
954 742 1011 796 in
1032 742 1209 808 dome,
1241 760 1542 815 numquam
1560 745 1618 799 in
1639 746 1826 811 eivita-

223 826 292 884 te‚
334 817 567 889 exceptis
604 816 880 871 dumtaxat
915 817 984 871 iis
1020 817 1292 890 gentibue,
1337 836 1477 890 quae
1511 828 1821 893 regnantur.

222 894 303 948 Ibi
342 893 489 948 enim
528 898 579 947 et
618 908 781 963 super
818 892 1084 965 ingenuos
1119 901 1170 947 et
1210 910 1372 964 super
1405 895 1611 950 nobiles
1641 913 1826 951 ascen-

222 970 385 1025 dunt:
446 968 591 1040 apud
630 976 826 1024 eeteros
865 969 1079 1039 inpares
1110 968 1343 1023 libertini
1375 968 1631 1025 libertatis
1663 989 1824 1045 argu-

222 1054 463 1100 mentum
482 1051 626 1100 sunt.

328 1124 413 1179 26.
444 1120 623 1175 Fenus
644 1121 843 1193 agitare
862 1120 989 1175 etin
1010 1138 1205 1175 usuras
1226 1120 1524 1187 extendere,
1547 1123 1791 1196 ignotum
1815 1144 1825 1177 :

219 1196 447 1269 ideoque
464 1196 637 1270 magis
659 1204 919 1261 servatur,
943 1213 1109 1267 quam
1130 1198 1175 1251 si
1201 1198 1422 1251 vetitum
1443 1208 1600 1254 esset.
1669 1200 1820 1274 Agri,

219 1291 315 1346 pro
345 1290 567 1327 numero
595 1271 881 1335 cultorum,
924 1272 992 1325 ab
1020 1273 1291 1327 universis
1315 1274 1372 1327 in
1393 1275 1536 1328 vices
1557 1292 1824 1347 occupan-

220 1357 326 1413 tur,
361 1365 497 1419 quos
528 1364 651 1401 mox
681 1347 817 1399 inter
839 1363 915 1410 se,
938 1348 1238 1403 seeundum
1257 1348 1636 1420 dignationem,
1659 1352 1824 1421 parti-

221 1431 406 1478 untur.
484 1420 811 1475 Facilitatem
840 1419 1104 1490 partiendi
1133 1439 1443 1491 camporum
1475 1425 1644 1494 spatia
1669 1442 1826 1497 prae-

221 1504 379 1553 stant.
438 1495 579 1552 Arva
600 1512 694 1568 per
716 1512 883 1550 annos
902 1503 1136 1551 mutant:
1181 1504 1232 1550 et
1249 1507 1494 1568 superest
1512 1516 1654 1572 ager.
1715 1501 1825 1556 Nee

222 1574 367 1629 enim
396 1590 521 1628 eum
548 1573 787 1626 ubertate
812 1578 866 1625 et
898 1571 1252 1642 amplitudine
1277 1571 1376 1627 soli
1407 1570 1582 1628 labore
1607 1584 1825 1631 eonten-

223 1650 376 1714 dunt,
409 1656 469 1703 ut
496 1648 733 1719 pomaria
760 1655 1037 1702 conserant
1061 1654 1113 1702 et
1136 1655 1284 1718 prata
1309 1658 1554 1719 separent
1573 1659 1624 1706 et
1642 1651 1822 1708 hortos

223 1726 423 1798 rigent:
486 1723 596 1778 sola
642 1731 809 1776 terrae
848 1739 999 1796 seges
1038 1724 1350 1794 imperatur.
1433 1725 1580 1780 Unde
1617 1745 1821 1783 annum

222 1817 438 1874 quoque
458 1800 639 1870 ipsum
661 1799 844 1854 nonin
864 1798 1082 1854 totidem
1103 1799 1354 1873 digerunt
1371 1803 1602 1872 species:
1645 1802 1820 1858 hiems

223 1885 275 1930 et
302 1893 396 1930 ver
422 1883 473 1929 et
498 1883 668 1930 aestas
690 1873 1015 1930 intellectum
1036 1893 1099 1930 ae
1117 1874 1374 1931 vocabula
1397 1875 1619 1932 habent:
1663 1887 1820 1934 autu-

222 1952 336 2006 mni
355 1949 575 2022 perinde
594 1967 788 2006 nomen
808 1967 871 2004 ae
888 1951 1025 2006 bona
1045 1953 1376 2024 ignorantur.

330 2029 415 2082 27.
457 2027 733 2081 Funerum
754 2025 901 2080 nulla
920 2027 1158 2082 ambitio.
1209 2027 1268 2081 Id
1288 2027 1463 2082 solum
1484 2028 1816 2096 observatur,

220 2111 279 2158 ut
302 2119 517 2174 corpora
552 2101 817 2156 clarorum
844 2102 1085 2156 virorum
1114 2104 1270 2156 oert-is
1300 2102 1463 2178 lignis
1496 2113 1816 2163 crementur.

218 2177 430 2234 Struem
449 2177 565 2251 rogi
586 2194 683 2232 nee
702 2177 943 2233 vestibus
964 2194 1062 2232 nec
1079 2178 1330 2234 odoribus
1349 2179 1645 2236 cumulant.
1711 2180 1819 2236 Sua

217 2255 416 2326 cuique
434 2270 602 2318 arma,
635 2253 973 2325 quorundam
996 2253 1111 2326 igni
1131 2262 1182 2308 et
1200 2271 1374 2326 equus
1395 2255 1660 2312 adiicitur.
1725 2255 1821 2312 Se-

217 2329 468 2402 pulcrum
512 2345 697 2400 oespes
744 2329 918 2402 erigit.
998 2329 1464 2386 Monumentorum
1501 2331 1731 2386 arduum
1769 2342 1822 2388 et

216 2421 503 2478 operosum
525 2403 800 2470 honorem,
824 2412 885 2458 ut
900 2419 1120 2478 gravem
1139 2405 1422 2471 defunctiS,
1446 2415 1814 2478 aspernantur.

218 2481 471 2536 Lamenta
501 2496 563 2535 ae
590 2478 837 2534 lacrimas
867 2481 991 2546 cito,
1035 2480 1270 2536 dolorem
1300 2489 1352 2536 et
1378 2483 1646 2537 tristitiam
1673 2483 1819 2538 tarde

219 2564 442 2630 ponunt.
522 2555 761 2631 Feminis
790 2555 974 2630 lugere
1002 2555 1287 2613 honestum
1317 2565 1423 2626 est3
1466 2557 1598 2613 viris
1625 2560 1818 2614 memi-

220 2633 382 2688 nisse.
460 2632 601 2686 Haee
638 2633 696 2687 in
734 2648 1019 2688 commune
1056 2632 1124 2687 de
1153 2633 1398 2687 omnium
1428 2633 1815 2692 Germanorum

217 2707 423 2782 origine
440 2725 503 2762 ac.
528 2708 769 2765 moribus
786 2708 1120 2782 accepimus:
1165 2725 1310 2764 nune
1303 2709 1662 2843 1{sigigularum
1683 2729 1816 2787 gen-
