2081 3038
289 272 357 324 50
851 275 1324 322 ANNALIUM
1609 263 1894 340 (umisa.

290 375 516 433 reatinis
529 417 543 441 ‚
566 391 629 431 ne
652 374 856 440 Clanis,
888 379 1042 431 edito
1059 378 1207 430 alveo
1224 379 1468 438 demotwe,
1491 380 1548 430 in
1567 391 1768 430 amnem
1787 375 1899 431 Ar—

294 471 417 508 num
440 457 827 520 transferretur,
851 454 1005 520 idque
1023 455 1153 521 ipsis
1165 453 1447 519 perniciem
1467 455 1711 521 adferret.
1753 449 1900 506 Con-

288 527 536 602 gruentia
575 525 663 580 his
699 527 1078 581 Interamnates
1116 524 1442 580 disseruere:
1482 541 1686 593 pessum
1724 529 1899 580 ituros

287 606 679 674 fecundissimos
712 603 905 658 Italiae
942 617 1172 669 campos,
1212 604 1264 656 ai
1299 603 1469 654 amnis
1499 601 1616 655 Nar
1643 597 1719 674 (id
1746 601 1897 655 enim

289 674 591 750 parabatur)
620 681 676 730 in
700 681 847 732 rivos
884 675 1151 740 diductus}
1192 679 1705 744 superstaynaviaset.
1783 675 1900 729 Nec

290 752 495 807 Reatini
513 751 768 816 silebant,
790 750 1044 807 Velinum
1067 751 1241 806 lacum
1259 792 1272 816 ‚
1299 766 1408 821 qua
1429 750 1486 804 in
1507 750 1700 804 Narem
1719 749 1900 804 effun-

289 827 454 893 ditur,
475 826 680 883 obstrui
702 833 1035 882 recusantes:
1079 830 1267 896 quippe
1285 831 1341 879 in
1360 829 1658 879 adiacentia
1677 833 1900 894 eruptu-

289 919 435 958 rum:
490 911 695 971 optume
744 905 899 956 rebus
935 903 1235 956 mortalium
1273 902 1590 955 consuluisse
1625 908 1895 963 naturam,

292 995 425 1048 quae
442 993 541 1031 sica
557 993 657 1032 ora
682 978 1001 1044 fluminibus,
1043 991 1164 1030 auos
1189 991 1397 1038 cursim,
1437 984 1595 1044 utque
1621 978 1899 1044 adfinem,

290 1059 311 1107 i
314 1061 369 1107 ta
387 1056 513 1122 fines
532 1056 759 1106 dederit.-
797 1055 1107 1120 spectandas
1125 1049 1282 1106 etiam
1313 1051 1588 1119 reliqt’oma
1614 1054 1897 1113 sociorum,

291 1132 384 1197 qui
413 1143 573 1182 sacra
604 1135 653 1179 et
680 1128 825 1181 lucos
850 1134 898 1180 et
924 1143 1056 1180 aras
1075 1129 1272 1194 patriis
1306 1127 1546 1180 amnibus
1579 1128 1899 1179 dicaverint.

298 1203 437 1268 Quin
456 1206 623 1270 ipsum
648 1202 869 1255 Tiberim
888 1204 1048 1265 nolle,
1083 1216 1306 1268 prorsas
1331 1202 1526 1254 accolis
1544 1203 1718 1268 fluviis
1736 1201 1902 1254 orba-

295 1287 419 1341 tum,
446 1281 647 1330 minore
668 1278 843 1344 ylorae'a
862 1279 1035 1342 fluore.
1093 1273 1198 1329 Seu
1218 1291 1402 1347 preces
1419 1273 1766 1341 coloniarum,
1795 1289 1900 1328 seu

292 1349 579 1408 difficultas
598 1355 819 1422 operum
839 1392 851 1414 ‚
894 1351 1010 1405 sive
1029 1349 1336 1421 superstitio
1356 1349 1552 1415 valuit,
1599 1350 1747 1404 utin
1767 1363 1898 1404 sen-

292 1427 510 1482 tentiam
531 1425 738 1480 Pisonis
767 1424 1164 1490 concederetur,
1195 1425 1292 1497 qui
1323 1422 1397 1479 nil
1429 1424 1751 1480 mutandum
1767 1439 1900 1478 cen-

292 1508 488 1558 suerat.
568 1501 881 1575 Prorogatur
900 1501 1141 1572 Poppaeo
1159 1498 1354 1555 Sabino
1380 1499 1655 1573 provincia
1673 1498 1895 1565 Moesia,

294 1576 485 1633 additis
506 1576 703 1632 Achaia
730 1592 791 1630 ac
809 1576 1131 1631 Macedonia.
1735 1624 1738 1627 ,

404 1656 489 1707 80.
533 1651 591 1706 Id
610 1667 828 1723 quoque
846 1668 1060 1706 morum
1079 1650 1279 1705 Tiberii
1300 1648 1428 1715 fuit,
1463 1650 1768 1705 continuare
1789 1650 1899 1703 im-

294 1729 460 1800 peria,
484 1744 545 1781 ac
560 1726 845 1798 plerosque
862 1725 930 1781 a'd
949 1726 1110 1781 finem
1127 1732 1268 1781 vitae
1284 1726 1342 1779 in
1361 1724 1553 1780 iisdem
1573 1723 1896 1781 exercitibus

293 1810 384 1857 aut
411 1801 871 1857 iurisdictionibus
899 1801 1114 1857 habere.
1194 1799 1426 1856 Caussae
1461 1801 1640 1856 variae
1676 1799 1900 1854 tradun-

296 1886 407 1933 tur:
450 1875 737 1932 alii-taedio
762 1886 929 1931 novae
958 1892 1118 1931 curae
1141 1879 1295 1930 semel
1313 1878 1517 1943 placita
1540 1892 1640 1943 pro
1671 1878 1900 1929 aeternis

294 1955 579 2008 servavisse
586 1972 607 2020 ,·
624 1950 847 2024 quidam
869 1955 1086 2014 invidia,
1107 1967 1172 2004 ne
1184 1954 1365 2019 plures
1381 1954 1697 2020 fruerentur.
1761 1947 1900 2003 Sunt

295 2028 394 2101 qui
414 2027 740 2093 existiment,
762 2033 825 2081 ut
842 2026 1078 2081 calidum
1098 2025 1217 2079 eius
1240 2025 1522 2098 ingenium
1538 2066 1551 2090 ‚
1579 2025 1650 2080 ita
1672 2024 1892 2079 anxium

296 2102 579 2159 iudicium.
658 2103 847 2173 Neque
864 2100 1009 2155 enim
1030 2100 1314 2155 eminentis
1335 2100 1558 2154 virtutes
1578 2099 1894 2165 sectabatur,

294 2186 347 2233 et
373 2194 594 2233 rursum
623 2177 753 2233 vitia
780 2176 987 2231 oderat:
1030 2191 1099 2229 ex
1123 2175 1342 2247 optimis
1371 2173 1673 2246 periculum
1693 2174 1797 2229 sibi
1813 2214 1826 2239 ‚
1865 2190 1898 2227 a

294 2252 547 2327 pessimis
577 2250 807 2307 dedecus
834 2249 1115 2323 publicum
1151 2250 1434 2305 metuebat.
1514 2247 1632 2315 Qua
1669 2248 1900 2305 haesita-

296 2330 439 2384 tione
454 2324 723 2400 postremo
736 2342 800 2382 eo
818 2332 1099 2398 provectus
1119 2332 1217 2391 est,
1240 2333 1301 2380 ut
1319 2324 1652 2380 mandaverit
1668 2321 1900 2396 quibus—

296 2404 421 2459 dam
442 2401 766 2475 provincias,
788 2414 926 2473 quos
946 2398 1126 2475 egredi
1145 2400 1279 2455 urbe
1297 2418 1404 2455 non
1430 2406 1540 2455 erat
1557 2416 1838 2472 passurus.

409 2481 493 2532 81.
536 2476 609 2531 De
628 2476 857 2532 comitiis
884 2475 1255 2533 consularibus
1271 2516 1286 2541 ‚
1328 2491 1468 2547 quae
1489 2482 1607 2529 tum
1635 2475 1896 2547 primum,

297 2552 393 2609 illo
409 2550 653 2624 principe
667 2593 680 2617 ,
704 2568 765 2606 ac
780 2548 1033 2624 deinceps
1056 2549 1204 2605 fuere
1218 2592 1232 2617 ‚
1255 2550 1350 2607 vix
1368 2549 1669 2623 quidquam
1689 2549 1902 2604 firmare

300 2628 505 2684 ausim:
547 2626 676 2683 adeo
693 2627 905 2683 diversa
924 2644 1029 2681 non
1051 2624 1210 2682 modo
1234 2624 1378 2699 apud
1406 2632 1644 2681 auctores
1660 2666 1674 2691 ,
1718 2622 1814 2679 sed
1841 2624 1902 2678 in

300 2704 475 2774 ipsius
494 2702 820 2758 orationibus
839 2702 1198 2775 reperiuntur.
1276 2699 1450 2766 Modo,
1473 2699 1756 2755 subtractis
1777 2712 1905 2753 can-

301 2776 601 2839 didatorum
630 2777 943 2834 nominibus
956 2819 971 2844 ‚
1008 2775 1274 2851 originem
1303 2776 1569 2848 cuiusque
1596 2780 1647 2829 et
1665 2774 1830 2831 vitam
1851 2782 1905 2829 et
