2081 3038
466 244 566 290 DE
601 243 1027 291 GERMANIA„
1071 244 1229 290 CAP.
1272 242 1513 292 37—39.
1682 237 1783 292 265

191 348 248 401 in
268 343 460 410 Gallia,
481 345 689 399 Drusus
709 361 770 399 ac
788 345 927 401 Nero
947 352 997 399 et
1005 343 1359 400 Germanicus
1377 347 1434 400 in
1455 345 1570 400 suis
1590 363 1678 402 eos
1698 361 1787 400 se-

189 419 350 475 dibus
389 419 747 490 perculerunt.
803 420 950 475 -Mox
981 422 1223 493 ingentes
1252 419 1312 475 C.
1345 419 1583 476 Caesaris
1608 422 1785 477 minae

191 497 247 549 in
269 494 563 550 ludibrium
583 500 784 549 versae.
836 494 964 550 Inde
982 496 1173 561 otium,
1201 495 1366 550 donec
1384 496 1654 551 occasione
1672 496 1787 551 dis-

191 570 396 625 cordiae
414 578 620 625 nostrae
643 578 694 624 et
710 569 953 627 civilium
973 588 1265 636 armorum,
1285 573 1602 644 expugnatis
1623 570 1787 644 legio-

193 661 324 700 num
361 645 622 710 hibernis,
663 647 820 700 etiam
861 645 1061 701 Gallias
1099 644 1450 702 adfectavere:
1501 663 1563 701 ac
1595 664 1785 700 rursus

192 718 335 791 pulsi
385 721 537 786 inde,
585 722 847 793 proximis
884 721 1214 792 temporibus
1262 720 1576 793 triumphat-i
1612 722 1786 794 magis

191 813 353 868 quam
377 796 502 851 victi
519 802 665 851 sunt.

298 875 384 926 38.
426 871 584 926 Nunc
621 870 686 925 de
724 870 916 927 Suevis
954 871 1240 927 dicendum
1279 881 1376 937 est,
1416 888 1648 944 quorum
1680 888 1785 926 non

193 963 318 1012 una,
343 955 402 1001 ut
417 944 687 1002 Cattorum
699 947 1159 1012 Tencterorumve,
1182 965 1342 1021 gens:
1366 947 1617 1002 maiorem
1642 947 1785 1001 enim

194 1021 508 1078 Germaniae
526 1030 728 1094 partem
749 1023 1008 1088 obtinent,
1035 1023 1266 1095 propriis
1287 1022 1462 1078 adhuc
1480 1022 1785 1079 nationibus
1851 1049 1859 1060 ν

191 1097 608 1170 nominibusque
628 1098 860 1164 discreti,
890 1115 1223 1170 quamquam
1246 1100 1305 1154 in
1326 1116 1609 1154 commune
1628 1099 1795 1156 Saevi.

191 1181 462 1231 vocentur.
540 1175 758 1248 Insigne
773 1174 969 1248 gentiS,
1007 1174 1286 1246 obliquare
1308 1175 1510 1230 crinem
1540 1173 1785 1246 nodoque

191 1249 572 1323 substringere.
651 1249 740 1306 Sic
768 1249 931 1304 Suevi
959 1267 991 1303 a
1019 1251 1204 1305 ceteris
1228 1250 1530 1316 GermaniS‚
1554 1250 1633 1305 sic
1652 1249 1786 1305 Sue-

193 1342 381 1379 vorum
401 1325 622 1398 ingenui
643 1343 672 1378 a
693 1327 883 1388 serviti,
907 1334 1238 1394 separantur.
1290 1326 1350 1379 In
1371 1325 1492 1379 aliis
1511 1326 1781 1398 gentibuS‚

192 1413 288 1453 seu
307 1400 614 1472 cognatione
633 1399 811 1471 aliqua
832 1399 1128 1455 Suevorum
1140 1441 1153 1464 ,
1174 1417 1268 1453 seu
1292 1400 1456 1470 (quod
1475 1417 1631 1470 saepe
1650 1401 1787 1454 acci-

191 1472 286 1546 dit)
307 1473 616 1539 imitatione,
639 1491 841 1539 tarum,
866 1481 917 1528 et
934 1474 1073 1527 intra
1092 1475 1338 1528 iuventae
1358 1475 1591 1546 spatium
1608 1493 1620 1544 ;
1644 1474 1785 1547 apud

191 1548 396 1605 Suevos
433 1566 610 1621 usque
647 1549 713 1604 ad
747 1549 993 1604 canifiem
1031 1549 1331 1604 horrentem
1370 1548 1623 1621 capillum
1653 1557 1788 1604 retro

192 1632 512 1697 sequuntur,
536 1641 598 1679 ac
614 1642 770 1696 saepe
789 1626 848 1681 in
865 1622 977 1682 solo
996 1625 1189 1680 vertice
1210 1622 1452 1698 religant.
1514 1626 1787 1697 Principes

192 1708 244 1755 et
267 1700 584 1755 ornatiorem
613 1700 827 1755 habent.
905 1700 982 1755 Ea
1011 1718 1139 1755 cura
1170 1698 1387 1767 formae,
1427 1700 1522 1754 sed
1547 1700 1783 1757 innoxia.

190 1776 381 1847 Neque
395 1775 540 1829 enim
561 1783 620 1829 ut
639 1783 816 1830 ament
830 1784 1169 1845 amenturve3
1195 1776 1250 1830 in
1272 1775 1604 1831 altitudinem
1614 1795 1789 1849 quan·
1866 1841 1873 1849 ι

190 1850 316 1905 dam
336 1859 388 1905 et
405 1858 676 1916 terrorem,
699 1851 895 1905 adituri
915 1851 1072 1917 bella,
1097 1851 1312 1922 compti,
1328 1858 1388 1906 ut
1406 1850 1639 1905 hostium
1659 1869 1791 1907 ocu-

190 1925 281 1991 lis,
299 1933 576 1981 ornantur.
833 1954 838 1959 ·

301 2004 410 2057 39..
447 2000 847 2057 Vetustissimos
883 2018 940 2055 se
979 2002 1451 2075 nobilissimosque
1488 2001 1785 2057 Suevorum

189 2075 482 2133 Semnones
501 2085 812 2132 memorant.
894 2076 1053 2131 Fides
1072 2078 1401 2150 antiquitatis
1422 2078 1675 2151 religione
1695 2078 1785 2131 fir-

190 2163 386 2208 matur.
465 2152 608 2208 Stato
637 2160 870 2223 tempore
897 2151 952 2206 in
980 2152 1194 2217 silvam,
1224 2154 1467 2226 auguriis
1496 2161 1709 2225 patrum
1738 2162 1789 2207 et

187 2230 366 2299 prisca
386 2226 670 2283 formidine
688 2244 911 2292 sacram,
924 2244 1110 2281 omnes
1130 2228 1369 2282 eiusdem
1391 2230 1672 2302 sanguinis
1692 2245 1788 2301 po-

188 2303 308 2375 puli
330 2302 682 2377 legationibus
711 2310 918 2368 coeunt,
945 2320 1205 2374 caesoque
1231 2303 1446 2374 publice
1465 2304 1683 2359 homine
1702 2320 1787 2357 ce-

190 2378 397 2435 lebrant
422 2378 634 2433 barbari
664 2380 799 2432 ritus
828 2377 1085 2434 horrenda
1114 2379 1422 2448 primordia.
1501 2379 1597 2434 Est
1617 2387 1667 2434 et
1686 2378 1787 2433 alia

190 2452 312 2511 luco
333 2453 642 2510 reverentia.
708 2454 876 2508 Nemo
894 2454 1001 2509 nisi
1021 2453 1237 2508 vinculo
1255 2454 1449 2527 ligatus
1468 2454 1783 2529 ingreditur,

191 2537 253 2584 ut
290 2530 465 2586 minor
502 2536 555 2584 et
591 2535 896 2601 potestatem
937 2529 1181 2584 numinis
1214 2546 1361 2605 prae
1372 2547 1431 2583 se
1458 2528 1649 2585 serens,
1729 2529 1787 2585 Si

190 2603 325 2659 forte
351 2603 633 2675 prolapsus
659 2615 756 2670 est,
790 2603 970 2659 adtolli
997 2612 1049 2658 et
1074 2604 1353 2677 insurgere
1380 2604 1525 2660 haud
1550 2605 1782 2662 licitum:

187 2696 288 2751 per
317 2678 546 2734 humum
576 2679 936 2735 evolvuntur:
965 2696 1137 2751 eoque
1164 2680 1340 2736 omnis
1374 2683 1679 2752 superstitio
1702 2698 1788 2737 re·

189 2754 372 2826 spicit,
385 2762 659 2827 tamquam
681 2755 806 2811 inde
823 2756 973 2811 initia
992 2756 1187 2829 gentiS,
1199 2756 1277 2810 ibi
1290 2764 1535 2830 regnator
1543 2757 1784 2814 omnium
