2081 3038
280 245 345 297 8-1.
760 251 1410 298 HISTORIARUM
1608 242 1882 316 (nmen.

280 350 433 405 solito
453 359 743 406 crematur:
772 370 969 424 paucos
992 353 1277 408 necessarii
1300 352 1540 422 ipsorum
1560 350 1880 425 sepelivere:

279 434 513 480 ceterum
536 425 733 500 vulgus
755 445 917 498 super
936 427 1170 482 humum
1193 426 1457 482 relictum.

391 503 475 556 46.
518 499 902 572 Opperiebatur
937 500 1075 558 Otho
1113 502 1366 556 nuntium
1407 519 1640 575 pugnae,
1683 519 1884 574 nequa—

278 593 445 648 quam
464 576 723 648 trepidus‚
756 587 804 630 et
825 575 1031 631 consilii
1055 583 1248 632 εει-ωε.
1329 578 1524 631 Maesta
1546 578 1786 648 primum
1809 576 1884 632 fa-

280 669 387 716 ma,
428 650 552 707 dein
591 650 801 724 profugi
842 669 870 704 e
906 651 1108 722 proelio
1149 651 1382 722 perditas
1420 669 1504 706 res
1540 651 1878 722 patefaciunt.

279 728 397 782 Non
416 728 741 798 exspectavit
758 727 991 780 militum
1012 725 1168 780 ardor
1193 737 1371 780 vocem
1396 727 1759 798 imperatoris:
1795 731 1884 781 bo—

278 820 403 857 num
427 805 613 858 habere
632 807 863 856 (inimum
882 801 1156 855 iubebant.
1239 801 1514 869 Superesse
1534 806 1704 857 adhue
1723 819 1884 856 novas

277 883 433 941 vires,
475 888 523 931 et
562 882 701 944 ipsos
740 886 975 930 extrema
997 894 1250 944 passuros
1283 895 1621 946 ausui-oeque.
1699 877 1884 948 Neque

278 961 388 1007 erat
407 951 656 1007 adulatio.
704 950 857 1005 {rein
878 951 1068 1014 aciem,
1091 951 1318 1006 excitare
1339 953 1568 1023 partium
1593 951 1880 1016 fortunam,

278 1027 456 1082 furore
475 1026 707 1098 quodam
729 1035 778 1078 et
801 1028 1052 1080 instinctu
1075 1024 1381 1099 flagrabant.
1461 1025 1568 1093 Qui
1585 1027 1769 1099 procui
1791 1026 1886 1081 ad-

278 1104 536 1164 stiterant,
577 1100 789 1155 tendere
811 1118 1024 1166 manuS,
1067 1110 1119 1156 et
1146 1102 1376 1173 proximi
1404 1119 1658 1173 prensare
1675 1119 1880 1176 genua3

278 1176 681 1248 promptissimo
725 1175 891 1232 Plotio
930 1177 1132 1232 Firmo.
1211 1177 1263 1232 Is
1299 1178 1550 1249 praetorii
1587 1176 1885 1249 praefectus

278 1250 565 1306 identidem
596 1251 795 1316 orabat,
840 1270 900 1305 ne
925 1255 1230 1321 fidissimum
1259 1257 1564 1316 exercitum,
1605 1269 1670 1310 ne
1698 1257 1889 1322 optime

278 1331 488 1381 meritos
516 1329 705 1382 milites
724 1331 1005 1380 desereret.-
1045 1331 1243 1382 maiore
1257 1332 1435 1382 animo
1459 1331 1678 1382 tolerari
1695 1332 1888 1382 ach-er-

278 1421 356 1466 sa,
388 1420 543 1471 quam
571 1405 831 1472 relinqui:
872 1407 1033 1472 sortes
1059 1410 1107 1456 et
1133 1411 1368 1458 strenuos
1394 1407 1550 1457 etiam
1571 1411 1753 1458 eontra
1773 1409 1888 1471 sor-

281 1487 458 1533 tunam
491 1482 726 1533 insistere
751 1482 888 1545 spei,·
932 1481 1136 1533 timidos
1165 1487 1214 1533 et
1242 1481 1457 1547 iynavos
1475 1481 1548 1533 ad
1565 1481 1888 1547 desperatio-

278 1572 391 1607 nem
411 1558 685 1622 for-midine
704 1570 1003 1621 properare.
1066 1552 1212 1618 Quas
1232 1554 1368 1607 inter
1388 1570 1564 1619 voces,
1591 1562 1652 1609 ut
1669 1552 1889 1609 flexerat

280 1627 489 1681 vultum
510 1635 601 1680 aut
623 1628 955 1683 induraverat
974 1626 1131 1692 Otho,
1155 1627 1352 1682 clamor
1371 1637 1422 1684 et
1439 1630 1694 1701 gemitus,
1777 1630 1892 1685 Nec

278 1701 592 1772 praetoriani
628 1710 851 1766 tantum,
882 1702 1132 1773 proprius
1161 1702 1386 1759 Othonis
1414 1703 1590 1768 miles,
1615 1703 1711 1759 sed
1729 1720 1886 1774 prae-

278 1776 433 1830 missi
452 1793 483 1829 e
502 1776 717 1842 Moesia,
741 1781 952 1831 eandem
974 1780 1366 1833 obstinationem
1383 1783 1715 1835 adventantis
1728 1796 1892 1833 exer-

278 1856 428 1915 citus,
456 1855 675 1921 leq-iones
694 1852 987 1921 Aquileiam
1006 1856 1284 1921 inqressas,
1307 1853 1641 1909 nuntiabant.
1702 1853 1774 1908 Ut
1793 1872 1892 1908 ne-

282 1944 371 1981 mo
398 1927 623 1991 dubitet,
666 1927 903 1998 potuisse
929 1928 1173 1983 renovari
1195 1926 1399 1985 bellum
1417 1936 1587 1995 atrox,
1630 1928 1887 2003 lugubre,

280 2005 541 2058 incertum
564 2002 717 2057 victis
739 2011 789 2056 et
812 2001 1121 2061 victoribus·

390 2080 473 2133 47.
517 2078 635 2149 lpse
656 2094 876 2133 aversus
896 2094 925 2131 a
945 2076 1184 2134 consiliis
1202 2076 1350 2143 belli,
1371 2081 1526 2143 hunc,
1547 2078 1746 2150 inquit,
1762 2086 1893 2134 oni-

276 2172 431 2217 mum,
474 2156 608 2208 hane
649 2158 889 2209 virtutem
926 2162 1152 2209 vestram
1186 2156 1334 2208 ultra
1363 2156 1618 2222 perieulis
1643 2156 1889 2219 obiicere,

276 2234 432 2285 nimis
465 2230 665 2298 &rande
711 2232 849 2283 vitae
886 2246 1027 2283 meae
1049 2231 1277 2297 pretium
1297 2236 1444 2296 puto.
1525 2228 1730 2294 Quanto
1763 2233 1895 2297 plus

274 2310 387 2374 spei
412 2308 695 2368 ostenditis,
727 2308 775 2359 si
800 2308 973 2359 vivere
997 2307 1248 2372 placeret,
1280 2312 1425 2359 tanto
1445 2306 1720 2371 pulchrior
1745 2322 1895 2359 mors

276 2385 393 2435 erit.
470 2380 694 2447 Experti
710 2383 929 2433 invicem
944 2396 1138 2442 sumus,
1161 2394 1251 2447 eqo
1267 2394 1332 2433 ae
1350 2384 1580 2446 fortuna,
1628 2379 1736 2434 Nec
1759 2387 1892 2433 tem-

270 2470 375 2521 pus
402 2459 835 2522 computaveritis.
911 2454 1195 2522 Difficilius
1223 2462 1297 2507 eat
1319 2462 1604 2521 temperare
1619 2456 1890 2523 felicitati,

277 2545 382 2596 qua
413 2537 459 2581 te
484 2546 588 2583 mm
610 2538 761 2597 putes
789 2533 880 2582 diu
909 2545 1142 2582 usurum.
1226 2527 1390 2583 Civile
1415 2531 1600 2582 bellum
1620 2547 1656 2583 a
1681 2528 1895 2583 Vitellio

277 2606 459 2666 eoepit,
498 2611 563 2665 et,
606 2612 662 2656 ut
698 2607 759 2655 de
776 2607 1078 2671 principatu
1121 2610 1436 2659 certaremus
1461 2607 1644 2665 armis,
1677 2606 1894 2657 initium

274 2675 387 2725 illie
406 2679 535 2741 suit.-
578 2693 637 2729 ne
654 2680 778 2743 plus
800 2694 953 2745 quam
971 2679 1126 2729 semel
1146 2685 1409 2736 certemus,
1438 2694 1592 2743 penes
1609 2694 1688 2731 me
1705 2694 1893 2733 eccem-

274 2747 419 2798 ntum
438 2751 552 2800 erit.
629 2748 767 2803 Hinc
790 2751 1031 2805 Othonem
1048 2754 1327 2817 posteritas
1347 2756 1593 2805 aestimet.
1650 2752 1896 2807 Fruatur
