2081 3038
574 557 631 622 G.
723 556 1260 623 CORNELII
1347 557 1732 622 TACiTl

1121 693 1190 730 AB

735 798 1030 840 EXCESSU
1082 801 1226 840 DIVI
1277 799 1570 840 AUGUSTI

354 907 403 980 A
578 907 631 981 N
806 909 858 981 N
1034 909 1086 981 A
1265 909 1308 981 L
1434 907 1508 1029 ,Ι
1677 908 1727 981 U
1895 909 1952 980 M

834 1047 1085 1102 LIBER
1133 1046 1468 1103 PR1MUS.

450 1305 797 1344 Breviarium.
849 1304 953 1354 Cap.
982 1305 1020 1344 1.
1069 1304 1147 1344 Rei
1170 1303 1384 1342 Romanae
1409 1303 1545 1342 status
1570 1302 1670 1342 ante
1692 1300 1950 1350 Augustum.

350 1375 389 1411 2.
405 1372 511 1412 Eius
531 1375 645 1412 artes
662 1375 707 1412 et
724 1373 794 1415 via
812 1373 865 1410 ad
882 1372 1124 1420 imperium.
1161 1372 1199 1410 3.
1209 1370 1326 1410 Varii
1345 1371 1399 1410 ab
1415 1368 1612 1419 Augusto
1633 1370 1834 1410 destinati
1851 1381 1948 1409 suc-

353 1449 563 1478 cessores.
604 1439 645 1478 4.
673 1439 819 1480 Status
845 1448 985 1476 rerum
1005 1440 1050 1476 et
1067 1437 1244 1478 affectus
1263 1439 1420 1476 civium
1440 1438 1520 1478 sub
1537 1435 1748 1486 Augusto.
1789 1434 1961 1478 Iudicia·

353 1505 407 1545 de
424 1505 758 1545 successoribus.
802 1505 841 1545 ὃ.
867 1504 1042 1545 Morbus
1066 1501 1263 1553 Augusti,
1293 1507 1338 1544 et
1361 1513 1478 1543 mors
1503 1504 1652 1545 celata.
1695 1503 1872 1545 Accitus
1897 1505 1952 1545 ad

352 1574 669 1615 successionem
702 1572 911 1613 Tiberius.
959 1574 999 1611 6.
1035 1571 1202 1611 Caedes
1233 1572 1426 1611 Postumi
1459 1571 1692 1620 Agrippae.
1745 1574 1785 1613 7.
1819 1574 1950 1613 Roma

353 1652 488 1691 prona
512 1642 557 1680 in
574 1641 840 1698 servitutem.
876 1638 1068 1679 Iuratum
1083 1640 1129 1677 in
1145 1639 1277 1677 verba
1296 1640 1400 1677 novi
1416 1639 1641 1687 Principis.
1675 1640 1786 1681 Eius.
1799 1641 1950 1679 callida

352 1710 661 1759 tergiversatio.
708 1709 748 1747 8.
774 1705 959 1755 Augusti
980 1708 1283 1747 testamentum
1303 1709 1347 1747 et
1362 1707 1546 1747 honores
1565 1707 1709 1747 eximii
1726 1708 1772 1747 in
1789 1708 1951 1747 funere.

351 1780 392 1816 9.
419 1776 485 1815 De
503 1770 699 1824 Augusto
727 1775 886 1813 iudicia
909 1776 954 1814 in
984 1777 1206 1825 utramque
1239 1760 1418 1825 partein.
1437 1774 1520 1813 .10.
1547 1774 1714 1813 Iudicia
1739 1776 1950 1823 sequiora.

284 1858 289 1863 ·
353 1846 415 1884 ll.
447 1844 642 1883 Tiberius
668 1844 893 1893 imperium
920 1843 1100 1883 subdole
1123 1844 1286 1891 renuit,
1323 1843 1502 1891 urgente
1527 1840 1700 1881 Senatu.
1752 1842 1953 1879 Rationa-

352 1913 464 1951 rium
489 1912 669 1959 imperii.
708 1913 770 1951 12.
799 1909 947 1951 Asinio
974 1912 1106 1951 iratus
1127 1912 1336 1957 Tiberius,
1391 1911 1456 1950 13.
1483 1920 1585 1949 mox
1610 1909 1834 1954 Arruntio,
1862 1908 1950 1946 Ha-

352 1978 458 2017 terio
484 1980 530 2018 et
554 1977 727 2017 Scauro.
778 1980 840 2017 14.
870 1978 1054 2019 Senatus
1081 1978 1268 2019 adulatio
1286 1978 1332 2017 in
1347 1976 1536 2025 Liviam,
1562 1976 1772 2016 a'riberio
1789 1979 1952 2024 tempe·

350 2047 458 2085 rata.
513 2045 577 2085 15.
603 2044 724 2085 Ratio
760 2047 1042 2086 comitiorum.
1094 2046 1207 2085 Ludi
1231 2044 1506 2093 Augustales.
1557 2044 1623 2085 16.
1657 2042 1818 2083 seditio
1843 2043 1953 2082 Pan-

353 2112 605 2151 nonicarnm
618 2111 851 2160 legionum,
864 2112 981 2152 vm.
1001 2112 1077 2152 IX.
1093 2112 1187 2153 XV.
1209 2111 1412 2153 Concitor
1428 2110 1701 2151 Percennius.
1737 2112 1798 2151 1⁷.
1815 2110 1954 2149 Huius

354 2178 583 2219 seditiosae
615 2178 857 2219 conciones.
928 2182 993 2221 18.
1026 2181 1148 2221 Furit
1181 2182 1331 2227 miles,
1369 2189 1496 2229 quem
1529 2178 1742 2219 moderari
1777 2180 1955 2217 conatur

352 2248 547 2289 Blaesus.
617 2248 681 2287 19.
720 2246 898 2295 Legatio
941 2248 995 2285 ad
1038 2244 1292 2297 Principem.
1361 2248 1424 2287 20.
1470 2246 1745 2287 Recrudescit
1779 2245 1952 2285 seditio.

354 2316 417 2355 21.
445 2314 626 2354 Blaesus
652 2316 810 2355 frustra
834 2314 1056 2362 obnititur,
1111 2317 1174 2356 22.
1211 2315 1414 2355 Vibuleni
1439 2314 1582 2353 fallaci
1606 2314 1792 2353 facinore
1818 2322 1953 2361 paene

354 2392 596 2431 oppressus.
651 2382 715 2422 23.
742 2383 918 2422 Tribuni
944 2382 1033 2423 mil.
1061 2382 1187 2431 pulsi.
1237 2382 1444 2421 Lucillius
1471 2390 1635 2420 caesus.
1693 2380 1756 2421 24.
1785 2380 1954 2421 Drusus

355 2450 555 2489 seditioni
582 2449 795 2489 sedandae
821 2452 978 2489 missus
1002 2460 1029 2493 a
1053 2450 1238 2491 Tiberio.
1292 2449 1357 2490 25.
1391 2450 1560 2489 Drusus
1593 2448 1761 2489 litteras
1794 2448 1954 2487 Tiberii

354 2518 521 2556 recitat.
558 2517 623 2556 26.
650 2516 833 2557 Militum
858 2519 1074 2566 postulata
1099 2518 1255 2559 differt.
1293 2516 1479 2557 Clamor.
1522 2517 1587 2557 27.
1607 2516 1718 2557 Hine
1743 2517 1953 2557 tumultus

354 2584 506 2623 acrior.
557 2584 733 2623 Lentuli
766 2586 1019 2633 periculum.
1073 2586 1138 2625 28.
1170 2586 1318 2626 Lunae
1345 2584 1528 2634 defectio
1554 2584 1780 2624 seditiosos
1805 2587 1950 2631 terret,

354 2661 435 2691 nec
452 2651 574 2690 deest
599 2653 810 2691 occasioni
837 2654 1017 2705 Drusus.
1061 2654 1128 2694 29.
1153 2654 1276 2694 Miles
1301 2654 1424 2703 ponIt
1447 2653 1668 2693 ferociam.
1709 2653 1775 2692 30.
1803 2651 1954 2701 Capita

354 2718 566 2758 tumultus
592 2728 729 2759 caesa.
765 2720 977 2769 Legiones
1004 2722 1194 2761 hibernis
1221 2722 1309 2761 suis
1335 2721 1542 2759 redditae.
1576 2722 1640 2761 31.
1669 2721 1849 2761 Gravior
1867 2720 1952 2759 ori-

355 2789 428 2825 tur
456 2786 609 2826 seditio
637 2786 855 2835 legionum
886 2792 983 2828 octo
1014 2789 1377 2830 Germanicarum.
1429 2788 1492 2827 32.
1523 2788 1711 2828 SnevItia
1735 2790 1781 2828 in
1807 2790 1954 2827 centu·-

356 2854 515 2893 riones.
568 2852 783 2895 Chaereae
808 2857 993 2895 facinus.
1048 2858 1113 2897 33.
1143 2854 1420 2897 Germanicus
1446 2854 1608 2897 Caesar
1633 2856 1686 2895 ad
1721 2856 1911 2903 legiones

436 2906 645 2962 Tannus
682 2908 727 2962 1.
1497 2909 1570 2963 A'
