2081 3038
278 220 519 287 Α.ο.71.)
687 224 845 270 ΜΒ.
884 222 977 271 lv.
1020 223 1200 269 cAP.
1243 224 1323 268 ao.
1363 224 1452 268 4⁰.
1777 217 1874 271 ⁴95

273 324 537 381 Antonius
566 322 975 379 Scribonianum
1008 324 1262 379 Crassum
1277 365 1290 388 ,
1323 323 1552 397 egregiis
1581 320 1876 381 maioribus

273 410 325 456 et
344 401 570 457 fraterna
590 396 825 474 imagine
842 398 1154 473 fulgentem,
1176 399 1242 453 ad
1260 398 1638 469 capessendam
1656 416 1878 472 rempu-

273 476 469 531 blicam
497 477 763 531 hortatus:
807 474 952 529 haud
980 473 1226 529 defutura
1255 475 1588 529 consciorum
1607 492 1792 541 manu,
1817 476 1877 530 ni

196 577 204 584 ·
275 552 653 607 Scribonianus
684 551 979 615 abnuisset,
1022 567 1090 605 ne
1117 550 1314 621 paratis
1345 549 1565 621 quidem
1594 552 1876 622 oonrumpi

276 626 465 692 saciliS,
509 626 637 681 adeo
665 635 908 681 metuens
937 626 1156 680 incerta.
1235 625 1403 699 Igitur
1423 625 1724 690 Mucianus,
1747 627 1876 697 quia

274 702 545 775 propalam
566 703 799 773 opprimi
819 700 1082 755 Antonius
1103 700 1376 771 nequibat,
1406 698 1591 753 multis
1612 700 1670 753 in
1690 708 1877 755 senatu

275 777 527 833 laudibus
548 776 903 839 cumulatum,
936 776 1152 830 secretis
1172 776 1454 846 promissis
1474 781 1672 839 onerat,
1698 779 1877 829 citeri—

277 872 415 908 orem
434 854 745 921 Hispaniam
761 858 1029 907 ostentans
1049 856 1276 905 discessu
1302 850 1474 904 Cluvii
1493 850 1608 918 Rufi
1628 866 1848 904 vacuam
1857 870 1876 917 ‚-

276 927 439 984 simul
460 928 646 983 amicis
674 928 791 981 eius
822 926 1126 981 tribunatus
1146 924 1611 996 praefecturasque
1631 923 1872 997 largitur.

276 1004 425 1068 Dein,
448 1011 730 1075 postquam
753 1003 965 1057 inanem
985 1002 1230 1056 animum
1250 1018 1346 1072 spe
1366 1009 1417 1055 et
1432 1000 1684 1071 cupidine
1705 998 1878 1069 inple-

275 1088 439 1147 verat,
482 1080 625 1135 vires
662 1077 862 1133 abolet:
904 1077 1130 1133 dimissa
1158 1077 1214 1131 in
1244 1077 1464 1131 hiberna
1485 1075 1692 1149 legione
1712 1075 1878 1145 septi-

273 1173 381 1221 ma,
406 1156 563 1209 cuius
584 1153 1029 1227 flagrantissimus
1052 1152 1108 1206 in
1129 1151 1422 1207 Antonium
1440 1169 1606 1207 amor.
1685 1150 1754 1204 Et
1771 1158 1877 1203 ter-

272 1232 343 1285 tia
365 1231 521 1303 legio,
545 1228 823 1286 familiaris
842 1227 997 1283 Arrio
1017 1227 1155 1283 Varo
1175 1227 1350 1291 milae,
1373 1228 1429 1281 in
1449 1226 1660 1300 Syriam
1683 1226 1877 1281 remis-

273 1324 351 1361 sa.
419 1306 547 1359 Pars
565 1305 829 1358 exercitus
849 1304 905 1357 in
931 1302 1246 1357 Germanias
1269 1302 1580 1357 ducebatur.
1647 1300 1736 1356 Sic
1753 1317 1864 1373 ege-

274 1390 373 1445 st0,
396 1378 663 1451 quidquid
686 1376 983 1439 turbidum,
1013 1375 1148 1429 redit
1169 1374 1290 1429 urbi
1311 1392 1410 1430 sua
1429 1375 1595 1431 forma
1622 1374 1876 1448 legesque

274 1462 325 1509 et
345 1454 531 1508 munia
558 1454 987 1524 magistratuum.

388 1532 470 1584 40.
514 1526 633 1593 Quo
659 1526 747 1580 die
776 1534 1019 1578 senatum
1043 1524 1319 1596 ingressus
1339 1531 1418 1578 est
1437 1524 1788 1588 Domitianus,
1811 1525 1877 1578 de

277 1603 513 1660 absentia
542 1601 707 1673 patris
736 1599 1023 1672 fratrisque
1050 1615 1112 1654 ac
1139 1597 1353 1654 iuventa
1383 1616 1480 1654 sua
1503 1615 1673 1671 pauca
1693 1607 1742 1652 et
1763 1617 1878 1654 mo-

275 1679 394 1735 dica
414 1677 686 1743 disseruit,
710 1676 933 1732 decorus
953 1674 1169 1730 habitu:
1211 1681 1281 1740 et,
1305 1675 1500 1748 ignotis
1519 1674 1696 1730 adhuc
1715 1675 1879 1729 mori-

276 1755 399 1819 bus,
440 1753 621 1808 crebra
658 1753 768 1808 oris
806 1749 1050 1808 confusio
1085 1767 1183 1821 pro
1212 1749 1468 1805 modestia
1495 1750 1871 1822 accipiebatur.

276 1829 548 1885 Refer-ente
586 1828 807 1884 Caesare
843 1827 911 1882 de
946 1824 1290 1882 restituendis
1330 1824 1528 1880 Galbae
1561 1826 1872 1890 honoribuS,

276 1906 485 1961 censuit
502 1904 719 1960 Curtius
739 1905 1044 1969 MontanuS,
1078 1910 1136 1956 ut
1153 1901 1363 1956 Pisonis
1383 1918 1600 1974 quoque
1619 1900 1875 1955 memoria

275 1981 642 2036 celebraretur.
721 1980 901 2034 Patres
946 1987 1239 2049 utrumque
1286 1977 1518 2032 iussere:
1579 1976 1647 2032 de
1685 1976 1876 2030 Pisone

272 2058 496 2113 inritum
528 2055 647 2111 fuit.
726 2056 866 2110 Tum
896 2062 1035 2109 sorte
1059 2053 1226 2119 ducti,
1261 2070 1360 2122 per
1386 2071 1513 2123 quos
1537 2057 1878 2108 redderentur

272 2137 403 2188 bello
422 2141 596 2200 rapta,
621 2136 810 2201 quique
829 2147 959 2184 aera
980 2133 1162 2198 legum,
1183 2137 1434 2184 vetustate
1454 2131 1684 2197 delapsa,
1697 2144 1877 2182 nosce-

272 2218 387 2264 rent
406 2212 732 2278 fiqerentque,
746 2215 794 2260 et
811 2211 993 2276 fastos,
1006 2207 1306 2258 adulatione
1327 2213 1608 2272 temporum
1625 2208 1876 2274 foedatos,

272 2290 633 2344 emonerarent,
648 2285 951 2350 modumque
964 2282 1191 2348 publicis
1209 2283 1438 2346 inpensis
1452 2285 1696 2348 facerent.
1737 2277 1877 2330 Red-

272 2359 417 2414 ditur
436 2356 610 2412 Tertio
629 2355 835 2412 Iuliano
855 2362 1120 2427 praetura,
1142 2361 1427 2424 postquam
1447 2352 1691 2425 cognitus
1712 2359 1791 2406 est
1811 2351 1876 2404 ad

276 2434 663 2506 Vespasianum
694 2429 1025 2503 confugisse:
1072 2428 1277 2500 Gripho
1298 2429 1466 2482 honor
1485 2427 1696 2482 mansit.
1775 2426 1878 2479 Re·-

272 2510 379 2581 peti
402 2508 526 2564 inde
544 2506 898 2580 cognitionem
921 2505 1057 2558 inter
1080 2502 1390 2559 Musonium
1413 2500 1610 2556 Rufum
1631 2509 1682 2555 et
1701 2501 1758 2554 P.
1779 2499 1878 2556 Ce-

275 2584 433 2640 lerem
455 2582 675 2655 placuit,
690 2581 1083 2652 damnatusque
1101 2576 1329 2634 Publius
1349 2586 1400 2632 et
1417 2575 1603 2632 Sorani
1624 2576 1875 2631 manibus

274 2659 623 2714 satisfactum.
702 2657 936 2730 Insignis
964 2654 1182 2728 publica
1212 2653 1489 2709 severitate
1515 2653 1646 2715 dies,
1677 2669 1744 2706 ne
1762 2652 1878 2724 pri-

276 2737 436 2790 vatim
460 2734 679 2807 quidem
703 2733 859 2789 laude
876 2732 1064 2788 caruit.
1116 2731 1322 2785 Iustum
1347 2728 1610 2860 ἱὲεξοίυω
1631 2727 1876 2801 explesse
