2081 3038
364 193 464 247 204
846 194 1496 243 HISTORIARUM
1697 185 1947 260 (A.u.824

366 303 494 352 bono
522 314 629 352 esee
655 300 830 353 antimo
852 296 1018 363 iubet,
1063 300 1292 366 belloque
1320 305 1369 351 et
1397 301 1564 351 armis
1602 299 1972 365 rempublicam

364 376 641 427 adtollere:
678 375 781 428 sibi
803 390 987 441 pacem
1014 374 1319 441 domumque
1343 389 1502 427 curae
1520 378 1648 441 sore.
1724 364 1867 425 Tum
1889 390 1972 426 ee-

367 447 609 503 lerrimas
632 448 874 513 navium,
908 446 1174 503 frumento
1193 454 1431 511 onustae,
1459 464 1619 501 saevo
1639 446 1818 501 adhuc
1839 443 1968 502 mari

365 525 664 579 committit.
745 522 957 594 Quippe
982 531 1126 578 tanto
1155 522 1466 577 discrimine
1489 522 1621 576 urbs
1651 522 1889 587 nutabat,
1913 534 1968 575 ut

364 600 548 653 decem
578 597 722 653 haud
742 598 975 670 amplius
996 597 1206 652 dierum
1228 597 1558 652 frumentum
1582 598 1636 651 in
1661 596 1867 651 horreis
1889 597 1970 650 fu-

366 676 484 741 erit,
506 692 633 729 cum
654 690 685 728 a
703 674 1030 745 Vespasiano
1051 680 1376 727 commeatus
1401 672 1717 727 subvenere.

475 754 560 804 53.
603 748 801 805 Curam
849 748 1160 805 restituendi
1200 747 1445 819 Capitolii
1484 749 1541 802 in
1585 749 1645 801 L.
1688 748 1966 802 Vestinum

367 824 583 890 confert,
617 825 881 895 equestris
907 824 1112 878 ordinis
1132 825 1331 887 virum,
1362 822 1457 877 sed
1478 824 1784 877 auctoritate
1805 822 1972 877 fama-
2049 830 2051 873 ἲ

366 918 474 972 que
492 901 629 955 inter
647 917 910 970 proceres.
989 897 1076 953 Ab
1096 916 1156 952 eo
1173 899 1423 953 contracti
1445 897 1757 969 haruspices
1779 916 1972 969 monu-

367 993 472 1041 ere,
515 983 574 1030 ut
603 973 862 1045 reliquiae
890 975 1084 1044 prioris
1103 973 1314 1028 delubri
1345 974 1400 1027 in
1429 972 1653 1044 paludes
1680 973 1970 1029 aveheren-
2050 1000 2051 1015 π

367 1062 480 1105 tur:
524 1049 784 1120 templum
813 1049 1007 1103 iisdem
1029 1050 1271 1123 vestigiis
1299 1049 1592 1103 sisteretur.
1673 1048 1826 1104 Nolle
1843 1049 1970 1105 deos

366 1126 560 1180 mutari
596 1132 823 1178 veterem
855 1124 1099 1178 formam.
1181 1123 1472 1179 Undecimo
1499 1123 1615 1178 Kal.
1645 1123 1806 1179 Iulias
1827 1143 1972 1180 sere-

366 1219 431 1255 na
464 1200 581 1255 luce
612 1199 847 1270 spatium
878 1216 1056 1264 omne,
1099 1200 1244 1272 quod
1263 1198 1459 1270 templo
1478 1199 1772 1264 dicabatur,
1816 1201 1972 1255 evin-
2050 1262 2051 1265 Ἰ

365 1284 510 1329 ctum
542 1275 687 1329 vittis
716 1276 1052 1347 coronisque.
1133 1275 1366 1347 Ingressi
1392 1273 1607 1339 militeS,
1649 1275 1778 1346 quis
1799 1274 1972 1331 fausta

366 1352 602 1415 nomina,
630 1349 875 1406 felicibus
907 1352 1092 1405 ramis,
1171 1351 1303 1405 Dein
1328 1350 1565 1423 virgines
1586 1349 1827 1405 Vestales
1847 1369 1972 1405 cum
2050 1368 2051 1417 3

365 1427 547 1499 pueris
578 1425 883 1499 puellisque
908 1426 1156 1499 patrimis
1184 1426 1558 1496 matrimisque
1584 1442 1744 1497 aqua,
1779 1426 1926 1481 vivis
1947 1444 1974 1480 e
2050 1418 2051 1455 ³

366 1502 601 1558 fontibus
620 1503 982 1576 amnibusque
1002 1502 1211 1566 hausta,
1235 1499 1496 1572 perluere.
1540 1500 1678 1556 Tum
1691 1500 1971 1558 Helvidius

368 1580 581 1632 Priscus
619 1586 845 1649 praetor,
887 1585 1172 1650 praeeunte
1206 1576 1410 1632 Plautio
1437 1575 1655 1632 Aeliano
1698 1579 1966 1648 pontifice,

366 1653 584 1708 lustrata
602 1652 1059 1708 suovetaurilibus
1084 1668 1203 1706 area
1223 1659 1274 1705 et
1291 1669 1454 1724 super
1468 1653 1728 1722 cespitem
1749 1653 1969 1708 redditis

364 1729 520 1792 extis,
546 1729 744 1793 lovem,
769 1729 1047 1791 Iunonem,
1061 1727 1380 1792 Minervam,
1399 1727 1780 1799 praesidesque
1799 1729 1970 1800 impe-

364 1806 431 1858 rii
468 1804 595 1859 deos
634 1813 898 1875 precatae,
941 1803 1019 1856 uti
1060 1809 1240 1872 coepta
1273 1811 1662 1874 prosperarent,
1705 1803 1970 1874 sedesque

363 1897 510 1945 suae,
552 1880 745 1951 pietate
772 1879 1056 1932 hominum
1084 1878 1376 1945 inchoatas,
1417 1877 1602 1933 divina
1631 1893 1732 1950 ope
1752 1878 1968 1934 adtolle-

364 1963 499 2020 rent,
534 1955 711 2018 vittas,
754 1954 881 2024 quis
909 1951 1106 2026 ligatus
1134 1952 1270 2025 lapis
1301 1953 1595 2025 innexique
1623 1953 1780 2008 funes
1799 1962 1963 2018 erant,

363 2030 601 2104 contigit.
682 2027 855 2083 Simul
884 2029 1044 2084 ceteri
1066 2031 1406 2103 magistratus
1433 2037 1484 2083 et
1499 2029 1795 2084 sacerdotes
1817 2037 1870 2084 et
1889 2047 1967 2084 se-

366 2116 522 2160 natus
542 2112 593 2160 et
610 2120 777 2176 eques
796 2112 849 2159 et
868 2121 1064 2177 magna
1091 2122 1216 2176 pars
1237 2102 1441 2175 populi,
1467 2104 1645 2158 studio
1667 2103 1965 2175 laetitiaque

363 2181 599 2245 connixi,
641 2197 835 2234 saxum
868 2181 1062 2252 ingens
1091 2188 1312 2234 traxere.
1393 2179 1710 2249 Passimque
1748 2179 1964 2234 iniectae

367 2256 726 2311 fundamentis
754 2255 957 2330 argenti
986 2255 1216 2327 aurique
1236 2254 1402 2324 stipes
1431 2261 1484 2308 et
1503 2253 1840 2309 metallorum
1861 2256 1964 2324 pri-

367 2331 575 2394 mitiae,
626 2329 793 2385 nullis
833 2330 1140 2386 fornacibus
1178 2329 1370 2395 victae,
1417 2328 1512 2384 sed
1551 2335 1612 2383 ut
1645 2329 1959 2401 gignuntur.
2048 2383 2049 2398 χ

367 2404 677 2459 Praedixere
695 2405 1028 2477 haruspices,
1059 2423 1126 2460 ne
1147 2411 1488 2459 temeraretur
1505 2421 1643 2474 opus
1661 2420 1794 2458 saxo
1814 2419 1964 2458 auro·
2048 2407 2049 2418 ¹

366 2495 449 2542 ve,
482 2479 539 2532 in
568 2478 717 2534 aliud
744 2480 1022 2537 destinato.
1103 2479 1340 2534 Altitudo
1368 2479 1591 2534 aedibus
1611 2477 1834 2533 adiecta.
1913 2475 1960 2530 ld
2048 2473 2049 2507 ³

364 2550 540 2608 solum
570 2553 758 2627 religio
786 2555 1037 2610 adnuere.
1117 2555 1186 2610 Et
1200 2554 1396 2626 prioris
1415 2553 1600 2625 templi
1621 2553 1962 2626 magnificen-

365 2627 468 2678 tiae
484 2625 723 2684 defuisse
739 2631 1020 2686 creditum.

474 2702 561 2756 54.
602 2702 797 2760 Audita
816 2707 1031 2762 interim
1050 2722 1148 2776 per
1166 2704 1366 2760 Gallias
1376 2703 1806 2775 Germaniasque
1827 2719 1962 2760 mors

924 2963 973 2974 ἦ.
