2081 3038
320 207 421 260 202
803 208 1460 257 HISTORIARUM
1654 198 1932 277 (mmm.

321 318 625 384 exposcere.
706 310 917 369 Gaudio
942 310 1378 384 clamoribusque
1399 318 1591 367 cuncta
1609 312 1923 380 miscebant,

320 386 654 461 indiligentia
676 388 789 443 veri
809 394 859 441 et
876 386 1129 442 adulandi
1149 386 1390 443 libidine.
1448 388 1592 453 Piso,
1615 387 1814 443 indicio
1831 386 1926 441 Sa-

320 464 501 536 gittae,
544 462 627 518 vel
657 464 819 518 insita
847 462 1123 528 modestia,
1164 479 1271 518 non
1297 462 1357 518 in
1375 462 1659 535 publicum
1679 480 1925 537 egressus

321 546 420 603 est,
444 554 621 611 neque
640 556 698 593 se
716 537 910 593 studiis
937 537 1088 611 vulgi
1107 538 1369 611 permisit.
1439 536 1926 611 Centurionemque

320 622 716 685 percunctatus,
760 621 1045 685 postquam
1083 614 1391 685 quaesitum
1431 613 1538 669 sibi
1577 614 1780 669 crimen
1809 630 1929 668 cae—

321 689 555 762 demque
590 689 866 761 comperit,
908 688 1261 744 animadverti
1299 689 1357 744 in
1396 704 1523 744 eum
1559 689 1739 755 iussit,
1781 688 1929 744 baud

321 766 543 837 perinde
560 782 657 837 spe
675 766 833 829 vitae,
856 780 1021 835 quam
1047 764 1124 819 ira
1144 764 1201 818 in
1220 763 1763 837 percussorem,quod
1783 764 1927 819 idem

322 856 390 895 ex
410 840 832 897 interfectoribus
852 838 1024 894 Clodii
1045 839 1228 905 Macri,
1261 847 1508 894 cruentas
1528 838 1686 913 legati
1706 840 1931 915 sangui-

324 933 392 971 ne
430 933 625 971 manus
662 914 729 970 ad
766 914 980 969 caedem
1017 913 1352 988 proconsulis
1383 914 1673 971 retulisset.
1752 914 1930 971 Anxio

322 991 515 1046 deinde
552 991 721 1045 edicto
759 988 1292 1063 Carthaginiensibus
1335 990 1626 1063 increpitis,
1669 1006 1738 1045 ne
1774 990 1931 1047 solita

322 1066 543 1138 quidem
572 1065 760 1119 munia
788 1065 1110 1136 usurpabat,
1151 1065 1370 1121 clausus
1397 1066 1536 1121 intra
1563 1065 1815 1132 domum,
1859 1083 1932 1121 ne

322 1159 431 1212 qua
452 1148 628 1195 motus
649 1139 775 1194 novi
794 1157 985 1195 caussa
1006 1140 1090 1195 vel
1111 1139 1242 1196 forte
1263 1140 1508 1197 oriremr.

246 1281 252 1289 '
432 1218 517 1269 50.
560 1214 665 1269 Sed
691 1214 789 1269 ubi
819 1216 973 1270 Festo
1008 1217 1358 1271 consternatio
1386 1215 1557 1291 vulgi,
1597 1215 1931 1272 centurionis

320 1290 673 1362 supplicium,
706 1307 939 1363 veraque
966 1299 1019 1346 et
1044 1290 1176 1347 falsa
1204 1308 1353 1347 more
1377 1290 1549 1346 famae
1567 1291 1626 1346 in
1645 1291 1824 1346 maius
1844 1292 1933 1347 in-

254 1402 279 1415 ·.
322 1376 560 1432 notuere,
594 1367 800 1439 equites
828 1367 886 1422 in
916 1384 1102 1421 necem
1130 1368 1340 1423 Pisonis
1369 1368 1548 1422 mittit.
1628 1366 1710 1421 Illi
1731 1368 1932 1437 raptim

323 1444 480 1509 vecti,
500 1443 729 1498 obscuro
748 1441 925 1497 adhuc
942 1450 1156 1515 coeptae
1173 1441 1331 1509 lucis,
1350 1442 1572 1498 domum
1592 1442 1932 1514 proconsulis

321 1521 661 1591 inrumpunt,
702 1517 967 1574 destrictis
993 1517 1218 1594 gladiis:
1259 1526 1313 1574 et
1341 1535 1537 1593 magna
1563 1535 1687 1591 pars
1716 1517 1931 1574 Pisonis

322 1596 516 1667 ignari,
551 1594 695 1666 quod
715 1595 915 1651 Poenos
936 1594 1224 1651 auxiliares
1243 1595 1565 1668 Maurosque
1590 1594 1646 1649 in
1669 1609 1788 1650 eam
1810 1611 1932 1650 cae-

322 1671 445 1725 dem
483 1669 763 1744 delegerat.
842 1670 999 1726 Haud
1036 1669 1222 1741 procul
1263 1669 1511 1727 cubiculo
1535 1668 1759 1726 obvium
1795 1667 1931 1726 forte

321 1761 541 1799 servum
557 1787 570 1810 ,
624 1749 864 1815 quisnam
910 1755 960 1800 et
1004 1749 1096 1800 ubi
1138 1754 1267 1800 essct
1303 1744 1462 1801 Piso?
1515 1746 1926 1820 interrogavere.

322 1819 523 1876 Servus
562 1821 773 1894 egregio
810 1820 1106 1886 mendacio,
1147 1838 1202 1875 se
1226 1822 1458 1876 Pisonem
1473 1837 1597 1884 esso,
1621 1821 1926 1892 respondit:

323 1913 385 1950 ac
412 1897 591 1951 statim
617 1896 981 1952 obtruncatur.
1061 1896 1172 1951 Nec
1202 1896 1370 1951 multo
1387 1903 1507 1968 post
1525 1896 1648 1951 Piso
1671 1895 1930 1952 interfici-

322 1980 439 2027 tur:
502 1987 736 2042 namque
772 1970 969 2036 aderat,
1011 1971 1111 2043 qui
1139 1979 1394 2037 nosceret,
1434 1971 1630 2026 Bebius
1656 1971 1854 2037 Massa,
1898 1989 1930 2026 e

321 2046 753 2119 procuratoribus
774 2044 1001 2111 Africae,
1026 2046 1134 2101 iam
1155 2054 1284 2101 tunc
1301 2047 1502 2118 optimo
1521 2047 1718 2119 cuique
1737 2047 1931 2104 exitio-
2025 2073 2032 2080 ·

324 2140 439 2187 sus,
462 2123 588 2177 etin
608 2139 825 2176 caussas
846 2120 1132 2188 malorum,
1145 2138 1285 2196 quae
1305 2139 1431 2177 mox
1447 2121 1695 2187 tulimus,
1709 2123 1928 2194 saepius

323 2196 610 2252 rediturus.
678 2197 869 2252 Festus
886 2196 1197 2262 Adrumeto,
1223 2196 1317 2253 ubi
1337 2196 1774 2269 speculabundus
1795 2197 1929 2253 sub-

324 2274 543 2337 stiterat,
576 2271 643 2326 ad
664 2271 926 2345 legionem
957 2271 1242 2336 contendit,
1273 2270 1709 2345 praefectumque
1727 2280 1927 2328 castro-

324 2363 467 2410 rum,
509 2346 813 2402 Cetronium
834 2349 1111 2413 Pisanum,
1153 2348 1348 2402 vinciri
1375 2347 1554 2414 iussit,
1595 2347 1841 2419 proprias
1860 2348 1928 2402 ob

324 2419 647 2476 simultates:
690 2423 786 2476 sed
816 2424 1017 2478 Pisonis
1043 2425 1317 2478 satellitem
1345 2423 1582 2488 vocabat,
1620 2421 1929 2496 militesque

323 2502 375 2546 et
400 2495 735 2551 centuriones
762 2497 1022 2568 quosdam
1053 2497 1249 2568 puniit,
1277 2496 1408 2552 alios
1428 2497 1684 2568 praemiis
1704 2495 1927 2554 adfecit:

324 2576 575 2622 neutrum
596 2587 662 2624 ex
684 2572 889 2636 merito,
920 2572 1017 2626 sed
1036 2579 1097 2626 ut
1112 2573 1444 2642 oppressisse
1461 2571 1665 2627 beilum
1685 2571 1928 2626 eredere-

326 2649 430 2694 tur.
489 2643 613 2698 Mox
630 2642 923 2700 Oeensium
944 2646 1452 2718 Leptitanorumque
1467 2646 1761 2702 discordias
1779 2661 1930 2702 com-

324 2714 489 2780 ponit,
521 2733 679 2787 quae,
711 2725 867 2791 raptu
894 2719 1116 2794 frugum
1145 2727 1198 2777 et
1221 2737 1474 2792 pecorum
1501 2721 1642 2779 inter
1664 2730 1925 2796 agrem,
