2081 3038
208 272 258 312 A.
280 273 331 314 e.
358 255 453 330 ιε.)
646 265 803 313 Lln.
841 265 913 313 11.
954 267 1056 314 cA
1075 267 1130 314 Ρ.
1173 268 1252 314 ⁵⁵.
1295 229 1408 314 sss
1740 264 1804 316 83

206 365 285 420 ris
322 364 636 438 adsequitur
672 363 1055 423 Germanicum
1093 367 1237 440 apud
1271 367 1505 424 insulam
1531 369 1802 436 Rhodum,

209 440 357 496 haud
393 441 637 496 nescium
653 481 667 507 ,
698 439 902 514 quihus
940 441 1374 499 insectationibus
1410 445 1608 517 petitus
1641 443 1800 500 foret:

209 516 307 572 sed
326 523 467 572 tanta
485 516 897 572 mansuetudine
916 517 1122 592 agebat,
1144 523 1224 583 ut,
1247 534 1370 573 cum
1389 527 1500 576 orta
1519 527 1805 592 tempestas

210 599 419 664 raperet
442 591 501 646 in
528 590 752 663 abrupta
767 633 781 658 ‚
821 599 1108 666 possetque
1135 593 1380 648 interitus
1407 595 1614 649 inimici
1632 595 1699 650 ad
1718 611 1806 649 ca-

209 683 335 722 sum
359 664 564 732 referri,
592 666 799 722 miserit
826 667 1081 734 triremis,
1102 684 1336 740 quarum
1356 668 1598 724 subsidio
1615 669 1806 724 discri-

211 742 347 798 mini
367 741 705 798 eximeretur.
784 743 971 815 Neque
988 749 1166 798 tamen
1185 742 1461 816 mitigatus
1478 743 1620 809 Piso,
1643 751 1694 798 et
1711 745 1807 800 vix

208 816 319 872 diei
337 833 541 872 moram
558 831 867 890 perpessus,
890 815 1088 891 linquit
1107 817 1489 874 Germanicum
1505 819 1807 890 praevenit-

210 909 347 964 que:
390 900 459 958 et,
481 899 765 964 postquam
786 890 997 966 Syriam
1018 910 1080 948 ac
1097 889 1332 966 legiones
1351 893 1542 968 attigit,
1571 892 1808 968 largitio-

212 984 298 1032 ne,-
322 965 546 1032 ambitu,
567 965 781 1022 infimos
800 967 1221 1039 manipularium
1239 967 1492 1035 iuvando,
1515 985 1641 1024 cum
1659 975 1806 1024 vete-

211 1058 295 1098 res
322 1041 676 1108 centuriones,
708 1059 920 1100 severos
947 1041 1190 1098 tribunos
1215 1043 1516 1100 demoveret
1529 1085 1543 1110 ‚
1584 1042 1806 1116 locaque

208 1133 393 1172 eorum
403 1115 697 1174 clientibus
714 1117 831 1174 suis
849 1116 930 1174 vel
950 1117 1232 1174 deterrimo
1245 1119 1370 1192 cuiq
1377 1136 1442 1174 ue
1459 1119 1801 1185 adtribueret‚

206 1191 469 1248 desidiam
486 1191 547 1248 in
566 1193 772 1258 castris,
802 1192 1070 1249 licentiam
1089 1195 1148 1248 in
1167 1193 1414 1260 urbibus,
1435 1211 1635 1269 vagum
1649 1209 1712 1248 ac
1727 1193 1806 1248 la-

206 1266 519 1324 scivientem
545 1283 643 1338 per
670 1283 825 1341 agros
853 1268 1080 1324 militem
1108 1269 1324 1335 sineret,
1346 1285 1408 1324 eo
1425 1285 1601 1342 usque
1619 1287 1805 1326 corru-

207 1342 405 1414 ptionis
423 1349 707 1414 provectus
725 1350 825 1409 est,
838 1349 899 1398 ut
916 1360 1161 1398 sermone
1170 1342 1321 1416 vulgi
1336 1361 1530 1412 parens
1549 1347 1804 1414 loqionum

207 1417 510 1472 haberetur.
578 1417 690 1472 Nec
708 1415 958 1472 Plancina
976 1435 1035 1472 se
1057 1419 1195 1472 intra
1214 1417 1400 1474 decora
1419 1419 1635 1474 feminis
1657 1427 1806 1474 tene-

207 1493 325 1561 bat3
366 1490 464 1549 sed
490 1491 740 1548 exercitio
764 1492 1029 1564 equitum,
1062 1491 1378 1547 decursibus
1403 1492 1698 1549 cohortium
1718 1496 1806 1549 in-

208 1576 434 1623 teresse:
472 1566 533 1621 in
561 1566 935 1640 Agrippinam,
966 1568 1024 1622 in
1045 1566 1424 1623 Germanicum
1455 1568 1806 1623 contumelias

207 1644 407 1697 iacere:
457 1640 785 1713 quibusdam
823 1641 983 1697 etiam
1016 1640 1292 1703 bonorum,
1309 1640 1544 1697 militum
1570 1642 1638 1697 ad
1664 1642 1803 1698 mala

208 1714 469 1788 obsequia
507 1715 789 1787 promptis,
830 1715 995 1789 quod,
1030 1714 1179 1772 baud
1205 1716 1374 1773 invito
1401 1718 1716 1789 imperatore
1743 1734 1804 1773 ea

213 1792 349 1856 lieri,
370 1788 607 1847 occultus
626 1788 809 1847 ru'mor
826 1790 1118 1847 incedebat.
1433 1821 1439 1825 ·

322 1867 408 1920 56.
448 1865 579 1921 Nota
599 1864 729 1921 baec
748 1865 1110 1935 Germanico3,
1133 1865 1229 1922 sed
1249 1868 1509 1938 praeverti
1529 1867 1598 1924 ad
1615 1866 1806 1923 Arme-

214 1940 333 1995 nios
351 1940 629 1997 instantior
647 1957 775 1998 cura
794 1941 915 1998 fuit.
984 1940 1254 2015 Ambigua
1272 1959 1405 2016 gens
1426 1959 1486 1999 ea
1505 1943 1805 2016 antiquitus

212 2015 495 2071 hominum
521 2014 752 2089 ingeniis
778 2025 829 2071 et
854 2018 963 2073 situ
989 2025 1251 2072 terrarum
1265 2058 1279 2082 ‚
1308 2017 1584 2089 quoniam,
1608 2018 1804 2074 nostris

211 2090 505 2163 provinciis
533 2089 635 2145 late
651 2098 936 2162 praetenta,
956 2093 1172 2165 penitus
1200 2090 1267 2146 ad
1285 2090 1466 2147 Medos
1482 2092 1802 2165 porrigitur;

211 2164 575 2238 maximisque
608 2164 851 2237 imperiis
886 2166 1145 2222 interiecti
1161 2208 1174 2232 ‚
1217 2174 1269 2221 et
1294 2167 1508 2239 saepius
1535 2165 1804 2225 discordes

210 2247 359 2307 sunt,
398 2239 655 2297 adversus
691 2240 955 2297 Romanos
990 2241 1116 2297 odio
1139 2248 1191 2297 et
1215 2242 1274 2297 in
1301 2240 1555 2297 Parthum
1575 2240 1802 2297 invidia.

211 2316 411 2390 Regem
448 2312 541 2371 illa
575 2322 885 2388 tempestate
912 2332 1018 2375 non
1045 2314 1330 2382 habebant,
1359 2323 1534 2375 amoto
1555 2316 1801 2374 Vonone:

211 2390 310 2447 sed
344 2389 492 2447 favor
523 2389 755 2446 nationis
780 2390 1070 2447 inclinabat
1092 2390 1151 2447 in
1182 2392 1444 2447 Zenonem
1461 2432 1475 2458 ,
1507 2388 1806 2447 Polemonis

210 2465 357 2541 regis
374 2466 575 2521 Pontici
594 2462 788 2531 filium,
800 2464 946 2538 quod
963 2466 1013 2522 is
1029 2466 1206 2538 prima
1223 2465 1292 2521 ab
1309 2464 1552 2532 infantia,
1563 2466 1805 2521 instituta

210 2549 263 2597 et
300 2539 505 2597 cultum
539 2538 913 2596 Armeniorum
950 2540 1248 2597 aemulatus
1262 2582 1278 2607 ‚
1307 2548 1522 2607 venatu,
1553 2540 1728 2613 epulis
1757 2549 1808 2596 et

210 2632 353 2689 quae
379 2614 483 2671 alia
510 2614 725 2671 barbari
752 2614 1034 2683 celebrant,
1056 2631 1302 2688 proceres
1317 2614 1639 2689 plebemque
1658 2617 1808 2673 iuxta

208 2690 541 2749 devinxerat.
617 2690 787 2765 Igitur
814 2690 1169 2748 Germanicus
1195 2690 1254 2745 in
1274 2690 1409 2747 urbe
1425 2688 1690 2759 Artaxata,
1713 2690 1810 2745 ad—

209 2766 559 2841 probantibus
579 2764 871 2837 nobilibus,
884 2763 1212 2823 circumfusa
1221 2764 1581 2897 mulltitudine,
1593 2767 1810 2839 insigne
