2081 3038
308 259 403 318 ⁴26
874 265 1350 315 ANNAMUM
1639 257 1910 334 (amm.

306 369 629 424 restantibus
649 368 867 426 laminis
888 370 1174 426 adversum
1193 369 1300 442 pila
1333 376 1386 423 et
1408 367 1643 443 gladios:
1686 368 1779 424 sed
1807 369 1916 423 mi—

305 444 383 500 les
398 487 411 511 ,
440 447 695 516 correptis
716 446 998 500 securibus
1018 454 1070 500 et
1087 445 1322 500 dolabris
1336 487 1349 510 ,
1382 453 1442 499 ut
1468 447 1515 499 si
1543 461 1762 499 murum
1791 461 1916 517 per-

305 529 603 593 rumperet,
638 521 855 576 caedere
884 522 1116 594 tegmina
1136 527 1186 574 et
1203 537 1448 592 corpora:
1489 521 1710 592 quidam
1741 520 1916 575 trudi-

308 595 411 651 bus
448 604 540 652 aut
578 594 743 651 furcis
781 597 1003 652 inertem
1033 595 1224 651 molem
1256 604 1613 667 prosternere3
1655 597 1916 650 iacentes-

306 689 443 745 que,
472 671 623 727 nullo
640 672 708 726 ad
727 671 1116 746 resurgendum
1139 673 1293 736 nisu,
1323 672 1484 744 quasi
1513 672 1786 725 exanimes
1809 669 1916 724 lin-

308 747 626 819 quebantur.
666 746 910 818 Sacrovir
924 749 1104 819 primo
1123 746 1596 820 Augustodunum,
1621 745 1742 800 dein
1765 755 1914 799 metu

308 822 589 878 deditionis
610 824 665 878 in
690 821 873 878 villam
892 823 1251 895 propinquam
1272 839 1396 876 cum
1420 821 1698 876 fidissimis
1717 822 1915 892 pergit.

312 897 425 953 {llic
450 915 567 953 sua·
577 915 739 952 manu
756 940 771 962 ,
804 897 1001 971 reliqui
1026 898 1232 953 mutuis
1259 898 1458 952 ictibus
1489 896 1746 952 occidere.
1828 897 1922 951 ln-

308 991 465 1029 censa
483 990 645 1044 super
667 973 813 1040 villa,
836 989 1023 1028 omnes
1044 973 1319 1053 cremavit.

422 1050 505 1103 Π.
546 1049 687 1102 Tum
725 1048 946 1104 demum
984 1049 1233 1105 Tiherius
1250 1091 1264 1114 ,
1315 1056 1492 1104 ortum
1539 1055 1922 1120 patratumque

309 1123 511 1178 bellum
526 1164 540 1188 ,
582 1124 791 1178 senatui
816 1125 1059 1196 scripsit:
1105 1139 1280 1197 neque
1318 1125 1552 1196 dempsit
1587 1131 1678 1178 aut
1713 1122 1923 1179 addidit

313 1216 461 1266 ver03
503 1197 597 1252 sed
627 1197 730 1252 fide
758 1215 819 1253 ac
852 1200 1050 1255 virtute
1091 1198 1288 1274 legatos
1304 1241 1317 1264 ,
1360 1215 1418 1254 se
1454 1198 1693 1254 consiliis
1725 1215 1923 1270 super-

312 1274 498 1329 fuisse·
578 1271 751 1327 Simul
772 1289 1009 1339 caussas,
1032 1291 1130 1330 cur
1152 1291 1256 1330 non
1279 1277 1413 1346 ipse,
1439 1291 1543 1329 non
1565 1275 1772 1328 Drusus
1789 1291 1914 1346 pro-

313 1349 430 1403 fecti
451 1347 517 1403 ad
540 1348 593 1402 id
613 1347 816 1403 bellum
848 1347 1044 1415 forent,
1078 1350 1348 1414 adiunxit,
1381 1353 1786 1418 maynitudinem
1813 1358 1923 1403 fm-

306 1428 445 1495 perii
476 1423 761 1493 extollens3
802 1441 965 1496 mque
992 1429 1234 1480 decorum
1255 1427 1608 1494 principibus,
1637 1429 1688 1480 ει·
1703 1443 1810 1479 una
1829 1427 1923 1479 al-

312 1511 484 1557 terave
515 1505 701 1557 civitas
729 1503 922 1566 turbet,
952 1506 1143 1557 omissa
1161 1504 1314 1567 urbe,
1357 1505 1492 1557 unde
1509 1505 1565 1557 in
1583 1504 1757 1556 munia
1773 1503 1923 1570 reqi-

308 1594 453 1651 men„
519 1578 672 1635 Nunc
687 1619 699 1643 ,
725 1582 852 1648 quia
870 1594 973 1633 non
990 1586 1126 1632 metu
1148 1582 1401 1641 ducatur,
1427 1583 1648 1641 iturum,
1679 1586 1739 1631 ut
1754 1592 1924 1645 prae-

308 1658 475 1707 semia
498 1661 756 1721 spectaret
777 1662 1209 1724 componet-etque.
1287 1652 1573 1708 Decrevere
1593 1659 1768 1724 patres
1799 1660 1919 1706 vota

309 1745 406 1799 pro
425 1728 598 1784 reditu
620 1729 738 1784 eius
756 1728 1301 1802 supplicationesque,
1325 1736 1375 1782 et
1394 1728 1495 1781 alia
1518 1728 1718 1783 decora.
1760 1727 1920 1782 Solus

309 1801 575 1857 Dolabella
598 1803 876 1860 Cornelius
891 1846 903 1870 ‚
935 1804 1068 1860 dum
1089 1805 1289 1858 anteire
1305 1811 1698 1875 ceteros'parat,
1728 1802 1922 1857 absur-

308 1877 433 1931 dam
469 1878 523 1931 in
559 1878 911 1935 adulationem
940 1896 1285 1953 progressus,
1328 1880 1566 1945 censuit,
1609 1887 1668 1932 ut
1703 1896 1866 1933 ovans
1895 1896 1922 1930 e

316 1952 604 2021 Campania
624 1957 801 2010 urbem
821 1961 1082 2012 introiret.
1156 1955 1322 2029 Igitur
1341 1962 1552 2009 secutae
1569 1953 1812 2011 Caesaris
1836 1953 1922 2009 lit-

304 2036 470 2103 terae,
494 2028 699 2102 quibus
718 2048 773 2085 se
790 2048 894 2086 non
914 2040 1019 2085 tam
1037 2048 1262 2085 vacuum
1279 2032 1452 2100 ylaria
1467 2030 1827 2098 praedicabat,
1842 2038 1918 2090 ut,

306 2112 423 2171 post
448 2108 801 2172 ferocissimas
824 2115 997 2174 yantas
1019 2109 1365 2175 perdomitas,
1401 2114 1476 2159 tot
1501 2114 1731 2173 receptos
1759 2109 1818 2159 in
1835 2110 1920 2157 iu-

309 2186 464 2232 venta
482 2187 578 2233 aut
592 2188 791 2247 spretos
811 2184 1119 2249 triumphos,
1152 2186 1259 2235 iam
1287 2184 1462 2235 senior
1481 2184 1923 2251 peregrinationis

312 2256 641 2308 suburbanae
660 2259 816 2309 inane
828 2261 1122 2324 praemium
1137 2264 1348 2325 peteret.

425 2329 507 2384 48.
550 2326 667 2383 Sub
701 2328 844 2384 idem
884 2338 1126 2403 tempus,
1170 2338 1230 2386 ut
1257 2348 1402 2386 mors
1431 2330 1656 2403 Sulpicii
1685 2328 1918 2396 Quiri-nii

312 2403 545 2475 publicis
582 2404 857 2477 exsequiis
904 2404 1354 2477 frequentaretur,
1406 2407 1595 2478 petivit
1641 2424 1669 2459 a
1709 2414 1918 2459 senatu.

316 2478 463 2533 Nihil
504 2478 571 2533 ad
610 2486 839 2534 veterem
870 2488 921 2535 et
954 2480 1229 2551 patriciam
1259 2480 1620 2553 Sulpiciorum
1663 2480 1920 2535 familiam

312 2551 595 2618 Quirinius
605 2554 881 2627 pertinuit,
894 2564 1042 2610 ortus
1053 2555 1194 2627 apud
1211 2558 1569 2628 municipium
1583 2556 1885 2610 Lanuvium
1906 2576 1916 2609 :

314 2626 407 2681 sed
426 2629 657 2703 impiger
676 2629 915 2697 militiae,
929 2638 979 2685 et
998 2631 1212 2684 acribus
1237 2632 1569 2696 ministeriiS,
1584 2630 1919 2687 consulatum

313 2700 420 2754 sub
437 2701 493 2755 d.
519 2704 787 2778 Augusto,
823 2722 976 2770 mox,
1010 2707 1329 2777 expugnatis
1349 2722 1445 2776 per
1465 2706 1704 2760 Ciliciam
1729 2706 1922 2759 Homo-

354 2773 631 2832 adensium
654 2780 903 2849 castellis,
926 2780 1162 2853 insignia
1184 2780 1444 2852 triumphi
1466 2781 1714 2852 adeptus3
1737 2780 1922 2835 datus-
