2081 3038
205 251 305 310 242
685 249 1335 304 H18TOR1ARUM
1535 243 1805 322 (asum.

313 364 398 418 22.
440 357 710 416 Profectus
728 358 1020 414 Novesium
1031 359 1378 430 Bonnamque
1396 356 1463 412 ad
1482 357 1697 412 visenda
1721 375 1811 413 ca-

205 445 331 501 stra,
355 451 494 508 quae
522 433 839 490 hiematuris
870 432 1177 508 legionibus
1192 432 1549 505 erigebantur,
1577 433 1809 488 navibus

205 511 498 566 remeabat:
539 509 761 565 disiecto
779 510 1014 583 agmine,
1061 508 1345 565 incuriosis
1367 507 1588 582 vigiliis,
1636 521 1639 530 ·
1679 505 1811 572 Ani-

207 585 546 641 madversum
599 583 656 641 id
700 583 1014 640 Germanis:
1079 591 1128 638 et
1174 583 1398 637 insidias
1438 599 1804 654 composuere.

207 661 379 716 Electa
421 679 528 717 nox
561 668 672 715 atra
699 658 966 729 nubibus3
1008 665 1061 714 et
1088 673 1254 730 prono
1282 673 1439 712 amne
1458 658 1613 729 rapti,
1658 655 1809 712 nullo

203 737 536 810 prohibente,
557 734 761 791 vallum
781 735 988 790 ineunt.
1067 733 1243 788 Prima
1262 733 1447 787 caedes·
1466 741 1581 786 astu
1605 732 1805 788 adiuta.

206 813 394 867 Incisis
422 809 884 866 tabernaculorum
913 807 1157 874 funibus,
1200 808 1426 862 suismet
1458 808 1692 863 tentoriis
1718 825 1810 863 co-

203 896 411 960 opertos
453 885 803 941 trucidabant.
882 883 1045 940 Aliud
1084 899 1271 958 agmen
1308 883 1519 937 turbare
1548 883 1804 938 classem:

205 963 422 1018 iniicere
443 961 646 1017 vincla:
689 960 896 1016 trahere
910 976 1144 1032 puppes.
1222 958 1396 1030 thue
1426 959 1490 1012 ad
1514 957 1807 1013 fallendum

205 1038 435 1102 silentio,
479 1039 569 1101 ita,
607 1041 786 1106 coepta
805 1035 982 1100 caede,
1027 1051 1136 1107 quo
1154 1031 1285 1106 plus·
1299 1035 1511 1089 terroris
1534 1033 1805 1099 adderent,

205 1120 391 1167 cuncta
431 1108 752 1164 elamoribus
793 1109 1107 1164 miscebant.
1186 1110 1440 1174 Romani,
1490 1109 1806 1163 vulneribus

205 1187 382 1250 exciti,
405 1191 670 1257 quaerunt
687 1200 854 1251 arma,
869 1191 1035 1239 ruunt
1056 1201 1148 1256 per
1169 1185 1305 1250 vias,
1319 1185 1475 1258 pauci
1492 1191 1679 1238 ornatu
1701 1184 1809 1238 mi*

206 1260 365 1324 litari,
412 1258 656 1334 plerique
695 1259 900 1316 circum
938 1259 1153 1314 brachia
1193 1267 1321 1314 torta
1355 1268 1497 1314 veste
1524 1267 1573 1314 et
1607 1259 1809 1334 strictis

207 1335 574 1391 mucronibus.
653 1335 776 1390 Dux
802 1336 1168 1391 semisomnus
1203 1352 1265 1390 ac
1292 1351 1455 1406 prope
1475 1336 1705 1389 intectus
1724 1345 1811 1389 er·-

206 1429 321 1467 rore
340 1411 576 1466 hostium
597 1417 856 1466 servatur.
901 1411 1147 1483 Namque
1166 1411 1477 1482 praetoriam
1502 1415 1691 1474 n'axrem
1714 1427 1811 1466 ve-

207 1487 336 1543 xillo
363 1488 655 1561 insignem,
702 1485 812 1541 illic
831 1486 1022 1542 ducem
1052 1487 1172 1552 rati,
1214 1485 1504 1557 abripiunt.
1560 1484 1809 1542 'Cerialis

207 1563 333 1618 alibi
355 1570 559 1618 noctem
583 1570 777 1635 egerat,
813 1570 872 1617 ut
890 1561 1134 1634 plerique
1155 1561 1441 1626 credidere,
1463 1561 1539 1624 ‚oh
1557 1570 1809 1633 stuprum

206 1636 458 1692 Claudiae
487 1635 744 1703 Sacratae,
779 1637 1022 1693 mulieris
1053 1637 1234 1693 Ubiae.
1312 1636 1514 1711 Vigiles
1548 1634 1811 1710 flagitium

205 1730 367 1767 suum
387 1711 540 1767 ducis
561 1712 812 1767 dedecore
833 1713 1174 1779 excusabant,
1189 1721 1461 1784 tamquam
1486 1717 1503 1765 i
1510 1716 1617 1765 ussi
1634 1715 1807 1775 silere,

206 1806 266 1842 ne
295 1792 512 1857 'quietem
542 1792 653 1841 eius
679 1792 964 1843 turbarent.
1042 1789 1142 1852 Ita,
1172 1792 1463 1843 intermisso
1480 1793 1699 1857 siqnoet
1718 1804 1811 1841 vo-

207 1867 364 1926 cibus,
396 1881 452 1917 se
479 1880 680 1933 quoque
699 1868 754 1917 in
773 1880 1006 1918 somnum
1026 1866 1223 1931 lapsos:
1290 1861 1455 1917 Multa
1477 1860 1595 1916 luce
1612 1862 1809 1917 revecti

207 1938 402 2003 hostes,
426 1938 652 2009 captivis
673 1938 922 2003 navibus,
953 1941 1267 2009 praetoriam
1290 1940 1560 1993 triremem
1586 1934 1811 1992 flumine

204 2014 410 2085 Luppia
432 2012 633 2067 donum
651 2012 878 2068 Veledae
893 2021 1117 2069 traxere.

312 2092 396 2143 23.
441 2086 666 2141 Civilem
701 2088 895 2161 cupido
925 2088 1141 2143 incessit
1168 2087 1407 2143 navalem
1440 2088 1605 2143 aciem
1629 2096 1810 2143 osten-

205 2162 367 2217 tandi.
447 2160 707 2233 Complet‚
755 2162 899 2236 quod
938 2162 1249 2229 biremium,
1294 2172 1539 2236 quaeque
1570 2163 1809 2235 simplici

141 2250 156 2257 “
203 2237 388 2293 ordine
408 2236 713 2310 agebantur.
749 2238 960 2293 Adiecta
981 2236 1173 2313 ingens
1196 2238 1433 2293 lintrium
1460 2240 1561 2303 vis,
1580 2240 1809 2294 tricenos

202 2312 678 2385 quadragenosque
700 2311 976 2369 ferentium
996 2334 1007 2368 :
1052 2314 1701 2369 armamenta'Liburnicis
1721 2332 1813 2369 so-

204 2388 294 2441 lita
313 2408 323 2442 :
349 2394 398 2441 et
419 2388 584 2442 simul
604 2397 784 2462 captae
804 2388 993 2444 lintres
1007 2388 1212 2462 sagulis
1228 2389 1637 2444 versicoloribus
1664 2388 1813 2445 haud

202 2462 448 2517 indecore
467 2480 565 2534 pro
583 2463 717 2518 velis
738 2464 1079 2519 iuvabantur.
1122 2464 1363 2537 Spatium
1393 2464 1536 2517 velut
1557 2467 1811 2535 aequoris

205 2535 450 2599 electum,
473 2556 584 2609 quo
604 2540 780 2595 Mosae
801 2538 1038 2594 fluminis
1056 2554 1116 2593 os
1138 2538 1347 2593 amnem
1376 2539 1617 2592 Rhenum
1640 2538 1815 2594 Ocea-

205 2627 272 2665 no
293 2610 553 2666 adfundit.
598 2614 797 2670 Caussa
818 2614 1160 2669 instruendae
1180 2613 1385 2678 classiS,
1406 2630 1567 2685 super
1590 2614 1811 2669 insitam

249 2684 349 2737 anti
374 2686 678 2755 vanitatem,
704 2697 842 2744 uteo
863 2697 1055 2745 terrore
1076 2696 1401 2744 commeatus
1415 2687 1585 2743 Gallia
1607 2690 1818 2747 adven-

297 2764 373 2809 tes
405 2758 793 2834 interciperent.
874 2762 1095 2818 Cerialis
1122 2761 1381 2819 mIraculo
1417 2756 1609 2839 magiS,
1636 2778 1814 2837 qnam
