2081 3038
199 205 452 280 A.c.71.)
612 213 770 260 mn.
811 213 906 262 1v.
946 213 1123 262 cAP.
1168 213 1253 262 σε.
1296 217 1379 262 ee.
1702 211 1801 266 243

200 321 334 374 stris
358 320 586 386 fuerant,
615 332 702 370 eos
728 317 913 368 bellum
939 317 1243 383 absumpsit,
1263 317 1345 370 vel
1368 319 1426 372 in
1442 333 1569 372 suas
1587 322 1805 388 quisque

201 397 345 448 sedes
364 395 612 460 refugere.
689 391 936 445 Deductis
953 393 1077 446 olim
1094 399 1143 444 et
1162 393 1425 444 nobiscum
1438 408 1537 458 per
1555 397 1804 450 connubia

203 485 293 522 um
311 469 541 528 sociatis,
565 469 755 535 quique
772 483 896 518 mocc
909 482 1209 533 provenere,
1229 469 1355 520 haec
1371 471 1551 533 patria
1570 477 1659 524 eet.
1696 470 1803 524 Nec

202 559 295 600 vos
315 545 443 596 adeo
461 545 666 610 iniquos
683 545 1059 603 existimamus,
1076 549 1133 596 ut
1151 542 1379 610 interfici
1394 559 1431 594 a
1450 544 1595 596 nobis
1609 560 1805 610 paren-

205 628 296 682 tes,
336 622 548 686 fratres,
590 619 776 670 liberos
813 624 1016 672 nostros
1051 618 1235 671 velitis.
1323 615 1550 683 Vectiyal
1579 626 1627 670 et
1647 635 1807 672 onera

207 696 627 749 commerciorum
653 693 972 746 resolvimus.
1051 690 1171 746 Sint
1200 695 1454 746 transitus
1477 694 1805 760 incustoditi;

203 773 295 824 sed
313 772 492 822 diurni
513 774 560 820 et
577 771 812 829 immae,
835 770 994 820 donec
1012 783 1149 822 nova
1170 774 1218 820 et
1243 770 1474 821 recentia
1502 771 1625 821 iura
1645 771 1701 822 in
1720 784 1809 820 ve-

207 852 447 899 tustatem
474 845 837 914 consuetudine
861 851 1150 897 vertantur.
1226 842 1495 897 Arbitrum
1514 844 1809 896 habebimus

212 919 425 974 Civilem
449 927 498 972 et
532 918 782 980 Veledam,
823 921 965 986 apud
992 935 1121 986 quos
1140 925 1303 985 pacta
1324 921 1643 972 sanciantur.
1720 915 1810 972 Sio

207 992 386 1050 lenitis
427 992 714 1058 Tencteris,
757 990 913 1065 legati
942 993 1010 1048 ad
1037 992 1266 1048 Civilem
1294 999 1346 1047 et
1372 990 1626 1048 Veledam
1652 992 1807 1047 missi

207 1088 332 1126 cum
361 1070 536 1135 donis,
569 1075 756 1124 cuncta
786 1085 854 1124 ex
879 1067 1150 1125 voluntate
1176 1066 1657 1142 Agrippinensium
1685 1085 1810 1140 per-

206 1154 496 1218 petravere.
574 1143 678 1199 Sed
703 1162 878 1200 coram
909 1144 1057 1200 adire
1082 1143 1409 1216 adloquique
1437 1143 1687 1200 Veledam
1714 1162 1810 1199 ne-

208 1229 413 1295 gatum.
493 1220 821 1278 Arcebantur
850 1219 1123 1292 adspectu,
1160 1236 1270 1292 quo
1302 1221 1653 1276 venerat10nis
1684 1218 1809 1292 plus

208 1298 423 1352 inesset.
503 1297 624 1366 Ipsa
661 1295 801 1354 edita
837 1295 896 1350 in
934 1303 1107 1352 turre:
1158 1294 1392 1350 delectus
1432 1313 1461 1349 e
1488 1297 1809 1367 propinquis

207 1369 447 1428 consulta
477 1386 868 1441 responsaque,
899 1377 960 1424 ut
991 1369 1355 1426 internuntius
1383 1371 1654 1435 numinis,
1687 1387 1811 1442 por-

207 1447 368 1502 tabat.

320 1524 405 1575 66.
447 1517 656 1585 Civilis,
690 1517 933 1575 societate
952 1517 1431 1592 Agrippinensium
1451 1526 1661 1585 auctus,
1688 1536 1813 1592 pro-

210 1598 386 1653 ximas
406 1595 642 1650 civitates
663 1593 940 1658 adfectare,
963 1602 1057 1649 aut
1074 1594 1481 1649 adversantibus
1500 1594 1704 1651 bellum
1724 1597 1813 1651 in-

212 1672 347 1727 ferre
379 1669 579 1725 statuit.
658 1668 1049 1741 Occupatisque
1076 1668 1310 1734 Sunieis,
1342 1678 1393 1724 et
1422 1671 1696 1727 iuventute
1722 1690 1813 1727 eo-

211 1764 332 1803 rum
353 1762 448 1817 per
467 1744 706 1801 cohortes
723 1746 1032 1815 composita,
1055 1762 1164 1818 quo
1183 1746 1365 1801 minus
1394 1745 1529 1801 ultra
1548 1755 1807 1821 pergeret,

213 1821 470 1878 Claudius
499 1819 674 1875 Labeo
699 1820 1026 1876 Betasiorum
1049 1822 1499 1894 Tungrorumque
1518 1830 1568 1875 et
1587 1822 1811 1877 Nervio-

211 1914 332 1952 rum
364 1894 710 1951 tumultuaria
735 1912 898 1951 manu
927 1898 1143 1951 restitit:
1187 1895 1353 1953 fretus
1376 1895 1505 1961 1000,
1529 1896 1657 1968 quia
1676 1914 1810 1968 pon-

212 1982 314 2027 tem
345 1970 522 2027 Mosae
557 1969 798 2025 fluminis
837 1977 1182 2042 anteceperat.
1262 1972 1713 2045 Pugnabaturque
1751 1973 1809 2027 in

210 2047 474 2123 angustiis
501 2046 772 2119 ambigue,
800 2044 966 2101 donec
987 2046 1239 2101 Germani
1259 2054 1643 2103 transnatantes
1664 2054 1809 2121 terga

211 2124 472 2179 Labeonis
500 2122 761 2179 invasere.
841 2118 1015 2177 Simul
1037 2120 1248 2188 Civilis,
1278 2140 1465 2188 ausus,
1490 2140 1557 2177 an
1578 2140 1646 2177 ex
1665 2139 1812 2178 com-

211 2200 400 2271 posito,
444 2196 626 2253 intulit
661 2214 720 2251 se
757 2196 1341 2270 agmini-Tungrorum,
1389 2204 1440 2253 et
1473 2197 1611 2253 clara
1650 2216 1807 2256 voce:

211 2276 328 2331 Non
355 2278 486 2335 ideo,
519 2271 715 2345 inquit,
747 2275 930 2327 bellum
957 2278 1283 2340 sumpsimus,
1318 2282 1377 2329 ut
1405 2275 1596 2329 Batavi
1616 2283 1664 2328 et
1688 2276 1809 2329 Tre-

209 2354 321 2405 veri
337 2350 570 2420 qentibus
589 2351 858 2417 imperent.
909 2348 1097 2411 Procul
1116 2350 1239 2403 haec
1258 2366 1295 2403 a
1311 2351 1459 2403 nobis
1477 2353 1811 2419 adroqantia.

209 2424 439 2495 Accipite
463 2428 776 2481 societatem.
861 2424 1241 2492 Transqredior
1268 2428 1339 2481 ad
1365 2442 1471 2487 vos,
1507 2442 1597 2479 seu
1612 2442 1692 2479 me
1710 2428 1813 2479 du—

213 2518 332 2563 cem,
355 2518 445 2555 eeu
465 2502 696 2563 militem,
719 2500 979 2553 mavultis.
1044 2498 1355 2557 Movebatur
1374 2498 1591 2573 vulgus,
1619 2498 1812 2555 conde-

211 2574 445 2647 bantque
461 2572 696 2647 gladios;
739 2591 864 2631 cum
887 2572 1195 2645 Campanus
1214 2592 1275 2629 ac
1295 2574 1587 2641 IuvenaliS,
1610 2593 1679 2630 ex
1697 2576 1813 2647 pri-

213 2651 450 2707 moribus
481 2650 840 2725 Tungrorum,
881 2649 1193 2707 universam
1223 2651 1273 2706 ei
1300 2660 1513 2725 gentem
1538 2650 1805 2707 dedidere.

213 2725 403 2792 Labeo,
435 2732 722 2798 antequam
750 2726 1252 2795 circumveniretur,
1283 2724 1539 2804 profugit.
1620 2726 1810 2787 Civilis
