2081 3038
535 772 1269 837 PRAEFATlu.

200 1100 348 1169 Data
388 1130 484 1185 per
503 1128 718 1175 novam,
742 1101 908 1183 quam
926 1110 1105 1183 parari
1122 1108 1295 1167 voluit
1313 1111 1699 1187 typographus.

93 1206 259 1261 Taciti
289 1203 578 1259 editionem
608 1197 855 1258 facultate
880 1203 1049 1258 textui
1078 1203 1238 1258 etiam
1258 1201 1441 1277 (quem
1464 1205 1521 1259 in
1541 1220 1702 1277 supe-

88 1300 228 1355 riore
256 1313 327 1352 ox
345 1292 689 1351 Obcrliniana
717 1293 1057 1368 dederamus)
1076 1294 1258 1367 paullo
1278 1295 1473 1352 melius
1494 1298 1705 1369 prospi-

85 1387 286 1453 ciendi,
331 1385 474 1442 nihil
497 1384 785 1443 omisimus
815 1386 1087 1455 adhibere,
1127 1388 1295 1461 quod,
1336 1376 1599 1445 industria
1618 1405 1704 1443 re-

85 1482 390 1538 centiorum
422 1478 508 1534 vel
545 1496 611 1535 cx
645 1478 809 1552 mptis
835 1478 990 1536 libris
1018 1481 1318 1538 accuratius
1347 1479 1551 1537 collatis
1579 1497 1703 1553 par-

85 1584 200 1630 tum
219 1616 233 1640 ,
278 1569 370 1628 vel
410 1574 712 1629 coniectura
750 1573 1077 1648 quaesitum,
1118 1571 1362 1647 aliquam
1398 1573 1573 1628 lucem
1613 1579 1706 1628 aut

86 1666 252 1722 decus
275 1665 498 1740 egregio
515 1661 771 1720 historico
790 1660 974 1721 afferro
991 1672 1189 1738 posset.
1267 1665 1337 1722 Et
1352 1665 1410 1720 in
1435 1663 1704 1738 prioribus

85 1775 178 1814 sex
200 1753 529 1821 Annalium,
564 1772 818 1830 quorum,
841 1765 902 1813 ut
919 1757 1265 1814 notissimum
1288 1765 1385 1822 est,
1417 1775 1563 1813 unus
1589 1767 1704 1812 tan-

87 1857 196 1906 tum
224 1867 300 1906 ex
331 1848 650 1922 antiquitate
677 1843 844 1920 codex
873 1851 1033 1914 extat,
1078 1849 1255 1905 minor
1279 1850 1503 1904 varietas
1524 1847 1704 1904 lectio-

87 1943 171 1995 nis
197 1943 476 1998 minorem
505 1939 827 1996 emendandi
853 1941 1063 2014 copiam
1091 1939 1233 1996 facit.
1310 1941 1477 2006 Maior
1500 1943 1558 1998 in
1578 1942 1703 2002 reli-

81 2035 205 2104 quis
241 2051 348 2090 sex
375 2040 432 2088 et
460 2033 520 2087 in
549 2033 901 2088 Historiarum
921 2021 1077 2088 libris
1099 2033 1353 2100 nascitur,
1376 2033 1500 2093 licet
1516 2051 1704 2090 eorum

81 2143 304 2200 quoque
331 2142 528 2181 omnes
556 2131 818 2197 quotquot
843 2131 1020 2180 extant
1046 2124 1251 2182 codices
1278 2143 1345 2182 ex
1362 2143 1473 2182 uno
1491 2126 1706 2182 eodem-

83 2235 188 2289 que
219 2217 363 2275 olim
386 2217 528 2272 libro
555 2215 779 2272 fluxisse
803 2214 1119 2273 certissimis
1137 2209 1467 2292 argumentis
1487 2203 1705 2294 colliga-

79 2316 179 2376 tur.
209 2307 690 2384 quemadmodum
719 2307 864 2364 idem
893 2308 950 2365 in
979 2306 1101 2365 aliis
1139 2310 1295 2366 etiam
1334 2309 1480 2366 haud
1517 2311 1703 2382 paucis

76 2401 404 2459 auctoribus
423 2401 684 2458 accidisse
705 2402 972 2458 videmus.
1050 2401 1275 2476 Magnae
1300 2409 1479 2460 autem
1500 2400 1706 2458 Tacite-

75 2511 232 2548 orum
272 2510 513 2566 operum
553 2493 812 2567 reliquiae
845 2511 956 2567 quo
981 2496 1179 2550 rectius
1207 2493 1367 2550 hodic
1391 2494 1704 2550 &institutae

77 2581 175 2658 legi
197 2593 462 2658 possent,
492 2583 710 2641 effecere
729 2603 1046 2661 magnorum
1064 2585 1195 2640 oiim
1216 2587 1477 2659 virorum,
1508 2585 1700 2656 Lipsii‚

77 2673 374 2743 Gronovii.
417 2684 474 2732 et
498 2677 771 2751 imprimis
797 2679 869 2734 lo.
903 2675 1045 2752 Aug.
1074 2673 1309 2732 Ernestii
1338 2677 1549 2749 egregia
1568 2677 1705 2729 inter

77 2775 314 2834 veteres.
335 2783 410 2830 ex
427 2769 638 2826 coaevis
660 2770 758 2824 lm.
782 2768 1028 2835 Bekkeri‚
1042 2769 1347 2824 criticorum
1366 2765 1709 2838 praestantis-
