2081 3038
307 244 548 319 Leno.)
716 254 873 300 LIB.
920 254 960 301 1.
1003 255 1183 301 cAP.
1222 256 1469 301 aeq-⁶1.
1542 290 1551 299 .
1844 250 1911 303 37

303 364 490 429 potens
519 356 656 411 inter
673 356 916 420 Batavos,
947 373 1014 410 ne
1033 355 1301 427 supplicio
1320 355 1439 411 eius
1459 354 1605 411 ferox
1624 373 1759 429 gens
1779 356 1911 412 alie—

305 440 539 487 naretur.
615 430 685 485 Et
721 439 870 485 erant
897 431 952 485 in
983 431 1193 486 civitate
1222 431 1525 504 Lingonum
1547 440 1669 487 octo
1690 432 1910 487 Batavo-

303 524 424 561 rum
463 506 725 570 cobortes,
765 506 1223 577 quartaedecimae
1263 504 1487 579 legionis
1527 506 1747 572 auxilia,
1786 514 1905 561 tum

301 581 564 637 discordia
605 590 904 651 temporum
943 598 970 634 a
1004 579 1211 655 legione
1240 581 1531 655 digressae,
1566 589 1727 655 prout
1751 580 1911 636 incli-

305 664 537 720 nassent,
569 655 770 729 grande
793 663 1123 711 momentum
1148 656 1319 711 sociae
1340 662 1432 710 aut
1450 655 1719 711 adversae.
1800 657 1907 711 No-

305 732 479 795 nium,
502 731 806 795 Donatium,
837 728 1151 797 Romilium,
1176 730 1529 802 Calpurnium
1548 730 1904 797 oenum-iones,

304 805 371 859 de
401 805 602 877 quibus
630 821 792 876 supra
822 804 1125 869 retulimus,
1156 804 1323 859 occidi
1343 805 1523 870 iussit,
1546 805 1826 860 damnum.
1844 806 1908 859 fi-

306 880 392 934 dei
411 880 654 944 crimine,
675 879 996 953 gravissimo
1019 879 1155 935 inter
1174 879 1544 935 desciscentes,
1626 879 1908 935 Accessere

301 954 548 1026 partibus
573 953 817 1010 Valerius
847 955 1131 1019 Asiaticus,
1166 954 1405 1029 Belgicae
1432 956 1738 1027 provinciae
1764 955 1903 1029 lega-
1954 971 1961 995 ¹

307 1039 412 1095 tus,
445 1038 606 1101 q'uem
637 1047 764 1085 mox
784 1028 1032 1085 Vitellius
1056 1046 1315 1102 generum
1344 1030 1597 1086 adscivit:
1642 1039 1692 1085 ct
1718 1031 1907 1086 Iunius

303 1104 542 1169 Blaesus,
576 1104 955 1177 Lugdunensis
975 1103 1181 1160 Galliae
1208 1112 1393 1170 rector,
1426 1123 1551 1161 cum
1576 1105 1752 1160 Italica
1770 1105 1907 1180 legi—-

301 1198 402 1235 one
437 1186 491 1235 et
527 1178 608 1233 ala
647 1179 908 1245 Taurios,
961 1178 1213 1253 Lugduni
1260 1180 1619 1235 tendentibus.
1694 1181 1811 1237 Nec
1845 1183 1905 1236 in

303 1255 568 1332 Rhaetieis
586 1254 753 1325 copiis
775 1270 940 1333 mora,
953 1255 1249 1325 quominus
1269 1256 1451 1311 statim
1466 1256 1901 1330 adiungerentur.

407 1333 496 1384 60.
540 1330 618 1383 Ne
647 1330 701 1383 in
733 1329 1003 1391 Britannia
1015 1329 1243 1401 quidem
1264 1330 1591 1385 dubitatum:
1666 1332 1929 1391 Praeerat,

301 1404 598 1459 Trebellius
629 1402 920 1469 Maximus,
949 1421 1045 1475 per
1074 1405 1349 1459 avaritiam
1379 1422 1439 1459 ac
1465 1404 1645 1460 sordes
1664 1415 1905 1460 contem-

300 1488 425 1552 ptus
465 1478 721 1536 exercitui
757 1479 1101 1552 invisusque.
1178 1478 1511 1534 Acoendebat
1550 1479 1737 1536 odium
1786 1482 1904 1537 eius

301 1557 525 1612 Roscius
553 1555 787 1621 CacliuS,
820 1554 1026 1630 legatus
1044 1555 1341 1608 vicesimae
1370 1553 1614 1628 legionis,
1640 1554 1769 1610 olim
1786 1556 1902 1611 ‘dis-

300 1647 438 1696 cors,
473 1631 573 1686 sed
593 1631 867 1685 occasione
891 1629 1136 1686 civilium
1167 1646 1436 1684 armorum
1460 1630 1687 1684 atrocius
1714 1647 1897 1702 proru-

299 1713 466 1778 perat.
533 1704 830 1772 Trebellius
851 1705 1164 1760 seditionem
1187 1713 1239 1760 et
1254 1703 1537 1760 confusum
1558 1705 1798 1760 ondinem
1820 1706 1905 1760 ‹li-

300 1780 559 1852 sciplinae
595 1779 798 1848 Caeli03
841 1779 1094 1851 spoliatas
1132 1787 1183 1834 et
1211 1781 1397 1852 inopes
1426 1779 1663 1853 legiones
1690 1779 1903 1836 Caeli-us

300 1855 562 1910 Trebellio
599 1854 915 1910 obiectabat:
977 1871 1103 1910 cum
1144 1855 1357 1910 interim
1398 1854 1563 1910 foedis
1608 1855 1901 1928 legatorum

299 1929 684 1986 certaminibus
715 1929 971 1984 modestia
997 1931 1265 1984 exercitus
1294 1938 1569 2001 conrupta,
1598 1947 1769 2002 noque
1790 1929 1905 1984 dis·-

299 2005 509 2061 cordiae
537 2013 778 2070 ventum,
813 2012 876 2060 ut
899 2005 1247 2060 auxiliarium
1274 2021 1494 2077 quoquc
1522 2003 1756 2060 militum
1776 2023 1903 2060 cou-

303 2082 458 2137 viciis
475 2080 838 2152 proturbatuS‚
870 2089 940 2145 et,
963 2079 1377 2154 adgregantibus
1394 2097 1461 2134 se
1482 2079 1657 2136 Caelio
1678 2080 1905 2135 cohorti—

300 2157 404 2210 bus
433 2155 664 2228 alisque,
693 2154 938 2210 desertus
959 2154 1257 2214 Trebellius
1277 2155 1341 2210 ad
1362 2155 1632 2210 Vitellium
1655 2153 1907 2227 perfuge-

299 2233 386 2286 rit.
466 2230 632 2297 Quies
659 2230 991 2303 provinciae‚
1022 2245 1355 2302 quamquam
1380 2239 1585 2285 remoto
1613 2229 1900 2295 consulari,

301 2307 516 2361 mansit.
595 2307 798 2360 Rexeie
827 2304 984 2379 legati
1011 2304 1312 2379 legionum3
1354 2322 1509 2377 pares
1530 2305 1667 2369 iure,
1688 2303 1903 2362 Caelius

299 2381 544 2437 audendo
562 2381 842 2454 potentior.
1076 2423 1079 2430 .

407 2459 464 2512 6⁴
481 2498 494 2512 .
535 2453 1129 2513 Adiuncto-Britannico
1167 2456 1421 2519 exercitu,
1464 2455 1654 2528 ingens
1693 2454 1904 2508 viribus

298 2531 604 2603 opibusque
630 2529 897 2594 Vitellius,
930 2530 1065 2584 duos
1095 2528 1279 2594 duces,
1312 2529 1419 2584 duo
1437 2529 1627 2584 itinera
1647 2528 1787 2584 bello
1806 2528 1903 2582 ale-

298 2606 536 2662 stinavit.
616 2605 817 2668 Fabius
845 2603 1039 2660 Valens
1080 2603 1327 2667 adlicere,
1372 2601 1476 2668 vel,
1506 2604 1555 2658 si
1588 2604 1900 2670 abnuerent,

299 2689 507 2736 vastare
537 2679 758 2746 Gallias,
791 2686 844 2734 et
868 2678 1126 2734 Cottianis
1148 2677 1377 2750 Alpibus
1402 2676 1605 2732 Italiam
1627 2679 1907 2750 inrumpe-

225 2771 252 2794 ··
301 2771 384 2823 re;
427 2753 651 2812 Caecina
669 2755 934 2827 propiore
972 2754 1220 2820 transm,
1262 2753 1479 2808 Peninis
1515 2754 1663 2828 iugis
1683 2751 1901 2828 degredi
