2081 3038
209 214 446 289 nesto.)
607 223 748 270 Lm.
785 222 856 270 11.
899 223 1059 270 car.
1100 222 1379 269 iis-1⁰⁰.
1713 216 1809 270 tta

211 329 408 383 siarum
431 323 554 380 flatu
577 327 634 379 in
649 324 919 381 Orientem
942 323 1323 397 navigantibus
1342 323 1663 388 secundum,
1687 324 1811 381 inde

209 402 488 457 adversum
510 410 640 455 erat.
1619 466 1629 474 ἰ

315 480 400 531 99.
443 475 700 539 Tandem,
731 474 1036 547 inruptione
1062 472 1321 532 hostium,
1355 474 1620 529 atrocibus
1650 475 1811 529 undi-

209 570 314 625 que
333 552 538 607 nuntiis
559 552 860 611 exterritus,
891 548 1170 605 Caecinam
1194 559 1245 602 et
1269 546 1537 613 ⁴Valentem
1561 552 1811 620 expedire

209 626 514 682 ad‘bellum
557 626 722 681 iubet.
807 625 1137 680 Praemissus
1166 624 1417 679 Caecina:
1469 624 1757 678 Vaientein.
1782 643 1811 680 e

207 704 354 777 gravi
375 702 611 773 corporis
629 700 814 755 morbo
836 710 947 754 tum
973 702 1209 771 primum
1234 698 1633 769 adsurgentem,
1665 702 1813 753 intir-

207 781 363 833 mitas
385 776 637 831 tardabat.
709 776 890 849 Longe
909 775 1008 829 alia
1034 776 1417 847 proficiscentis
1438 792 1501 829 ex
1530 776 1659 828 urbe
1680 778 1813 829 tier·-

199 854 401 909 ‘manici
423 852 687 907 exercitus
708 852 942 922 species:
969 869 1071 905 non
1091 853 1239 923 vigor
1259 850 1592 921 corporibus.
1610 869 1709 905 non
1728 868 1813 902 ar-

206 930 299 984 dor
327 928 553 983 animis:
599 926 800 981 lentum
831 935 891 982 et‘
911 944 1091 983 rarum
1126 944 1339 995 agmen,
1371 925 1511 981 fluxa
1532 945 1699 982 arma.
1728 943 1813 979 se-

203 1022 337 1080 gnes
377 1004 532 1075 equi:
594 1003 860 1074 inpatiens
899 1002 1051 1064 solis,
1094 1002 1355 1073 puiveris,
1406 1014 1807 1073 tempestatum:
1876 1016 1887 1024 ·

205 1089 578 1153 quantumque
627 1078 790 1133 hebes
827 1078 892 1133 ad
931 1078 1311 1135 sustinendum
1358 1077 1587 1132 laborem
1635 1078 1809 1142 niiies,

207 1167 346 1213 tanto
367 1155 431 1211 ad
450 1154 743 1211 discordias
763 1156 1074 1227 promptior.
1119 1154 1409 1209 Accedebat
1434 1156 1538 1209 buc
1558 1154 1813 1209 Caecinae

205 1232 425 1287 ambitio
445 1240 616 1295 vetus,
651 1239 825 1301 torpor
845 1247 1049 1289 recens,
1080 1230 1244 1284 nimia
1270 1228 1505 1284 fortunae
1526 1230 1814 1297 induigen-

206 1310 273 1363 tia
296 1307 454 1362 soiuti
476 1308 531 1361 in
554 1304 772 1360 luxum:
797 1322 891 1359 seu
917 1304 1192 1376 perfidiam
1214 1305 1508 1365 meditanti,
1526 1306 1815 1375 infringere

203 1385 469 1438 exercitus
502 1384 774 1444 virtutem,
803 1381 941 1434 inter
967 1390 1107 1433 artes
1134 1388 1263 1433 erat.
1342 1378 1624 1433 Credidere
1655 1381 1815 1449 pleri-

203 1474 332 1532 que,
365 1455 537 1509 Flavii
563 1452 748 1509 Sabini
780 1453 1018 1509 consiliis
1050 1470 1363 1507 concussam
1386 1454 1641 1508 Caecinae
1664 1472 1815 1508 men-

203 1542 334 1597 tem,
368 1532 614 1586 ministro
642 1545 952 1585 sermonum
985 1528 1185 1584 Rubrio
1205 1526 1377 1590 Gallo,
1406 1540 1526 1583 mm
1554 1536 1694 1601 apud
1724 1532 1815 1584 Ve-

203 1611 508 1678 spasianum
532 1611 645 1674 [oro
660 1615 822 1673 pacta
849 1608 1192 1660 transitionis,
1270 1603 1443 1659 Simul
1463 1605 1705 1660 odiorum
1731 1607 1816 1662 in-

204 1681 492 1754 vidiaeque
538 1697 662 1752 erga
703 1679 932 1746 Fabium
975 1679 1249 1736 Valentem
1297 1680 1707 1744 admonebatur,
1756 1689 1813 1736 ut

203 1765 364 1826 inpar
400 1759 543 1824 apud
587 1756 870 1819 Vitellium,
909 1762 1141 1826 qratiam
1175 1761 1413 1828 viresque
1448 1761 1591 1828 apud
1628 1774 1815 1812 novum

196 1835 494 1902 principem
509 1838 746 1899 pararet.

321 1909 436 1960 100.
479 1904 702 1961 Caecina
730 1903 1012 1976 complexu
1031 1904 1231 1962 Vitellii
1264 1905 1433 1962 multo
1460 1923 1584 1960 cum
1613 1904 1815 1962 honore

202 1982 502 2056 digressus,
533 1989 736 2052 partem
759 1982 1004 2053 equitum
1026 1981 1097 2038 ad
1111 1983 1471 2054 occupandam
1495 1983 1809 2036 Cremonam

202 2057 501 2129 praemisit.
582 2057 707 2112 Mox
737 2055 931 2111 vexilla
963 2067 1184 2128 quartae
1214 2057 1451 2112 decimae
1472 2068 1521 2113 et
1542 2057 1815 2112 sextaede-

201 2135 376 2188 cimae
411 2132 712 2205 legionum3
754 2131 880 2188 dein
917 2132 1107 2204 quinta
1136 2140 1191 2186 et
1215 2133 1628 2188 duoetvicesima
1659 2150 1813 2186 secu-

201 2218 315 2264 tae:
359 2216 626 2279 postremo
665 2208 881 2281 agmine
913 2199 1326 2263 unaetvicesima
1359 2209 1541 2280 Rapax
1568 2217 1619 2262 et
1639 2210 1810 2278 prima

201 2283 382 2339 Italica
411 2284 694 2348 incessere,
729 2299 853 2338 cum
874 2281 1171 2338 vexillariis
1202 2283 1364 2338 trium
1391 2285 1811 2338 Britannicarum

201 2359 478 2432 legionum
501 2365 550 2412 et
569 2357 1008 2413 eiectis-auxiliis.
1075 2357 1309 2414 Profecto
1328 2358 1571 2422 Caecina,
1600 2358 1815 2430 scripsit

199 2435 407 2489 Fabius
427 2431 623 2488 Valens
662 2433 939 2497 exercitui,
983 2451 1145 2507 quem
1176 2441 1294 2506 ipse
1320 2433 1646 2498 ductaverat,
1681 2439 1813 2488 utin

197 2515 392 2564 itinera
411 2511 757 2577 opperiret'un·
776 2513 853 2564 aio
873 2512 974 2564 sibi
995 2527 1111 2564 cum
1128 2509 1352 2564 Caecina
1372 2516 1693 2564 convenisse:
1716 2509 1811 2580 qui

195 2600 479 2658 praesens,
511 2599 680 2656 eoque
707 2583 952 2650 validior,
980 2591 1293 2640 inmutatum
1320 2589 1377 2640 id
1406 2587 1680 2639 consilium
1712 2585 1814 2639 {in-

198 2660 304 2723 xit,
328 2669 384 2713 ut
403 2664 667 2730 inqruemti
687 2663 816 2714 bello
837 2669 945 2715 tota
964 2664 1096 2725 mole
1114 2669 1495 2716 occurreretur.
1572 2661 1643 2715 lta
1666 2677 1814 2716 acce-

197 2733 374 2864 lerarre
403 2733 636 2864 legiolties
667 2734 1004 2804 Cremonam,
1036 2753 1163 2810 pars
1192 2735 1471 2867 Hostilffm
1500 2747 1679 2809 petere
1697 2737 1813 2793 ius·

329 2827 496 2866 Acrrus
587 2849 600 2864 .
