2081 3038
273 218 339 272 56
830 222 1304 268 ANNALIUM
1601 213 1883 284 (mustos.

278 323 509 380 ferendis
530 325 687 396 equis
707 332 798 378 aut
816 324 1136 378 commeatui
1149 365 1162 388 ,
1207 322 1342 378 velis
1363 321 1568 376 habiles
1585 362 1599 385 ,
1639 321 1773 376 citae
1794 337 1887 376 re-

280 401 385 454 mis
401 440 416 464 ,
456 397 791 472 augebantur
814 397 1079 453 alacritate
1110 398 1344 453 militum
1361 397 1419 452 in
1439 396 1673 468 speciem
1691 414 1752 450 ac
1773 405 1886 450 ter-

278 490 473 531 rorem.
551 473 733 529 Insula
782 473 1098 530 Batavorum
1114 515 1126 538 ‚
1195 474 1251 527 in
1298 489 1462 544 quam
1511 473 1884 536 convenirent,

278 547 565 622 praedicta,
590 548 660 604 ob
680 547 859 603 faciles
878 547 1159 618 adpulsuS‚
1189 547 1620 618 accipiendisque
1639 546 1809 616 copiis
1831 553 1890 600 et

280 623 746 682 transmittendum
774 623 841 679 ad
867 623 1069 679 bellum
1099 631 1412 695 opportuna.
1493 622 1628 675 Nam
1656 619 1888 676 Rhenus

280 716 389 757 uno
414 697 567 755 alveo
592 700 907 764 contiuuuS,
950 707 1042 752 aut
1068 697 1302 752 modicas
1339 695 1546 751 insulas
1582 697 1890 750 circumve-

280 773 612 846 niens,apud
631 775 958 848 principium
978 773 1282 846 agriBatavi
1303 770 1518 826 velutin
1538 770 1673 826 duos
1693 787 1886 825 amnes

280 849 541 907 dividitur
555 890 569 914 ‚
600 857 881 920 servatque
900 864 1094 903 nomen
1114 854 1164 901 et
1181 845 1488 902 violentiam
1509 863 1730 911 cursus,
1771 863 1888 918 qua

283 924 625 982 Germaniam
646 923 986 995 praevehitur
1001 964 1014 987 ,
1046 922 1212 977 donec
1231 921 1438 977 Oceano
1458 921 1770 976 misceatur:
1816 921 1890 976 ad

285 999 545 1056 Gallicam
588 998 759 1068 ripam
811 997 960 1053 latior
1008 1005 1060 1051 et
1107 996 1362 1069 placidior
1399 995 1668 1064 adfluens3
1727 1013 1889 1052 verso

284 1079 630 1148 cognomento
656 1071 910 1127 Vahalem
936 1072 1140 1128 accolae
1167 1071 1380 1140 dicunt3
1421 1089 1549 1126 mox
1577 1071 1632 1125 id
1665 1087 1890 1144 quoque

286 1148 607 1204 vocabulum
628 1156 798 1202 mutat
817 1149 962 1203 Mosa
982 1146 1205 1202 flumine
1220 1187 1233 1212 ,
1265 1148 1492 1218 eiusque
1508 1147 1774 1201 immenso
1794 1163 1890 1200 ore

284 1223 517 1279 eundem
536 1223 594 1278 in
614 1221 885 1280 Oceanum
906 1222 1214 1278 effunditur.
1642 1228 1646 1232 '

396 1298 450 1353 7.
491 1297 597 1353 Sed
614 1296 807 1353 Caesar
820 1339 835 1364 ,
856 1297 989 1354 dum
1008 1297 1300 1372 adiguntur
1319 1313 1501 1361 naveS,
1525 1295 1719 1351 Silium
1742 1294 1890 1367 lega-

284 1383 403 1429 tum
430 1389 555 1428 cum
584 1373 826 1446 expedita
854 1391 1018 1440 manu
1046 1373 1405 1444 inruptionem
1435 1372 1493 1426 in
1511 1371 1688 1428 Cattos
1716 1365 1890 1424 facere

286 1448 463 1504 iubet:
504 1449 623 1522 ipse
639 1448 819 1505 audito
832 1489 846 1516 ,
887 1447 1164 1504 castellum
1183 1447 1423 1518 Luppiae
1442 1437 1655 1500 flumini
1675 1444 1888 1516 adposi—

287 1533 403 1580 tum
430 1524 689 1590 obsideri,
730 1541 827 1581 sex
856 1524 1090 1599 legiones
1117 1541 1180 1580 eo
1203 1524 1375 1578 duxit.
1454 1524 1642 1593 Neque
1661 1521 1790 1576 Silio
1817 1522 1889 1576 ob

287 1600 494 1656 subitos
513 1599 714 1655 imbres
735 1600 882 1656 aliud
906 1608 1084 1655 actum
1099 1641 1113 1665 ‚
1159 1598 1323 1671 qua'in
1353 1606 1413 1651 ut
1442 1598 1706 1653 modicam
1733 1612 1889 1667 prae—-

287 1675 411 1729 dam
425 1716 440 1740 ,
462 1682 513 1729 et
532 1674 682 1746 Ami,
713 1676 975 1747 principis
996 1675 1286 1737 Cattorum,
1309 1673 1590 1745 coniugem
1613 1671 1888 1742 filiamque

287 1757 519 1820 raperet:
547 1765 719 1819 neque
738 1748 948 1803 Caesari
972 1750 1178 1820 copiam
1198 1764 1410 1821 pugnae
1429 1747 1731 1801 obsessores
1754 1745 1891 1800 sece-

289 1840 365 1886 re,
390 1822 457 1876 ad
480 1822 677 1877 famam
699 1822 959 1877 adventus
979 1825 1096 1878 eius
1115 1822 1328 1893 dilapsi.
1371 1823 1414 1875 T
1417 1822 1668 1877 umulum
1688 1828 1883 1886 tamen,

291 1914 463 1968 nuper
481 1897 729 1953 Varianis
754 1896 1056 1971 legionibus
1083 1905 1345 1953 structum
1359 1939 1373 1962 ,
1391 1906 1467 1951 ‘et
1497 1907 1724 1952 veterem
1743 1914 1886 1951 aram

289 1974 462 2027 Druso
487 1971 647 2027 sitam
676 1972 1007 2027 disiecerant.
1087 1972 1336 2027 Restituit
1373 1988 1548 2037 aram,
1591 1972 1887 2043 honorique

288 2047 455 2118 patris
474 2046 724 2118 princeps
743 2048 861 2119 ipse
881 2066 1004 2103 cum
1025 2046 1326 2121 legionibus
1345 2047 1676 2117 decucurrit3
1707 2055 1888 2101 tumu-

292 2121 406 2179 lum
444 2121 633 2177 iterare
658 2122 803 2177 haud
829 2124 1029 2177 visum.
1109 2122 1178 2176 Et
1213 2132 1401 2177 cuncta
1437 2123 1577 2177 inter
1615 2120 1886 2177 castellum

288 2195 564 2253 Alisonem
602 2214 665 2251 ac
702 2198 949 2251 Rhenum
990 2196 1143 2253 novis
1184 2196 1449 2254 limitibus
1495 2198 1888 2271 aggeribusque

290 2273 614 2344 permunita.
1763 2291 1772 2301 ·

402 2351 455 2402 8.
496 2347 717 2419 Iamque
736 2345 925 2402 classis
944 2347 1244 2413 advenerat,
1268 2366 1412 2412 cum,
1435 2348 1730 2419 praemisso
1748 2364 1887 2403 com-

292 2429 491 2488 meatu,
510 2429 563 2477 et
582 2421 883 2477 distributis
911 2423 965 2477 in
990 2421 1222 2496 legiones
1243 2442 1304 2477 ac
1323 2424 1493 2478 socios
1513 2424 1764 2489 navibuS,
1787 2422 1888 2478 fos-

290 2514 437 2562 sam,
478 2498 568 2553 cui
596 2498 889 2554 Drusianae
928 2514 1122 2553 nomen
1137 2541 1150 2563 ,
1193 2500 1470 2572 ingressus
1485 2542 1499 2563 ,
1541 2508 1888 2571 precatusque

292 2572 527 2627 Drusum
548 2582 780 2643 patrem,
802 2583 865 2628 ut
882 2590 941 2627 se
956 2615 969 2639 ,
992 2573 1174 2627 eadem
1195 2592 1410 2639 ausum,
1435 2572 1610 2629 libens
1628 2574 1890 2646 placatus-

292 2663 403 2719 que
438 2648 682 2719 exemplo
716 2665 778 2704 ac
816 2649 1072 2705 memoria
1100 2648 1444 2704 consiliorum
1473 2657 1634 2721 atque
1671 2656 1886 2719 operum

292 2720 527 2793 ἰπνίτας
558 2720 705 2785 lacus
726 2722 851 2785 inde
869 2731 921 2785 et
938 2722 1211 2783 Oceanum
1229 2740 1405 2799 usque
1424 2724 1493 2781 ad
1511 2724 1772 2781 Amisiam
1791 2722 1890 2781 ssu-
