2081 3038
305 202 402 255 348
861 205 1329 253 ANNALIUM
1620 193 1690 269 (A.
1714 215 1765 253 n.
1790 206 1897 253 816.

305 307 408 373 luS‚
440 308 624 365 consul
655 307 982 399 designatae,
1005 310 1331 363 adimendam
1352 323 1441 361 reo
1458 312 1781 375 praeturam,
1806 322 1901 361 ne-

305 388 622 452 candumque
640 401 780 439 more
799 388 1070 439 maiorum.
1099 381 1297 437 Ceteris
1316 380 1439 437 inde
1460 380 1897 448 assentientibus,

305 459 493 513 Paetus
513 458 762 524 Thrasea,
793 458 964 515 multo
988 476 1115 513 cum
1133 457 1332 513 honore
1351 456 1610 522 Caesaris,
1635 464 1690 511 et
1704 456 1903 512 acerri-

304 550 390 587 me
415 534 672 607 increpito
699 534 954 601 Antistio,
984 546 1105 598 non,
1142 536 1397 604 quidquid
1424 547 1612 587 nocens
1636 548 1758 587 reus
1780 535 1902 601 pati

302 618 600 673 mereretur,
630 614 701 673 id,
738 615 940 679 eyreyio
964 612 1059 663 sub
1074 612 1331 677 principe,
1358 616 1407 662 et
1432 610 1583 663 nulla
1600 611 1903 663 necessitate

303 686 547 740 obstricto
572 694 774 749 senatu,
805 688 1147 747 statuendum,
1170 682 1441 739 disseruit.
1525 681 1834 752 Carnificem
1852 691 1903 736 et

305 762 542 829 taqueum
556 765 759 828 pridem
777 762 972 813 abolita
983 778 1000 812 :
1031 766 1080 812 et
1102 774 1208 813 esse
1220 774 1416 831 poenas
1436 761 1629 829 legibus
1648 761 1902 812 constitu-

305 842 400 898 tae,
433 837 632 903 quibua,
663 839 773 889 sine
799 837 1029 888 iudicum
1052 837 1273 888 saevitia
1292 843 1340 888 et
1359 834 1641 903 temporum
1658 836 1899 902 infamia,

301 910 561 977 supplicia
575 912 988 963 decernerentur.
1066 908 1205 975 Quin
1222 912 1279 964 in
1299 912 1491 973 insula,
1508 908 1790 977 publicatis
1810 910 1903 961 bo-

302 989 400 1047 nis,
425 1001 526 1053 quo
544 986 748 1053 longius
769 992 962 1037 sontem
987 986 1149 1041 vitam
1168 988 1435 1047 traxisset,
1458 1001 1515 1039 eo
1526 985 1780 1053 privatim
1796 986 1903 1036 mi-

300 1062 562 1123 seriorem,
603 1066 654 1113 et
677 1060 920 1127 publicae
956 1060 1253 1115 clementiae
1286 1064 1573 1115 maximum
1609 1060 1905 1147 exemplum

300 1138 554 1203 futurum.

415 1210 498 1263 49.
539 1207 778 1265 Libertas
796 1207 1057 1263 Thraseae
1076 1210 1356 1265 servitium
1374 1208 1600 1265 aliorum
1619 1208 1793 1281 rupit.
1826 1216 1899 1274 et,

302 1290 588 1373 postquam
612 1282 991 1340 discessionem
1021 1284 1207 1343 consul
1230 1286 1561 1357 permiserat,
1590 1280 1863 1357 pedibus
1843 1302 1902 1340 ιιι

302 1358 616 1415 sententiam
626 1359 861 1415 eiusiere
867 1360 1080 1433 ,paucis
1102 1361 1389 1433 exemptis:
1417 1362 1475 1416 in
1494 1360 1695 1433 quibus
1714 1358 1903 1415 adula—

303 1435 443 1493 tione
461 1436 896 1508 promptissimus
918 1434 1019 1491 suit
1035 1434 1101 1491 A.
1130 1435 1396 1501 Vitellius,
1418 1437 1681 1508 optimum
1706 1452 1903 1509 quem-

303 1529 408 1582 que
437 1510 614 1585 iurgio
640 1510 904 1567 lacessens
933 1521 984 1566 et
1005 1510 1343 1584 respondenti
1362 1512 1606 1578 reticens,
1629 1518 1688 1568 ut
1705 1510 1899 1584 pavida

303 1587 516 1660 ingenia
535 1585 721 1642 solent.
801 1589 869 1642 At
897 1586 1162 1652 consules,
1184 1587 1437 1659 perficere
1454 1586 1723 1643 decretum
1744 1604 1902 1642 sena-

303 1669 390 1715 tus
418 1678 524 1716 non
550 1663 688 1727 ausi,
719 1661 785 1716 de
803 1679 1067 1718 consensu
1088 1663 1347 1734 scripsere
1366 1661 1597 1719 Caesari.
1676 1661 1789 1728 Ille,
1813 1663 1899 1720 in-

305 1739 380 1790 ter
417 1735 676 1807 pudorem
713 1744 765 1792 et
800 1738 936 1792 iram
979 1744 1276 1803 cunctatus,
1308 1745 1579 1810 postremo
1603 1737 1897 1810 rescripsit,

303 1813 451 1865 nulla
495 1815 696 1866 iniuria
737 1820 1079 1882 provocatum
1120 1812 1427 1878 Antistium,
1472 1815 1811 1884 gravissimas
1846 1819 1904 1869 in

299 1890 587 1956 principem
607 1890 940 1942 contumelias
957 1891 1185 1944 dimisse.
1216 1905 1397 1944 earum
1414 1893 1659 1944 ultionem
1674 1907 1711 1944 a
1722 1893 1903 1960 patri-

305 1964 398 2016 bus
417 1965 750 2031 postulatam,
780 1969 845 2026 et,
869 1979 972 2032 pro
990 1967 1345 2033 maqnitudine
1361 1966 1539 2020 delicti
1548 1981 1770 2034 poenam
1787 1971 1905 2020 sta-

246 2061 254 2071 „
304 2041 397 2100 tui
424 2053 530 2106 par
555 2041 742 2108 luisse:
784 2046 1006 2092 ceterum
1030 2055 1101 2102 se,
1124 2042 1219 2109 qui
1239 2043 1563 2095 severitatem
1580 2043 1904 2096 decernenti-

303 2129 390 2165 um
435 2116 758 2181 inpeditura-3
801 2117 986 2182 fuerit,
1033 2118 1433 2170 moderationem
1473 2131 1577 2171 non
1609 2107 1900 2184 prohibere.

301 2185 599 2242 Statuerent
618 2196 675 2241 ut
693 2189 907 2242 vellent:
933 2192 1117 2245 datam
1132 2191 1287 2244 etiam
1304 2190 1601 2246 absolvendi
1616 2193 1899 2245 licentiam.

304 2261 400 2317 His
421 2269 578 2334 atque
599 2261 795 2318 talibus
813 2265 1063 2330 recitatis,
1095 2271 1146 2320 et
1162 2263 1449 2321 offensione
1469 2265 1765 2330 manifesta,
1789 2285 1899 2322 non
1930 2304 1935 2308 -

302 2336 422 2392 ideo
439 2345 530 2392 aut
548 2337 792 2394 consules
813 2342 1085 2396 mutavere
1102 2339 1428 2406 relationem,
1442 2351 1535 2396 aut
1554 2341 1783 2396 Thrasea
1802 2339 1900 2396 de·-

302 2413 462 2468 cessit
478 2414 754 2504 sententia,
779 2416 1022 2483 ceterive,
1044 2433 1182 2490 quae
1198 2415 1567 2492 probaverant,
1584 2417 1893 2478 deseruere:

303 2502 444 2560 pars,
475 2505 542 2544 ne
569 2489 867 2563 principem
885 2491 1146 2547 obiecisse
1163 2490 1398 2548 invidiae
1418 2489 1749 2562 viderentur3
1771 2491 1899 2580 plu-

303 2580 388 2621 res
417 2579 638 2620 numero
667 2568 792 2636 tuti3
835 2565 1066 2623 Thrasea
1094 2577 1241 2623 sueta
1271 2566 1599 2658 firmitudine
1627 2568 1813 2634 animi,
1848 2576 1900 2625 et

303 2653 371 2694 ne
387 2637 554 2710 gloria
574 2641 921 2700 intercideret.

412 2714 497 2766 50.
540 2715 692 2770 Haud
705 2715 909 2790 dispari
935 2717 1159 2772 crimine
1184 2714 1459 2774 Fabricius
1480 2705 1695 2776 Veiento
1713 2717 1899 2778 confli-

2076 1012 2078 1045 ι

2076 1068 2078 1117 1

2076 1883 2078 1958 ι
