2081 3038
252 227 499 301 acm.)
630 207 635 214 ’
700 235 862 282 mn.
899 235 962 284 v.
1003 236 1181 282 can.
1222 233 1396 285 3-5.
1732 229 1845 290 ‘23⁴

254 346 308 396 et
325 335 642 394 continuum
661 353 759 394 sex
776 335 988 390 dierum
1007 337 1110 392 iter
1136 337 1363 402 emensi,
1404 339 1649 410 septimo,
1679 337 1855 410 pulsis

255 411 572 477 cultoribus,
599 411 881 467 obtinuero·
903 418 1089 478 terras,
1118 411 1179 466 in
1206 413 1335 484 quis
1364 412 1497 470 urbs
1523 422 1578 468 et·
1592 413 1854 486 templum

255 488 449 544 dicata.

367 566 416 618 4.
457 561 689 636 Moyses,
722 577 832 634 quo
855 561 963 616 sibi
990 563 1049 616 in
1072 569 1347 634 posterum
1366 571 1579 637 gentem
1600 563 1851 630 firmaret,

256 653 421 694 novos
459 637 596 694 ritus
633 637 1032 710 contrariosque
1066 638 1255 693 esteris
1290 637 1606 695 mortalibus
1642 639 1851 694 indidit.

255 712 477 770 Profana
497 712 610 768 illie
625 712 824 778 omnia,
848 729 989 784 quae
1006 713 1153 785 apud
1172 730 1269 770 nos
1286 729 1466 770 saera:
1493 729 1713 770 rursum
1732 731 1858 770 oon-

255 805 404 844 oessa
423 787 567 860 apud
583 787 724 853 illos,
752 805 894 860 quaa
908 787 1066 844 nobis
1083 790 1303 844 incesta.
1344 787 1367 808 ⁶
1381 787 1485 844 Bffi
1528 790 1539 802 ’
1576 807 1633 844 m
1652 789 1859 844 anima-

255 864 343 930 lis‚
357 881 468 937 quo
485 871 810 919 monstrante
825 875 1058 920 errorum
1075 864 1335 937 sitimque
1350 864 1493 937 depu
1514 873 1681 930 erant,
1696 881 1859 934 pene-

256 939 374 995 trali
412 955 714 996 sacravere:
775 955 927 996 eaeeo
967 940 1158 1006 ariete,
1200 939 1349 997 velut
1384 941 1442 996 in
1478 939 1856 996 contumeliam

255 1015 586 1070 Hammonis.
665 1015 765 1070 Bos
803 1032 1022 1088 quoque
1058 1013 1366 1081 inmolatur,
1407 1029 1572 1089 quem
1606 1014 1858 1090 Aegyptii

255 1091 396 1162 Apin
414 1089 614 1148 oolunt.
659 1089 770 1145 Sue
783 1091 1072 1158 abstinent,-
1094 1091 1352 1148 memoria
1370 1091 1559 1158 eladis,
1582 1107 1689 1164 qua
1710 1093 1858 1162 ipsos

151 1183 168 1199 ·
253 1167 458 1222 scabies
486 1166 756 1240 quondam
781 1174 1103 1238 turpaverat,
1132 1168 1223 1223 oui
1242 1166 1299 1222 id
1318 1166 1517 1223 animal
1538 1167 1851 1223 obnoxium.

256 1242 488 1316 Longam
519 1241 650 1296 olim
681 1240 874 1296 famem
901 1241 1105 1298 erebris
1140 1241 1317 1298 adhue
1348 1244 1569 1299 ieiuniis
1595 1243 1851 1300 fatentur:

253 1325 306 1371 et
323 1325 592 1388 raptarum
617 1315 834 1389 frugum
852 1325 1230 1390 argumentum
1249 1320 1405 1388 panis
1414 1318 1683 1384 Iudaicus,
1706 1316 1858 1373 nullo

255 1391 530 1456 fermento,
549 1391 752 1446 ratim
795 1389 1032 1461 Septimo
1049 1390 1138 1447 die
1152 1392 1324 1447 otium
1344 1391 1631 1464 placuisse,
1647 1392 1851 1447 ferunt:

255 1466 386 1539 quia
404 1465 452 1521 ie
473 1465 632 1521 linem
651 1463 896 1521 laborum
915 1464 1123 1521 tulerit:
1164 1465 1311 1531 dein,
1324 1466 1627 1523 blandiente
1646 1467 1853 1534 inertia,

255 1541 546 1613 septimum
573 1557 792 1613 quoque
819 1556 1022 1595 annum
1050 1540 1297 1615 ignaviae
1322 1541 1528 1597 datum.
1607 1540 1735 1608 Alii,
1759 1542 1857 1598 ho-

257 1632 438 1672 norem
477 1633 604 1670 eum
629 1614 860 1671 Saturno
883 1614 1100 1672 baberi:
1140 1632 1239 1671 seu
1276 1618 1540 1689 principia
1580 1618 1855 1692 religionis

255 1690 586 1747 tradentibus
613 1690 802 1756 idaeis,
835 1708 972 1763 quos
997 1708 1127 1747 cum
1152 1688 1381 1749 Saturno
1397 1692 1582 1765 pulsos
1602 1702 1652 1749 et
1672 1694 1855 1750 eondi-

257 1777 392 1823 tores
420 1766 595 1840 gentis
613 1765 935 1837 aeoepimuS,
967 1784 1065 1822 seu
1087 1766 1235 1841 qnod
1252 1766 1318 1823 de
1338 1776 1541 1840 septem
1560 1770 1850 1833 sidet-ibae,

254 1844 381 1914 quis
401 1840 646 1897 mortales
666 1849 944 1915 reguntur,
960 1842 1227 1898 altissimo
1240 1844 1369 1899 orbe
1387 1850 1439 1898 et
1455 1846 1737 1915 praecipua
1757 1862 1855 1915 po-

258 1919 437 1980 tentia,
477 1916 628 1973 stella
659 1916 872 1972 Saturni
902 1916 1126 1975 feratur:
1167 1934 1231 1973 ao
1264 1918 1520 1991 pleraque
1546 1918 1849 1974 caelestium

255 1996 367 2048 vim
389 2008 544 2049 stiam
573 1999 626 2047 et
643 2006 864 2047 cursum
892 1994 1151 2063 septimos
1164 2009 1263 2065 per
1280 2010 1531 2050 numeros
1552 1994 1850 2049 oonflciant.

363 2070 414 2124 5.
457 2068 524 2123 Hi
544 2068 699 2132 ritus,
741 2084 960 2139 quoquo
979 2067 1139 2123 modo
1154 2068 1380 2136 inducti,
1421 2071 1733 2141 antiquitate
1760 2069 1854 2123 de-

255 2143 562 2200 fenduntur.
641 2140 822 2199 Cetera
860 2142 1102 2197 instituta
1149 2143 1366 2200 sinistra
1409 2144 1559 2201 foeda
1598 2144 1854 2216 pravitate

257 2219 488 2276 valuere.
567 2218 702 2281 Nam
721 2218 992 2290 pessi-mus
1011 2217 1266 2298 quisque,
1290 2222 1485 2291 spretis
1500 2220 1853 2292 religionibus

253 2294 460 2367 patriis,
504 2292 700 2349 tributa
738 2301 790 2348 et
818 2294 984 2365 stipes
1021 2291 1154 2349 illue
1176 2295 1457 2368 gerebant:
1497 2295 1643 2350 unde
1670 2302 1853 2350 auctae

254 2370 572 2426 ludaeorum
599 2385 706 2434 res,
738 2375 790 2423 et
817 2369 947 2441 quia
965 2368 1111 2441 apud
1126 2368 1275 2441 ipsos
1292 2370 1428 2425 fides
1442 2370 1724 2433 obstinata,
1749 2370 1855 2423 mi-

253 2444 536 2501 sericordia
553 2445 614 2499 in
631 2450 902 2515 promptu,
915 2444 1011 2499 sed
1026 2443 1287 2501 adversus
1302 2460 1491 2503 omnes
1509 2444 1640 2501 alios
1660 2444 1855 2500 hostile

251 2519 456 2575 odium.
537 2516 772 2590 Separati
797 2518 993 2591 epulis,
1023 2519 1239 2576 disereti
1260 2520 1554 2588 eubilibus,
1576 2520 1853 2593 proiectis·-

253 2595 390 2650 sima
429 2595 498 2650 ad
533 2592 811 2649 libidinem
848 2610 1002 2667 gens,
1032 2593 1328 2651 alienarum
1364 2596 1649 2653 oonoubitu
1688 2595 1855 2651 absti-

255 2676 408 2738 nent3
446 2668 585 2725 inter
602 2684 662 2724 se
678 2668 815 2723 nihil
835 2668 1121 2725 inlicitum.
1182 2670 1577 2729 circumcidere
1599 2669 1851 2749 genitalia

253 2742 549 2813 instituam.
589 2750 666 2802 ut·
683 2743 988 2805 diversitate
1025 2754 1331 2806 noscantur.
1411 2747 1753 2826 Tmnsgressi
1792 2747 1850 2801 in
