2081 3038
457 210 556 255 DE
597 208 1024 257 GERMANIA.
1069 212 1225 258 CAP.
1269 212 1351 257 45.
1392 213 1479 259 46.
1670 206 1770 261 269

174 314 312 387 Ergo
330 312 440 366 iam
459 308 642 365 dextro
661 309 876 365 Suevici
895 314 1061 367 maris
1082 311 1232 367 litore
1250 311 1569 387 Aestyorum
1586 320 1772 387 gentes

175 390 492 444 adluuntur:
520 386 724 458 quibus
747 387 880 440 ritus
901 386 1225 459 habitusque
1236 386 1561 457 Suevorum3
1588 389 1769 462 lingua

173 464 502 521 Britannicae
521 463 754 532 propior.
813 462 1034 516 Matrem
1056 461 1216 516 deum
1238 471 1573 519 venerantur.
1634 464 1775 519 Insi-

175 558 279 614 gne
297 537 688 609 superstitionis
710 535 904 591 formas
925 555 1176 609 aprorum
1196 545 1421 611 gestant.
1495 538 1555 592 Id
1573 556 1669 610 pro
1688 557 1775 593 ar-

177 616 281 669 mis
301 615 556 685 omnique
577 611 764 667 tutela:
807 630 1060 667 securum
1086 613 1213 667 deae
1233 611 1490 668 cultorem
1510 615 1668 668 etiam
1691 615 1775 668 in·-

167 700 253 745 -ter
290 689 467 744 hostes
505 696 752 759 praestat.
831 688 1004 742 Rarus
1054 686 1206 753 ferri,
1250 688 1502 761 frequens
1547 688 1772 743 fustium

181 784 330 821 usuS.
409 764 698 829 Frumenta
717 770 1023 835 ceterosque
1042 762 1247 817 fructus
1266 766 1575 835 patientius»,
1605 782 1773 836 quam

177 859 272 913 pro
291 839 443 894 solita
465 838 851 895 Germanorum
871 840 1081 904 inertia,
1105 838 1359 895 laborant.
1439 838 1542 894 Sed
1560 847 1611 894 et
1629 856 1775 907 mare

177 924 497 980 scrutantur,
512 932 572 969 ac
591 914 688 969 soli
708 915 950 969 omnium
973 916 1275 981 succinum,
1290 914 1435 988 quod
1456 915 1561 986 ipsi
1580 918 1775 984 ylesum

179 999 382 1056 vocant,
430 991 568 1045 inter
593 990 725 1044 vada
757 998 915 1062 atque
935 991 992 1044 in
1024 990 1141 1061 ipso
1172 989 1321 1045 litore
1360 991 1561 1064 legunt.
1641 990 1769 1054 Nec,

178 1085 316 1141 quae
345 1074 550 1132 natura,
581 1082 786 1137 quaeve
815 1067 948 1120 ratio
964 1066 1169 1139 gignat,
1192 1073 1256 1121 ut
1272 1066 1533 1131 barbaria,
1558 1066 1774 1137 quaesi-

178 1152 291 1197 tum
313 1150 729 1214 compertumve.
780 1142 882 1195 Diu
903 1142 1037 1213 quin
1060 1143 1218 1196 etiam
1238 1142 1377 1196 inter
1396 1150 1563 1197 cetera
1584 1144 1773 1196 eiecta-

177 1226 350 1273 menta
373 1219 534 1272 maris
553 1216 773 1281 iacebat,
788 1216 954 1271 donec
974 1216 1188 1271 luxuria
1209 1226 1385 1273 nostra
1398 1217 1541 1273 dedit
1554 1226 1769 1273 nomen.

177 1296 312 1366 Ipsis
355 1295 407 1347 in
447 1291 594 1347 nullo
629 1308 765 1345 usu:
816 1292 949 1345 rude
981 1290 1197 1364 legitur,
1228 1292 1457 1348 informe
1486 1292 1769 1365 perfertur,

175 1370 518 1441 pretiumque
537 1369 790 1420 mirantes
808 1366 1095 1436 accipiunt.
1171 1365 1403 1421 Succum
1424 1376 1599 1421 tamen
1622 1369 1775 1421 arbo-

177 1462 299 1499 rum
321 1460 437 1498 esse
456 1441 741 1513 intelligas,
773 1442 902 1512 quia
930 1447 1135 1493 terrena
1154 1442 1416 1511 quaedam
1438 1450 1596 1513 atque
1615 1443 1774 1496 etiam

177 1518 415 1575 volucria
435 1516 683 1572 animalia
705 1514 1026 1587 plerumque
1046 1515 1532 1588 interlucent,quae
1550 1516 1774 1588 inplica-

177 1605 230 1650 ta
250 1595 493 1658 humore,
517 1610 662 1658 mox,
695 1592 1006 1646 durescente
1025 1592 1263 1657 materia,
1288 1591 1595 1648 cluduntur.
1674 1594 1774 1647 Fe-

177 1669 430 1725 cundiora
459 1669 624 1742 igitur
651 1685 866 1722 nemora
889 1664 1163 1738 lucosque,
1196 1666 1337 1722 sicut
1353 1665 1583 1723 Orientis
1604 1686 1775 1723 secre—

179 1748 266 1809 tis,
302 1745 395 1799 ubi
423 1745 580 1798 thura
609 1742 953 1815 balsamaque
974 1742 1255 1808 sudantur,
1278 1743 1351 1797 ita
1370 1741 1667 1798 Occidentis
1688 1745 1775 1798 in-

177 1820 316 1877 sulis
355 1822 618 1891 terrisque
655 1821 851 1884 inesse,
892 1817 1235 1888 crediderim3
1279 1835 1419 1890 quae
1448 1819 1615 1873 vicini
1644 1819 1773 1874 solis

177 1896 344 1952 radiis
374 1913 623 1966 expressa
653 1903 812 1966 atque
841 1893 1097 1966 liquentia
1126 1894 1183 1948 in
1203 1897 1512 1966 proximum
1533 1912 1678 1948 mare
1698 1894 1775 1949 la-

177 1973 398 2036 buntur,
423 1988 484 2026 ac
502 1971 557 2026 vi
585 1977 955 2041 tempestatum
977 1971 1034 2024 in
1064 1969 1283 2024 adversa
1310 1969 1460 2025 litora
1482 1970 1770 2025 exundant.

176 2047 236 2103 Si
257 2055 500 2102 naturam
529 2046 734 2100 succini
755 2045 962 2100 admoto
981 2045 1107 2118 igne
1129 2053 1315 2112 tenteS,
1346 2047 1405 2100 in
1426 2046 1645 2101 modum
1667 2053 1776 2100 tae-

174 2124 276 2179 dae
293 2122 614 2188 accenditur,
647 2120 846 2192 alitque
871 2119 1140 2174 flammam
1160 2122 1419 2195 pinguem
1446 2130 1497 2175 et
1514 2121 1771 2177 olentem:

176 2217 306 2255 mox
326 2208 387 2254 ut
405 2199 458 2252 in
485 2200 658 2269 picem
679 2197 978 2251 resinamve
997 2194 1254 2251 lentescit.
1326 2195 1617 2252 Suionibus
1638 2195 1776 2252 Sito-

175 2293 311 2332 num
340 2281 523 2348 gentes
552 2273 944 2328 continuantur.
1024 2270 1206 2326 Cetera
1226 2271 1452 2337 similes,
1496 2290 1603 2330 uno
1624 2271 1775 2328 diffe-

175 2359 320 2416 runt,
354 2349 499 2421 quod
528 2347 724 2403 femina
753 2347 1082 2403 dominatur:
1126 2347 1182 2401 in
1213 2355 1418 2402 tantum
1442 2365 1549 2403 non
1571 2348 1725 2403 modo
1744 2365 1773 2402 a

176 2426 432 2489 libertate,
456 2423 550 2478 sed
575 2425 734 2478 etiam
754 2441 784 2477 a
805 2423 1059 2478 servitute
1080 2422 1416 2496 degenerant.

289 2503 372 2555 46.
413 2501 512 2554 Hic
530 2499 755 2554 Sueviae
775 2498 916 2554 finis,
958 2498 1312 2553 Peucinorum
1330 2497 1775 2571 Venedorumque

174 2584 227 2630 et
267 2576 570 2630 Fennorum
610 2576 847 2631 nationes
883 2575 1167 2631 Germanis
1196 2592 1263 2630 an
1294 2573 1547 2629 Sarmatis
1576 2574 1777 2629 adscri-

175 2652 323 2716 bam,
366 2652 576 2708 dubito:
619 2669 951 2724 quamquam
979 2648 1225 2715 Peucini,
1258 2667 1395 2722 quos
1424 2651 1644 2722 quidam
1676 2651 1775 2705 Ba-

173 2735 384 2784 starnas
405 2735 610 2794 vocant,
653 2740 916 2794 sermone,
949 2725 1119 2792 cultu,
1161 2725 1286 2781 sede
1306 2743 1367 2781 ac
1388 2726 1691 2794 domiciliiS,
1716 2736 1775 2782 ut
