2081 3038
210 228 462 303 A.c..7o.)
589 220 794 281 'L113.
831 236 874 281 1.
915 236 1096 283 GAP.
1138 236 1381 285 46—48.
1742 234 1815 289 29

213 337 503 397 firmatam.
583 338 720 393 Laco
744 336 1059 409 praefectus,
1094 349 1363 411 tamquam
1397 338 1450 395 in
1476 338 1707 395 insulam
1730 358 1829 395 se-.

209 422 530 487 poneretur,
573 413 640 467 ab
679 423 917 477 evocato,
957 430 1123 485 quem
1159 413 1225 468 ad
1266 413 1478 469 caedem
1518 416 1635 470 eius
1678 415 1815 472 Otho

211 490 582 563 praemiserat,
616 487 922 544 confossus:
965 490 1020 543 in
1052 488 1371 544 Martianum
1402 488 1628 557 Icelum,
1670 501 1730 547 ut
1756 494 1811 547 in

213 563 546 629 libertinum,
571 563 745 634 patam
767 562 1223 619 animadversum.

329 640 411 693 47.
454 638 650 693 Exacto
681 655 775 710 per
801 638 998 693 scelera
1026 639 1132 703 die,
1167 640 1520 695 novissimum
1554 640 1811 697 malorum

215 713 316 770 suit
338 712 548 769 laetitia.
613 714 772 769 Vocat
789 723 1035 769 senatum
1056 724 1262 786 praetor
1283 715 1541 770 urbanus,
1604 715 1815 771 Certant

211 788 610 843 adulationibus
637 792 792 845 ceteri
825 790 1185 862 magistratus.
1265 790 1571 847 Adcurrunt
1606 800 1808 863 patres:

211 863 516 919 decernitur
534 862 731 921 Othoni
761 863 1043 920 tribunicia
1070 873 1317 937 potestas,
1342 874 1393 921 et
1412 883 1605 923 nomen
1627 868 1813 941 Augu-

213 938 304 1003 sti,
337 948 386 993 et
414 956 601 995 omnes
621 940 927 1011 principum
960 940 1204 1005 honores,
1227 941 1587 999 adnitentibus
1608 944 1812 999 cunctis

212 1011 424 1068 abolere
471 1014 707 1069 convicia
749 1032 810 1069 ac
852 1016 1065 1087 probra,
1115 1033 1272 1088 quae,
1313 1020 1617 1088 promiscue
1656 1019 1807 1084 iacta,

213 1088 452 1144 haesisse
484 1090 663 1145 animo
682 1090 800 1145 eius
819 1108 978 1146 nemo
994 1093 1180 1147 sensit.
1260 1090 1543 1148 Omisisset
1562 1093 1805 1157 offensaS,

212 1182 278 1219 an
302 1163 618 1230 distuiisset,
650 1164 906 1221 brevitate
925 1166 1137 1237 imperii
1158 1168 1213 1222 in
1236 1167 1433 1225 incerto
1454 1167 1571 1224 fuit.
1651 1169 1807 1236 Otho,

211 1249 431 1297 cruento
460 1239 635 1295 adhuc
656 1240 784 1305 soro,
808 1258 902 1315 per
921 1251 1150 1315 stragem
1176 1242 1461 1299 iacentium
1484 1246 1537 1299 in
1561 1244 1811 1317 Capitoli-

214 1332 328 1379 um,
352 1324 512 1393 atque
533 1315 656 1370 inde
675 1316 731 1371 in
751 1316 1008 1388 palatium
1032 1325 1233 1383 vectus,
1258 1318 1469 1375 concedi
1490 1336 1704 1391 corpora
1726 1339 1810 1376 se-

210 1389 485 1462 pulturae,
547 1392 879 1464 cremarique
941 1393 1204 1463 permisit.
1285 1393 1529 1449 Pisonem
1587 1396 1807 1451 Verania

212 1484 347 1522 uxor
375 1484 436 1521 ac
466 1465 622 1522 frater
647 1462 1047 1533 Scribonianus,
1080 1466 1141 1522 T.
1165 1466 1385 1524 Vinium
1408 1468 1651 1541 Crispina
1680 1470 1805 1538 fllia,

211 1559 576 1613 composuere,
617 1543 875 1615 quaesitis
903 1542 1301 1616 redemptisque
1340 1545 1630 1616 capitibus,
1673 1564 1809 1619 quae

211 1617 418 1672 venalia
441 1615 794 1676 interfectores
815 1627 1173 1674 servaverant.

323 1696 406 1748 48.
449 1694 570 1749 Piso
589 1711 758 1749 unum
782 1701 833 1749 et
852 1695 1183 1750 tricesimum
1205 1697 1385 1752 aetatis
1404 1713 1607 1752 annum
1629 1696 1810 1769 exple-

209 1769 318 1834 bat,
353 1767 490 1824 sama
521 1769 755 1833 meliore,
785 1787 950 1843 quam
984 1769 1209 1828 fortuna.
1292 1771 1499 1830 Fratres
1529 1772 1666 1836 eius,
1698 1774 1809 1828 Ma-

206 1862 379 1919 gnum
402 1844 679 1910 Claudius,
704 1844 956 1902 Crassum
979 1847 1117 1903 Nero
1139 1846 1519 1903 interfecerant.
1576 1848 1696 1921 Ipse
1713 1847 1808 1904 diu

208 1919 385 1986 exsul,
427 1919 714 1993 quatriduo
743 1920 952 1984 Caesar,
995 1931 1267 1994 properata
1298 1923 1575 1994 adoptione
1612 1922 1678 1978 ad
1708 1923 1809 1980 hoo

208 2002 415 2050 tantum
437 1996 620 2051 maiori
648 1994 791 2051 fratri
811 1995 1078 2068 praelatus
1098 2005 1195 2062 est,
1219 2006 1279 2054 ut
1298 1999 1442 2070 prior
1461 1998 1802 2054 occideretur.

210 2071 272 2126 T.
315 2071 508 2126 Vinius
536 2071 673 2125 LVII
700 2088 870 2127 annos
899 2073 1065 2126 variis
1094 2072 1334 2129 moribus
1353 2075 1477 2147 egit.
1561 2075 1707 2128 Pater
1725 2071 1804 2128 illi

209 2163 239 2200 e
264 2147 519 2218 praetoria
543 2144 762 2213 familia,
787 2155 1060 2202 maternus
1080 2165 1215 2202 avus
1235 2166 1265 2203 e
1284 2148 1610 2221 proscriptis.
1692 2148 1805 2204 Pri-

210 2239 296 2276 ma
317 2221 506 2277 militia
530 2220 764 2287 infamis,
788 2221 1018 2296 legatum
1039 2221 1335 2280 Calvisium
1354 2223 1613 2282 Sabinum
1633 2223 1805 2280 habu-

209 2305 344 2352 erat:
388 2298 544 2352 cuius
573 2315 727 2364 uxor,
759 2297 897 2353 maia
925 2297 1178 2369 cupidine
1198 2299 1406 2356 visendi
1424 2301 1589 2356 situm
1610 2311 1807 2356 castro—

209 2389 353 2434 rum,
380 2389 473 2444 per
503 2382 707 2427 noctem
737 2373 955 2428 miiitari
984 2373 1169 2428 habitu
1189 2375 1449 2448 ingressa,
1472 2392 1597 2430 cum
1621 2375 1805 2450 vigilia

208 2456 258 2501 et
285 2457 452 2502 cetera
484 2447 704 2503 militiae
732 2450 919 2504 munia
948 2447 1131 2509 eadem
1160 2448 1376 2505 lascivia
1401 2458 1725 2522 temptasset,
1748 2450 1804 2504 in

207 2523 344 2594 ipsis
381 2523 663 2595 principiis
691 2531 940 2594 stuprum
969 2541 1120 2588 ausa,
1162 2534 1214 2580 et
1236 2525 1477 2580 criminis
1496 2526 1662 2580 huius
1681 2541 1805 2580 reus

208 2596 269 2650 T.
294 2598 509 2663 Vinius,
541 2598 878 2672 arguebatur.
957 2600 1126 2673 Igitur
1156 2600 1311 2655 iussu
1338 2599 1398 2656 C.
1423 2599 1663 2656 Caesaris
1679 2617 1806 2656 one-

209 2680 354 2727 ratus
395 2674 614 2740 catenis,
656 2691 801 2737 mox,
845 2675 1135 2732 mutatione
1161 2683 1479 2746 temporum,
1523 2675 1801 2741 dimissu&

206 2765 372 2803 cursu
392 2747 656 2812 honorum
677 2749 952 2818 inoffenso,
979 2749 1174 2826 legioni
1192 2759 1315 2823 post
1334 2759 1635 2824 praeturam
1654 2767 1804 2822 prae-
