2081 3038
184 248 230 283 A.
251 244 298 285 c.
325 228 416 302 14.)
606 239 695 284 nx
713 240 770 283 B.
812 224 872 284 ιζ
895 240 932 283 c
956 240 1002 283 A
1021 238 1081 285 P.
1119 238 1362 289 ιιι-23.
1722 233 1787 288 {7

182 337 406 393 cordiam
424 381 440 403 ,
471 346 680 395 metum
709 347 762 394 et
787 339 898 395 iras
915 348 1305 411 permoverent.
1387 338 1609 394 Adcurri
1618 348 1703 395 tur
1722 340 1790 395 ab

185 414 448 468 universis
463 456 476 479 ,
499 422 580 480 et,
603 432 814 469 carcere
832 414 1045 470 effracto
1059 456 1072 479 ,
1102 414 1319 471 solvunt
1342 414 1579 481 vincula,
1610 414 1790 469 deser-

183 497 424 560 toresque
451 507 516 543 ao
543 506 728 545 rerum
756 489 1070 561 capitalium
1098 489 1373 545 damnatos
1402 490 1507 544 sibi
1548 490 1653 545 iam
1684 490 1791 545 mi-

180 572 342 616 soent.

287 641 372 691 22.
417 638 750 711 Flagrantior
788 638 917 695 inde
955 640 1040 694 vis
1058 681 1071 704 ‚
1114 637 1299 711 plures
1338 639 1583 695 seditioni
1602 636 1785 695 duces,

181 712 240 765 Et
261 712 566 769 Vibulenus
593 714 816 785 quidam
833 755 848 780 ,
881 714 1164 788 gregarius
1191 713 1377 779 miles,
1408 722 1529 768 ante
1557 714 1785 769 tribunal

179 785 345 841 Biaesi
368 787 642 855 adlevatus
663 790 1131 845 circumstantium
1150 788 1393 844 humeris
1408 831 1421 855 ‚
1446 788 1588 860 apud
1608 789 1789 843 turba-

177 870 254 915 tos
275 868 328 915 et
344 904 356 927 ‚
381 862 518 933 quid
535 868 772 934 pararet,
795 865 1057 921 intentos:
1108 865 1206 919 Vos
1224 868 1456 935 quidm,
1478 864 1659 935 inquit
1673 905 1687 929 ,
1711 867 1789 917 his

175 942 532 991 innocentibus
545 948 597 993 et
615 942 926 995 miserrimis
947 942 1115 994 lucem
1132 948 1181 993 et
1198 944 1443 1007 spiritum
1458 942 1788 993 reddidistis:

173 1016 261 1065 sed
290 1018 410 1081 quis
437 1018 603 1081 [ratri
629 1032 741 1068 meo
766 1018 961 1079 vitam,
1001 1019 1123 1085 quis
1158 1019 1378 1084 fratrem
1414 1017 1541 1069 mihi
1576 1011 1789 1067 reddit?

175 1105 350 1154 quem,
387 1092 602 1141 missum
629 1093 702 1143 ad
725 1105 818 1144 vos
835 1106 873 1144 a
898 1089 1211 1145 Germanico
1229 1094 1465 1143 exercitu
1484 1093 1547 1143 de
1566 1105 1786 1142 commu-

174 1164 326 1216 nibus
347 1167 640 1226 commodis,
653 1170 802 1219 nocte
816 1169 1071 1232 promima
1088 1164 1343 1233 iugulavit
1356 1182 1453 1231 per
1470 1166 1789 1233 gladiatores

172 1254 323 1300 suos,
353 1254 486 1307 quos
504 1242 561 1291 in
581 1243 806 1294 exitium
822 1242 1050 1293 militum
1070 1240 1221 1293 habet
1238 1248 1392 1307 atque
1419 1248 1609 1293 armat.
1689 1240 1787 1291 Re-

174 1316 391 1378 sponde,
421 1313 634 1376 Blaeso,
665 1316 757 1367 ubi
785 1317 1016 1368 cadaver
1040 1312 1331 1369 obieceris?
1369 1314 1449 1369 Ne
1474 1316 1640 1367 hostes
1666 1318 1789 1382 qui-

174 1390 286 1439 dem
323 1390 600 1454 sepultura
636 1392 888 1443 invident.
973 1387 1101 1443 Cum
1137 1391 1353 1452 occulis,
1396 1406 1512 1443 cum
1553 1392 1790 1443 lacrimis

175 1464 404 1515 dolorem
431 1480 602 1515 meum
639 1464 946 1531 implevero,
987 1480 1067 1517 me
1103 1480 1305 1534 quoque
1344 1467 1605 1517 trucidari
1641 1465 1758 1516 iube
1768 1481 1787 1530 ‚-

174 1540 294 1589 dum
323 1542 624 1607 interfectos
651 1542 858 1592 nullum
886 1541 949 1592 ob
975 1543 1170 1603 scelus,
1200 1542 1291 1593 sed
1318 1543 1445 1606 quia
1474 1541 1695 1592 utilitati
1715 1541 1789 1591 le·-

174 1615 384 1678 9iomcm
404 1615 817 1678 muniebamus,
843 1617 900 1667 hi
917 1617 1186 1682 sepeliant.
1437 1667 1464 1682 „

281 1689 372 1742 23.
417 1686 737 1743 Incendebat
755 1688 888 1742 haec
905 1686 1031 1744 fletu
1047 1729 1060 1755 ,
1082 1696 1133 1744 et
1148 1695 1337 1760 pectus
1358 1695 1517 1760 atque
1535 1687 1793 1751 osmani-

173 1759 278 1815 bus
307 1761 626 1816 verberans:
671 1780 798 1818 mox
826 1762 1088 1829 disiectis,
1129 1780 1362 1836 quorum
1402 1779 1497 1834 per
1535 1762 1789 1818 humeros

175 1837 544 1892 sustinebatur
557 1879 571 1902 ‚
604 1854 858 1909 praeceps
889 1845 942 1892 et
957 1838 1296 1912 singulorum
1316 1837 1547 1916 pedibus
1566 1836 1789 1904 advolu-

177 1919 286 1978 tus,
329 1919 544 1966 tantum
574 1913 1012 1968 consternationis
1050 1913 1393 1986 invidiaeque
1430 1914 1686 1979 concivit,
1728 1921 1789 1967 ut

177 2003 295 2058 pars
327 1986 575 2042 militum
603 1987 952 2060 gladiatores,
984 1989 1084 2060 qui
1115 2005 1147 2042 e
1172 1989 1390 2044 servitio
1415 1987 1588 2044 Blaesi
1618 1996 1785 2051 erant,
1888 2015 1893 2020 ·

178 2078 296 2132 pars
317 2069 556 2118 ceteram
577 2061 824 2117 eiusdem
845 2061 1105 2118 famiiiam
1130 2064 1408 2128 vincirent,
1424 2062 1515 2118 aiii
1536 2061 1605 2118 ad
1622 2078 1791 2134 quae-

179 2135 404 2192 rendum
430 2153 634 2207 oorpus
662 2136 1079 2194 effunderentur.
1155 2135 1235 2194 Ao
1252 2139 1309 2192 ni
1329 2153 1553 2210 propere
1568 2177 1581 2202 ‚
1614 2151 1791 2209 neque

176 2229 370 2284 eorpus
387 2210 576 2267 ullum
595 2212 818 2284 reperiri
834 2253 848 2278 ,
871 2220 924 2267 et
939 2223 1143 2279 servoS,
1166 2213 1421 2268 adhibitis
1440 2211 1787 2276 cruciatibuS,

177 2287 410 2342 abnuere
450 2285 697 2353 caedem,
740 2303 920 2360 neque
951 2287 1037 2342 illi
1076 2287 1245 2343 fuisse
1269 2305 1513 2359 unquam
1553 2285 1787 2350 fratrem,

179 2362 542 2432 pernotuisset
557 2402 571 2427 ‚
615 2361 760 2416 haud
786 2361 1019 2417 multum
1050 2363 1119 2418 ab
1156 2363 1316 2418 exitio
1354 2361 1513 2434 legati
1551 2361 1786 2415 aberant.

179 2437 450 2492 Tribunos
481 2446 661 2491 tamen
693 2445 756 2490 ao
792 2436 1117 2508 praefectum
1158 2442 1453 2492 castrorum
1494 2443 1785 2489 extrusere:

179 2513 418 2568 sarcinae
437 2510 1055 2584 fugientiumflireptae:
1098 2520 1151 2566 et
1169 2511 1409 2566 centurio
1428 2509 1689 2564 Lucillius
1712 2509 1796 2561 in-

71 2589 99 2616 ⁸
181 2585 440 2642 tei-ficitur
454 2628 470 2652 ‚
503 2587 596 2644 oui
625 2586 950 2642 militaribus
981 2586 1183 2641 facetiis
1211 2583 1534 2642 vocabulum
1562 2583 1695 2638 Cedo
1713 2585 1800 2634 al-

184 2671 344 2717 teram
369 2661 716 2730 indiderant3
745 2663 876 2733 quia
891 2702 905 2727 ‚
921 2660 1093 2724 ⁴fractu
1114 2662 1221 2714 vite
1240 2661 1299 2712 in
1319 2667 1464 2730 tergo
1483 2657 1672 2711 militis
1687 2697 1700 2720 ‚
1724 2651 1803 2706 al-

185 2747 346 2798 teram
376 2736 530 2791 clara
560 2754 686 2791 voce
714 2754 775 2789 ao
811 2753 1008 2790 rursus
1050 2735 1208 2788 aliam
1250 2734 1512 2802 poscebat.
1594 2730 1809 2782 Ceteros

255 2812 478 2866 Tictrus
519 2811 564 2864 l.
1354 2807 1389 2856 Β
