2081 3038
211 188 456 266 neme.)
605 198 766 249 ΜΒ.
804 198 929 251 XV.
973 203 1273 257 enne-1.
1314 204 1395 253 ss.
1708 200 1799 253 39⁴

211 306 368 375 inpar
396 300 582 369 dolori,
611 305 884 359 tormentis
903 304 1179 361 dilacerari
1199 306 1365 363 iubet.
1443 304 1680 363 Atinam
1702 325 1809 365 non
1910 294 1917 305 ¹

215 379 452 443 verbera,
483 396 590 433 non
615 379 789 452 ignes,
817 396 922 434 non
950 380 1030 434 ira
1056 397 1119 435 eo
1138 380 1315 440 acrius
1334 384 1719 454 torquentium,
1742 401 1810 438 ne

213 473 244 511 e
270 453 468 511 femina
494 461 898 525 spernerentur,
928 456 1219 527 pervicere,
1248 457 1387 529 quin
1410 458 1611 513 obiecta
1648 458 1812 521 dene-,-

211 538 378 605 garet.
457 528 548 584 Sic
564 529 774 601 primus
793 531 1122 601 quaestionis
1141 530 1259 587 dies
1274 539 1629 604 contemptus.
1710 535 1810 589 Po-

211 615 517 668 stero,.cum
539 604 608 659 ad
625 604 836 661 eosdem
861 606 1131 663 cruciatus
1146 606 1499 681 retraheretur
1518 610 1812 680 gestamine

211 679 548 752 sellae,(nam
569 678 842 737 dissolutis
859 680 1121 737 membris
1139 681 1389 737 insistere
1404 682 1681 755 nequibat)
1691 684 1813 739 vin-

213 756 294 817 clo
319 753 532 819 fasciae,
563 771 726 825 quem
755 757 951 826 pectori
970 755 1286 823 detraxerat,
1314 757 1374 814 in
1391 757 1611 814 modum
1632 755 1810 830 laquei

213 832 278 889 ad
299 848 484 895 arcum
505 828 666 885 sellae
686 831 940 895 restricto,
962 830 1159 889 indidit
1174 833 1457 898 cervicem,
1485 841 1555 897 et,
1578 835 1813 905 corporis

213 906 449 977 pondere¹
473 905 710 969 connisa,
736 914 947 961 tenuem
973 906 1082 961 iarn
1102 907 1356 979 spiritum
1372 908 1663 981 expressit:
1706 907 1815 963 ela-

213 982 353 1037 riore
389 980 637 1051 exemplo
673 979 918 1037 libertina
955 980 1173 1047 mulier,
1214 983 1273 1039 in
1310 990 1453 1040 tante
1478 983 1807 1048 necessitate,

213 1051 412 1111 alienos
451 1072 512 1113 ae
550 1071 714 1127 prope
740 1059 947 1128 ignotos
973 1057 1315 1131 protegendo,
1354 1075 1480 1115 cum
1509 1059 1731 1131 ingenui
1762 1067 1815 1113 et

216 1132 316 1190 viri
344 1140 397 1186 et
425 1130 634 1202 equites
651 1131 877 1187 Romani
897 1139 1291 1205 senatoresque,
1312 1133 1495 1201 intacti
1512 1134 1810 1199 tormentis,

212 1207 492 1265 carissima
512 1222 736 1262 suorum
756 1206 990 1279 quisque
1007 1207 1296 1281 pignorum
1316 1208 1614 1280 proderent.
1694 1210 1811 1265 Non

211 1284 358 1342 enim
385 1280 698 1340 omittebant
723 1282 975 1347 Lucanus
1007 1299 1225 1355 quoque
1254 1292 1306 1339 et
1334 1284 1551 1341 Senecio
1574 1292 1625 1339 et
1640 1282 1815 1351 Quin-

211 1359 424 1413 ctianus
439 1357 644 1429 passim
664 1356 1095 1423 consciosedere,
1118 1359 1293 1431 magis
1314 1360 1597 1432 magisque
1615 1358 1813 1431 pavido

211 1432 442 1498 Nerone,
477 1448 817 1505 quemquam
851 1430 1219 1503 multiplicatis
1258 1434 1501 1489 excubiis
1523 1442 1693 1491 semet
1728 1450 1815 1489 se-

203 1508 427 1582 psisset.

321 1663 410 1716 58.
451 1655 596 1726 Quin
623 1667 675 1714 et
695 1657 906 1725 urbem,
935 1675 1031 1730 per
1058 1655 1361 1730 manipulos
1380 1659 1649 1730 occupatis
1667 1675 1816 1714 moe-

213 1736 398 1800 nibus,
420 1734 630 1792 insesso
647 1734 808 1790 etiam
835 1735 972 1790 meri
994 1741 1054 1796 et,
1068 1750 1243 1799 amne,
1266 1732 1414 1788 velut
1440 1733 1497 1789 in
1516 1733 1813 1790 custodiam

211 1811 378 1876 dedit.
419 1808 824 1882 volitabantque
843 1827 940 1882 per
960 1808 1091 1875 fora,
1113 1825 1209 1881 per
1224 1808 1429 1875 domos,
1451 1827 1575 1866 rure
1595 1825 1813 1882 quoque

211 1895 266 1945 et
285 1885 530 1958 pmxima
547 1884 986 1956 municipiorum,
998 1884 1203 1956 pedites
1212 1885 1547 1956 equitesque,
1559 1885 1811 1955 permixti

215 1961 498 2023 Germanis
513 2001 532 2026 ‚
569 1959 773 2033 quibus
809 1959 1004 2017 fidebat
1039 1960 1289 2031 princeps
1302 2001 1317 2024 ,
1356 1959 1514 2032 quasi
1552 1959 1807 2014 externis.

215 2036 480 2093 Continua
505 2034 636 2090 hinc
659 2043 710 2093 et
733 2034 914 2092 iuncta
943 2035 1159 2107 agmina
1174 2034 1313 2090 trahi
1332 2051 1395 2090 ac
1412 2031 1616 2090 foribus
1636 2032 1812 2088 horto-

211 2129 336 2166 rum
357 2110 616 2166 adiacere.
656 2109 855 2182 Atque,
879 2109 974 2166 ubi
991 2109 1271 2166 dicendam
1290 2108 1360 2164 ad
1376 2125 1623 2164 caussam
1642 2108 1812 2164 intro-

211 2188 400 2252 issent,
433 2189 682 2242 metatum
705 2201 832 2254 crya
859 2189 1175 2248 coniuratos,
1206 2188 1295 2238 eod
1310 2187 1559 2254 fortuitus
1576 2200 1744 2238 sermo
1764 2192 1813 2236 et

208 2265 370 2318 subiti
395 2277 657 2324 occursus,
687 2265 736 2315 si
765 2263 1069 2322 convivium,
1100 2264 1149 2313 si
1171 2261 1520 2328 spectaculum
1544 2261 1703 2316 simul
1727 2262 1814 2310 in-

213 2336 390 2402 issent,
420 2352 520 2408 pro
545 2334 772 2391 crimine
797 2334 992 2405 accipi:
1034 2351 1181 2398 eum,
1204 2349 1366 2405 super
1394 2332 1623 2388 Neronis
1640 2349 1705 2386 ac
1720 2331 1813 2385 Ti-

208 2409 400 2483 gellini
432 2427 622 2466 saevas
647 2409 1131 2482 percunctationes,
1164 2408 1365 2464 Fenius
1393 2424 1609 2480 quoque
1637 2405 1811 2462 Rufus

214 2485 470 2552 violenter
489 2492 719 2574 urgeret,
731 2483 969 2542 nondum
987 2483 1057 2538 ab
1072 2483 1343 2538 indicibus
1354 2485 1679 2547 nominatuS,
1692 2480 1807 2546 sed,

165 2585 168 2594 ·
211 2577 324 2631 quo
367 2561 526 2616 fidem
575 2560 816 2618 inscitiae
859 2565 1066 2630 pararet
1080 2600 1093 2624 ,
1134 2567 1283 2614 atrox
1320 2557 1578 2615 adversus
1616 2557 1806 2615 socios.

211 2635 360 2692 Idem
396 2635 594 2702 Subrio
633 2633 816 2692 Fiavio
851 2633 1126 2688 adsistenti
1160 2632 1545 2702 adnuentique,
1577 2649 1643 2686 an
1673 2633 1810 2687 inter

209 2711 387 2784 ipsam
425 2710 780 2783 cognitionem
810 2709 1159 2782 destringeret
1186 2705 1447 2780 gladium,
1490 2707 1810 2780 caedemque
