2081 3038
223 249 276 285 A.
303 227 478 305 αθ.)
646 236 808 301 Lra.
849 239 945 286 x1.
987 242 1091 286 CA
1110 239 1163 287 Ρ.
1207 241 1287 287 10.
1330 242 1415 287 11.
1742 238 1843 292 233

221 358 312 396 res
331 381 344 404 ,
375 338 730 414 longinquam
761 339 1008 417 militiam
1040 342 1479 413 aspernabantur.
1560 343 1729 418 Igitur
1749 362 1845 401 ex-

219 415 448 470 structis
469 414 817 471 monimentis
833 457 846 482 ‚
879 415 1085 488 quibus
1106 433 1235 488 opes
1255 435 1383 472 suas
1402 417 1693 474 testabatur
1707 463 1719 486 ‚
1745 437 1845 476 nec

219 491 487 564 cuiquam
523 486 646 545 ante
683 489 1062 547 Arsacidarum
1103 491 1300 548 tributa
1339 492 1447 547 illis
1485 491 1553 549 de
1587 495 1843 569 gentibus

221 573 404 637 parta,
445 565 771 640 regreditur,
813 566 1005 642 ingens
1031 565 1227 642 gloria,
1270 573 1430 641 atque
1459 585 1519 626 eo
1545 568 1763 628 ferocior
1792 580 1843 626 et

219 641 487 698 subiectis
509 640 859 698 intoleratior:
901 643 1020 714 qui,
1044 639 1164 698 dolo
1183 651 1305 698 ante
1322 645 1631 718 composito,
1655 646 1843 702 incau-

223 725 364 783 tum,
387 716 766 790 venationique
785 717 1073 784 intentum,
1096 717 1423 784 interfecere,
1446 719 1681 791 primam
1703 723 1841 778 intra

221 792 504 847 iuventam
519 833 534 858 ,
566 791 663 846 sed
686 791 1005 848 claritudine
1031 809 1232 866 paucos
1256 793 1395 850 inter
1412 810 1605 850 senum
1626 813 1837 871 regum,

219 867 269 921 si
291 865 518 938 perinde
537 883 771 923 amorem
791 867 931 923 inter
948 868 1234 941 populares
1247 911 1261 936 ,
1288 885 1453 944 quam
1474 878 1679 926 metum
1698 872 1842 944 apud

219 941 403 996 hostes
428 941 806 1014 quaesivisset.
884 943 1026 1000 Nece
1056 943 1316 1001 Vardanis
1355 945 1595 1001 turbatae
1623 946 1842 1004 Partho-

221 1035 346 1072 rum
377 1033 466 1072 res
491 1017 630 1073 inter
657 1017 942 1092 ambiguos
958 1060 972 1084 ‚
1005 1020 1133 1094 quis
1160 1021 1216 1075 in
1242 1037 1470 1096 regnum
1493 1021 1835 1094 acciperetur.

219 1089 472 1147 Multi‘ad
491 1091 751 1149 Gotarzen
769 1093 1123 1164 inclinabant3
1146 1094 1369 1168 quidam
1390 1095 1457 1151 ad
1476 1095 1834 1163 Meherdaten,

259 1165 430 1223 rolem
449 1167 752 1235 PhrahatiS,
774 1167 984 1225 obsidio
1004 1169 1159 1225 nobis
1179 1169 1384 1227 datum.
1462 1171 1595 1226 Dein
1613 1189 1838 1244 praeva-

245 1243 324 1298 uit
353 1241 627 1299 Gotarzes,
707 1243 1022 1318 Potitusque
1052 1246 1255 1322 regiam
1270 1286 1289 1311 ,
1327 1263 1423 1317 per
1460 1247 1735 1302 saevitiam
1777 1263 1838 1302 ac

218 1317 419 1374 luxum
439 1318 618 1393 adegit
637 1317 878 1386 Parthos,
901 1320 1110 1376 mittere
1127 1319 1196 1376 ad
1212 1320 1513 1394 principem
1530 1322 1836 1378 Romanum

215 1393 458 1450 occultas
474 1410 660 1467 preces
673 1436 687 1462 ,
721 1395 849 1467 quis
863 1437 877 1462 ‚
905 1400 1144 1466 pemitti
1156 1396 1490 1453 Meherdaten
1503 1403 1739 1466 patrium
1766 1403 1838 1454 ud

217 1474 508 1540 fastigium,
529 1469 767 1527 orabant.

333 1548 418 1601 Η.
463 1544 663 1601 Iisdem
690 1545 1006 1602 consulibus
1037 1546 1153 1603 ludi
1179 1544 1477 1602 saeculares
1514 1547 1839 1621 octingente-

217 1619 360 1677 simo
395 1628 522 1693 post
555 1620 782 1677 Romam
817 1621 1112 1688 conditam,
1162 1629 1353 1695 quarto
1392 1629 1446 1677 et
1478 1622 1833 1696 sexagesimo,

217 1713 386 1768 quam
426 1694 711 1771 Augustus
747 1696 1010 1764 ediderat,
1051 1698 1272 1770 spectati
1316 1704 1462 1755 sunt.
1543 1698 1839 1772 Utriusque

213 1772 484 1845 principis
517 1774 748 1829 rationes
785 1772 1173 1846 praetermitto,
1216 1774 1347 1828 satis
1385 1781 1621 1829 narratas
1658 1772 1833 1840 libris,

214 1846 423 1921 quibus
455 1864 543 1903 res
567 1848 904 1977 imperatoris
930 1848 1217 1905 Domitiani
1246 1850 1540 1920 composui.
1620 1848 1758 1905 Nam
1784 1850 1835 1904 is

213 1940 439 1995 quoque
459 1922 628 1977 edidit
668 1922 802 1978 udos
819 1920 1146 1993 saeculares3
1183 1924 1365 1996 *iisque
1386 1925 1643 1979 intentius
1663 1924 1831 1991 adfui,

214 1997 510 2055 sacerdotio
537 1996 1006 2070 quindecimvirali
1036 1998 1309 2071 praeditus
1323 2039 1337 2067 ,
1371 2014 1432 2053 ac
1455 2006 1584 2054 tunc
1602 2006 1831 2071 praetor.
1862 2054 1867 2061 ,

215 2072 372 2140 Quod
402 2089 514 2129 non
540 2072 787 2129 iactantia
813 2072 983 2130 refero
997 2116 1009 2140 ,
1043 2073 1138 2129 sed
1170 2075 1297 2151 quia
1327 2072 1565 2148 conlegio
1602 2072 1835 2146 quinde-

213 2149 511 2205 cimvirum
539 2147 839 2223 antiquitus
867 2164 928 2203 ea
956 2164 1115 2223 cura,
1156 2156 1209 2203 et
1244 2150 1587 2223 magistratus
1615 2148 1834 2221 potissi-

215 2241 370 2282 mum
401 2223 836 2297 exsequebantur
863 2220 1037 2280 officia
1065 2222 1529 2280 caerimoniarum.
1608 2222 1833 2280 Sedente

217 2298 474 2365 Claudio,
517 2298 850 2355 circensibus
881 2298 1024 2355 ludis
1039 2340 1054 2365 ‚
1097 2316 1223 2355 cum
1252 2300 1406 2371 pueri
1436 2299 1641 2355 nobiles
1674 2299 1831 2373 equis

217 2372 490 2430 ludicrum
511 2373 698 2431 Troiae
717 2374 943 2442 inirent,
965 2375 1213 2448 interque
1232 2390 1321 2431 eos
1340 2374 1697 2440 Britannicus,
1725 2376 1832 2429 im-

217 2458 458 2520 peratore
471 2450 711 2525 genitus,
733 2450 866 2505 et‘L.
890 2448 1154 2506 Domitius
1169 2492 1182 2515 ‚
1204 2450 1483 2521 adoptione
1501 2464 1629 2505 mox
1646 2450 1704 2511 in
1723 2449 1833 2503 im-

215 2526 431 2595 perium
453 2532 506 2579 et
523 2532 936 2599 cognomentum
956 2525 1183 2580 Neronis
1203 2524 1439 2579 adscitus
1453 2566 1467 2589 ‚
1490 2522 1637 2579 favor
1654 2522 1830 2595 plebis

219 2600 385 2655 acrior
413 2600 475 2657 in
493 2598 787 2655 Domitium
817 2599 931 2656 loco
956 2600 1223 2672 praesagii
1254 2606 1501 2669 acceptus
1520 2605 1617 2653 est.
1696 2596 1834 2654 Vul-

215 2672 572 2747 gabaturquo,
591 2673 826 2743 adfuisse
845 2674 1107 2731 infantiae·
1120 2676 1239 2739 eius
1258 2674 1512 2727 dracones
1531 2672 1589 2726 in
1609 2672 1831 2728 modum

217 2748 534 2819 custodum;
579 2748 818 2807 fabulosa
846 2758 898 2807 et
925 2750 1161 2806 externis
1188 2745 1463 2801 miraculis
1483 2746 1829 2803 adsimulata:
