2081 3038
274 216 343 268 58
836 219 1318 266 ΛΝΝΑωυΜ
1603 215 1880 285 (suase.

276 323 460 379 minus
478 336 718 392 pugnam
738 327 1101 385 consererent,
1147 337 1214 374 ne
1233 318 1454 376 flumine
1473 319 1694 392 quidem
1719 321 1880 376 inter-

275 399 409 453 iecto
436 395 845 460 cohibebantur,
888 396 946 449 ni
972 394 1258 450 Stertinius
1297 395 1586 450 adcurrens
1601 437 1615 460 ,
1656 395 1884 468 plenum

276 474 414 537 irae,
456 485 713 542 armaque
741 478 791 524 et
816 487 1020 542 equum
1049 479 1353 541 poscentem
1378 470 1602 525 Flavum
1633 473 1885 526 attinuis-

277 553 373 602 set.
432 545 755 600 Cernebatur
776 553 953 602 contra
974 545 1384 600 minitabundus
1404 544 1705 612 Arminius,
1725 563 1886 618 proe-

277 622 525 693 liumque
550 621 891 676 denuntians.
970 621 1110 674 Nam
1139 619 1395 692 pleraque
1422 621 1610 676 Latino
1637 638 1888 677 sermone

277 696 663 762 interiaciebat,
696 697 871 768 utqui
892 694 1148 751 Romanis
1167 695 1224 750 in
1245 696 1432 751 castris
1452 696 1638 752 ductor
1655 695 1888 769 popula-

278 774 423 828 rium
443 772 746 828 meruisset.

390 851 473 902 Η.
515 848 727 902 Postero
754 846 840 902 die
860 846 1251 902 Germanorum
1278 846 1418 901 acies
1437 851 1584 902 trans
1603 845 1886 920 Visurgim

277 923 437 978 stetit.
518 921 738 986 Caesar,
772 921 880 976 nisi
907 921 1163 992 pontibus
1182 920 1574 993 praesidiisque
1592 920 1881 994 impositis,

278 998 403 1054 dare
432 999 488 1051 in
517 996 807 1052 discrimen
838 995 1072 1068 legiones
1100 995 1246 1052 haud
1272 997 1672 1067 imperatorium
1713 1005 1883 1062 ratuS,

278 1071 515 1144 equitem
536 1071 671 1128 vado
692 1071 949 1126 tramittit.
1028 1069 1308 1127 Praefuere
1327 1071 1611 1127 Stertinius
1626 1114 1639 1137 ,
1663 1080 1714 1129 et
1732 1089 1763 1126 e
1781 1091 1887 1128 nu-

280 1163 426 1202 mero
447 1145 862 1218 primipilarium
884 1143 1178 1211 AemiliuS,
1219 1145 1546 1203 distantibus
1576 1147 1703 1203 locis
1731 1149 1887 1203 inve-

278 1223 349 1278 cti
366 1263 379 1286 ‚
434 1228 493 1275 ut
530 1221 737 1278 hostem
775 1220 1101 1276 diducerent.
1180 1219 1302 1286 Qua'
1333 1220 1645 1278 celerrimus
1684 1224 1883 1288 amnia,

280 1295 609 1362 Cariovalda,
630 1295 743 1352 dux
761 1297 1099 1362 Batavorum,
1123 1297 1324 1368 erupit:
1349 1314 1476 1352 eum
1496 1297 1774 1363 Cherusci,
1799 1297 1886 1354 fu-

278 1390 403 1446 gam
430 1370 776 1436 simulantes,
815 1371 874 1426 in
916 1370 1193 1442 planitiem
1233 1370 1460 1427 saltibus
1490 1373 1886 1428 circumiectam

279 1442 511 1504 traicere:
556 1447 681 1502 dein
700 1445 860 1504 coorti
882 1452 932 1501 et
951 1445 1193 1517 undique
1221 1446 1376 1502 effusi
1393 1488 1408 1512 ,
1449 1447 1671 1504 trudunt
1699 1448 1886 1504 adver-

280 1542 400 1590 sos,
442 1524 641 1579 instant
658 1521 997 1588 cedentibus,
1040 1518 1391 1597 collectosque
1419 1523 1475 1578 in
1505 1523 1688 1580 orbem
1705 1566 1718 1589 ,
1760 1543 1888 1596 pars

281 1599 579 1673 congressi,
622 1599 845 1670 quidam
884 1599 1098 1653 eminus
1134 1598 1464 1669 proturbant.
1553 1599 1886 1667 Cariovalda,

280 1674 377 1733 diu
397 1680 685 1730 sustentata
707 1673 944 1729 hostium
962 1673 1210 1738 saevitia,
1252 1672 1492 1729 hortatus
1518 1692 1676 1740 suos,
1715 1683 1776 1730 ut
1803 1676 1886 1730 in-

280 1756 533 1823 gruentes
552 1757 787 1803 catervas
804 1746 964 1820 globo
984 1746 1312 1821 frangerent3
1355 1756 1518 1823 atque
1542 1750 1661 1821 ipse
1681 1750 1737 1805 in
1757 1750 1889 1805 den-

282 1823 528 1879 sissimos
548 1823 865 1893 inrumpens
880 1864 893 1887 ,
925 1824 1190 1896 congestis
1211 1820 1329 1879 telis
1346 1866 1360 1889 ,
1403 1831 1454 1879 et
1479 1824 1708 1881 suffosso
1725 1843 1887 1897 equo,

286 1899 509 1962 labitur,
554 1914 615 1952 ac
642 1895 799 1963 multi
829 1896 1092 1953 nobilium
1122 1898 1288 1954 circa:
1331 1906 1530 1955 ceteros
1560 1901 1644 1957 vis
1671 1917 1770 1956 sua
1799 1910 1891 1955 aut

285 1974 493 2047 equites
508 2014 521 2039 ,
543 1990 669 2027 cum
690 1971 937 2028 Stertinio
957 1971 1295 2045 Aemilioque
1315 1974 1696 2031 subvenientes
1709 2017 1724 2041 ,
1746 1976 1893 2047 peri-

286 2047 408 2105 culo
428 2064 688 2103 exemere.

398 2128 478 2179 ⁴2.
522 2122 741 2188 Caesar,
763 2129 1132 2197 transgressus
1150 2121 1428 2197 Visurgim
1443 2166 1456 2189 ,
1489 2124 1690 2181 indicio
1707 2123 1896 2196 perfu-

285 2218 384 2275 gae
402 2198 689 2273 cognoscit,
710 2200 960 2253 delectum
978 2200 1048 2252 ab
1066 2196 1304 2253 Arminio
1323 2202 1491 2255 locum
1506 2216 1742 2269 puynae:
1765 2219 1894 2255 con-

285 2280 483 2331 venisse
500 2282 550 2329 et
569 2277 709 2329 alias
728 2276 961 2328 nationes
988 2277 1046 2328 in
1063 2275 1251 2329 silvam
1269 2274 1488 2329 Herculi
1511 2292 1750 2340 sacram,
1791 2292 1896 2329 au-

286 2368 537 2419 surosque
555 2357 864 2404 nocturnam
884 2357 1178 2405 castrorum
1196 2355 1644 2421 oppuynatiomm.
1705 2349 1895 2405 Habita

289 2426 454 2482 indici
484 2424 641 2492 lides3
662 2460 667 2465 ·
685 2430 736 2478 et
763 2422 1114 2479 cernebantur
1139 2423 1321 2497 ignes:
1364 2426 1758 2499 suggressique
1769 2442 1898 2496 pro—

285 2503 415 2573 ‘pius
434 2497 787 2573 speculatores
804 2540 817 2565 ,
840 2499 1016 2555 audiri
1034 2498 1310 2555 fremitum
1329 2516 1592 2573 equorum
1613 2500 1898 2555 immensi-

289 2592 398 2647 que
425 2584 477 2629 et
502 2574 757 2631 inconditi
795 2574 1027 2649 agminis
1067 2590 1342 2642 murmur,
1385 2573 1623 2631 attulere.
1704 2575 1896 2648 Igitur,

292 2649 595 2721 propinquo
620 2666 865 2705 summae
890 2650 969 2705 rei
995 2648 1337 2714 discrimine,
1379 2648 1729 2721 explorandos
1749 2648 1901 2705 mili-

294 2732 410 2781 tum
432 2723 637 2781 animos
656 2731 822 2795 ratus,
845 2741 1082 2799 quonam
1101 2723 1157 2781 id
1177 2723 1333 2783 modo
1352 2724 1724 2799 incorruptum
1741 2721 1896 2793 foret,

2002 0 2034 180 l
