2081 3038
264 230 505 305 acm.)
681 240 839 285 Lm.
876 239 979 285 1v.
1020 239 1199 287 car.
1241 240 1323 288 si.
1363 240 1444 287 se.
1761 230 1867 289 227

262 342 445 407 visus,
493 341 797 414 ingruentia
842 339 985 395 mala
1039 341 1276 411 exponit.
1363 338 1574 416 Vulgus
1629 342 1866 397 aversari

264 432 465 489 regem,
507 415 747 470 invidere
774 415 1044 489 Aegypto,
1085 414 1190 468 sibi
1229 421 1468 470 metuere
1493 417 1866 489 templumque

264 490 661 545 circumsidere.
742 490 906 547 Maior
936 490 1064 545 hinc
1083 488 1224 544 fama
1241 489 1472 555 tradidit,
1500 492 1658 546 deum
1682 494 1866 564 ipsum

265 566 518 638 adpulsas
540 565 678 621 litori
698 566 851 621 navis
870 573 1058 637 sponte
1076 564 1468 619 conscendisse.
1523 568 1719 621 Mirum
1741 568 1867 623 inde

264 641 430 705 dictu,
472 642 625 696 tertio
652 641 759 706 die,
802 648 1006 696 tantum
1034 640 1202 695 maris
1221 640 1448 705 emensi,
1491 640 1866 695 Alexandriam

264 716 623 788 adpelluntur.
674 714 959 788 Templum
980 732 1078 787 pro
1097 714 1470 789 magnitudine
1491 716 1640 770 urbis
1660 724 1869 770 exstru-

264 800 411 847 ctum
435 792 563 857 loco,
586 792 673 846 cui
696 808 891 847 nomen
911 790 1181 846 Rhacotis.
1248 791 1442 845 Fuerat
1462 790 1571 845 illic
1589 790 1865 856 sacellum,

266 866 505 939 Serapidi
527 874 685 939 atque
704 866 831 921 Isidi
852 868 1152 938 antiquitus
1171 874 1459 921 sacratum.
1521 866 1660 919 Haec
1678 865 1744 919 de
1763 867 1870 920 ori-

264 944 391 1017 gine
430 950 481 997 et
518 942 738 997 advectu
765 942 850 997 dei
887 942 1250 997 celeberrima.
1331 942 1442 996 Nec
1470 958 1593 996 sum
1625 942 1865 1015 ignarus,

265 1034 381 1073 esse
410 1017 691 1091 quosdam,
722 1019 820 1091 qui
840 1016 1101 1083 Seleucia,
1135 1018 1269 1073 urbe
1287 1016 1492 1092 Syriae,
1516 1018 1764 1081 accitum,
1787 1033 1872 1070 re-

262 1104 459 1168 gnante
478 1093 803 1160 Ptolemaeo,
834 1111 1000 1167 quem
1028 1094 1179 1148 tertia
1206 1102 1348 1148 aetas
1375 1092 1525 1147 tulit:
1569 1092 1661 1146 alii
1693 1100 1872 1146 aucto-

262 1187 377 1224 rem
414 1170 645 1225 eundem
684 1169 1062 1236 Ptolemaeum,
1103 1169 1307 1235 sedem,
1347 1186 1417 1224 ex
1445 1185 1554 1240 qua
1579 1167 1867 1231 transierit,

262 1245 559 1317 Memphim
590 1244 889 1315 perhibent,
921 1244 1178 1319 inclytam
1205 1242 1335 1300 olim
1358 1251 1408 1298 et
1427 1244 1620 1298 veteris
1640 1242 1868 1317 Aegypti

264 1320 529 1376 columen.
592 1320 760 1374 Deum
782 1321 966 1391 ipsum
988 1319 1145 1374 multi
1167 1318 1568 1390 Aesculapium,
1592 1318 1738 1389 quod
1755 1336 1873 1372 me-

263 1395 451 1450 deatur
476 1395 651 1467 aegris
676 1396 1017 1465 corporibus3
1060 1394 1280 1465 quidam
1311 1392 1494 1449 Osirin
1510 1436 1523 1458 ,
1557 1393 1872 1467 antiquissi-

269 1487 420 1525 mum
440 1469 551 1524 illis
568 1470 821 1544 gentibus
840 1485 1073 1525 numen:
1114 1467 1358 1541 plerique
1386 1469 1586 1536 Iovem,
1609 1476 1669 1525 ut
1690 1486 1868 1524 rerum

264 1547 509 1601 omnium
532 1552 825 1616 potentem3
868 1544 1091 1616 plurimi
1107 1543 1278 1599 Ditem
1301 1545 1865 1619 patrem,insignibus,

265 1638 405 1694 quae
424 1621 480 1674 in
504 1622 622 1692 ipso
642 1619 940 1686 manifesta,
966 1627 1058 1675 aut
1075 1637 1170 1692 per
1189 1621 1440 1694 ambages
1459 1623 1772 1677 coniectant.

376 1699 460 1751 85.
503 1696 571 1750 At
599 1696 931 1751 Domitianus
960 1696 1371 1769 Mucianusque,
1401 1705 1688 1770 antequam
1718 1695 1868 1768 Alpi-

265 1772 369 1826 bus
388 1772 827 1844 propinquarent,
852 1789 1132 1844 prosperos
1151 1789 1332 1827 rerum
1352 1773 1406 1826 in
1429 1773 1673 1828 Treveris
1693 1781 1870 1846 gesta-

266 1865 387 1902 rum
412 1847 628 1902 nuntios
655 1863 919 1919 accepere.
999 1848 1289 1920 Praecipua
1307 1847 1558 1902 victoriae
1578 1848 1732 1913 fides,
1754 1847 1868 1902 dux

267 1923 503 1978 hostium
524 1921 859 2000 Yalentinus,
902 1940 1244 1996 nequaquam
1270 1922 1470 1978 abiecto
1489 1923 1688 1987 animo,
1730 1939 1869 1994 quos

264 1999 489 2071 spiritus
507 1998 784 2073 gessisset,
806 1997 959 2054 vultu
978 1997 1194 2054 ferebat.
1245 1997 1478 2054 Auditus
1497 1997 1618 2052 ideo
1637 2004 1865 2062 tantum,

264 2082 325 2130 ut
346 2081 651 2130 nosceretur
669 2074 947 2149 ingenium
964 2074 1100 2137 eius,
1113 2073 1524 2145 damnatusque,
1538 2073 1868 2144 interipsum

263 2149 617 2222 supplicium,
646 2148 983 2222 exprobranti
1014 2148 1228 2204 cuidam
1254 2150 1479 2220 patriam
1499 2149 1617 2203 eius
1636 2155 1866 2219 captam,

264 2228 501 2299 achpere
520 2242 579 2280 se
597 2224 848 2280 solatium
867 2224 1055 2280 mortis
1075 2224 1367 2300 respondit.
1440 2223 1543 2280 Sed
1559 2224 1865 2289 Mucianus,

265 2303 412 2376 quod
428 2301 525 2356 diu
544 2300 912 2367 occultaverat,
941 2307 1003 2356 ut
1020 2317 1206 2356 recens
1225 2300 1581 2372 exprompsit:
1622 2304 1871 2371 quoniam

264 2382 579 2449 benignitate
616 2381 767 2432 deum
800 2382 1005 2448 fractae
1040 2379 1264 2432 hostium
1291 2381 1429 2432 vires
1457 2381 1640 2446 forent,
1675 2393 1872 2444 param

264 2459 446 2509 decore
462 2455 833 2517 Domitianum,
858 2458 1088 2523 consecto
1105 2468 1270 2522 prope
1289 2455 1436 2516 bello,
1446 2455 1652 2506 alienae
1667 2454 1872 2521 yloriae

265 2535 694 2584 interventurum?
766 2528 828 2584 sa·
852 2537 1023 2584 status
1051 2533 1261 2598 imperii
1286 2537 1380 2582 aut
1404 2530 1549 2582 salus
1571 2527 1870 2582 Galliarum

264 2610 321 2660 in
340 2609 643 2660 discrimine
667 2613 968 2668 verteretur,
999 2609 1235 2659 debuisse
1259 2602 1530 2658 Caesarem
1550 2608 1607 2658 in
1624 2606 1740 2658 acie
1758 2610 1870 2658 ata-

264 2697 350 2733 re:
397 2679 758 2751 Canninefates
793 2681 1120 2750 Batavosque
1155 2681 1444 2733 minoribus
1477 2681 1694 2734 ducibus
1730 2681 1870 2733 dele-

266 2759 479 2824 qandoa.
557 2756 673 2823 Ipse
715 2755 954 2826 Laqdunt'
987 2759 1095 2811 vim
1136 2759 1501 2882 fortunavssque
1535 2758 1871 2826 principatus
