2081 3038
322 244 421 301 208
807 241 1460 291 HISTORIARUM
1663 233 1918 309 (A.u.82⁴.

320 354 490 405 scindi
520 351 673 403 urbes
698 364 841 411 suas,
880 366 1033 417 seque
1064 364 1181 403 cum
1208 348 1511 415 contuqtbus
1534 364 1599 401 ac
1623 348 1801 401 liberis
1817 364 1924 402 cre-

322 444 478 488 mari,
515 428 876 493 pertulerunt:
923 440 1086 492 neque
1115 425 1265 477 aliud
1284 426 1514 490 pretium
1541 426 1734 485 eoeitus,
1779 440 1923 491 quam

321 505 447 570 fides
464 505 721 569 famaque.
776 501 1017 553 Tolerant
1038 502 1384 553 cummaxime
1403 501 1632 565 inopium
1654 501 1928 551 obsidium-

324 594 422 645 que
450 580 593 643 apud
622 576 801 628 Vetera
828 577 1065 642 leqiones‚
1107 590 1199 627 nec
1229 582 1426 626 terrore
1445 580 1539 626 aut
1554 577 1826 640 promissis
1843 578 1928 627 de·-

321 660 606 705 moventur.
656 651 832 712 Nobis,
855 666 1013 717 super
1028 666 1183 702 arma
1203 657 1253 702 et
1269 652 1411 702 viros
1435 656 1484 701 et
1503 653 1708 717 eqreyia
1734 657 1929 705 castro-

322 744 439 782 rum
461 731 793 789 munimenta,
816 730 1130 794 frumentum
1149 732 1198 777 et
1221 732 1546 784 commeatus,
1562 728 1800 792 quamv-is
1819 726 1932 777 lon-

323 820 387 871 ρο
409 804 538 855 bello
552 818 728 869 pares.
809 801 1032 854 Pecunia
1057 816 1223 867 nuper
1251 804 1406 853 etiam
1433 802 1679 853 donativo
1698 803 1930 869 suffecit:

326 882 463 947 quod
480 882 587 931 sive
606 894 640 929 a
669 876 997 943 VespasianO,
1029 879 1139 929 sive
1163 892 1199 929 a
1227 875 1444 938 Vitellio,
1475 878 1656 927 datum
1676 879 1932 943 interpre-

326 958 435 1007 tari
468 954 729 1013 mavultis,
773 954 839 1004 ab
878 955 1192 1021 imperatore
1219 958 1353 1003 certe
1381 950 1610 1003 Romano
1637 953 1932 1019 accepistis.

328 1030 419 1082 Tot
443 1030 689 1079 bellorum
708 1030 946 1089 victores,
968 1030 1112 1093 apud
1136 1024 1436 1087 Geldubam,
1459 1029 1602 1093 apud
1627 1026 1824 1089 Vetera,
1849 1030 1936 1094 su-

322 1122 381 1157 so
408 1107 591 1155 totiens
620 1104 775 1163 hoste,
815 1106 865 1154 si
879 1105 1085 1167 pavetis
1111 1105 1293 1164 aciem,
1334 1103 1606 1169 indiqnum
1625 1104 1680 1154 id
1699 1105 1936 1169 quidem:

322 1182 412 1231 sed
431 1186 505 1229 est
525 1178 721 1229 vallum
740 1180 979 1243 murique
1008 1185 1056 1229 et
1078 1179 1319 1230 trahendi
1335 1184 1493 1239 artes,
1517 1180 1675 1229 donec
1696 1192 1723 1229 e
1737 1182 1938 1245 proxi-

322 1256 422 1305 mis
436 1254 726 1318 provinciis
754 1252 966 1305 auoeilia
988 1256 1356 1320 ‘exercitusque
1375 1259 1712 1305 concurrant.
1793 1252 1939 1307 Sane

324 1344 415 1397 eqo
434 1328 753 1393 displiceam.
827 1326 960 1382 Sunt
980 1329 1081 1382 alii
1099 1330 1272 1396 leyati,
1297 1330 1510 1391 tribuni,
1533 1331 1768 1380 centurio
1786 1330 1942 1382 deni-

309 1402 439 1473 ‘que,
471 1411 563 1455 aut
588 1404 754 1456 miles.
834 1403 913 1457 Ne
942 1406 1035 1457 hoc
1061 1407 1364 1471 prodiyium
1391 1411 1494 1457 toto
1524 1412 1789 1457 terrarum
1817 1407 1945 1457 orbe

322 1482 579 1550 vulqetur,
603 1481 745 1534 vobis
763 1482 1091 1543 satellitibus,
1113 1478 1323 1534 Civilem
1344 1488 1392 1534 et
1417 1477 1702 1533 Classicum
1721 1479 1944 1534 Italiam

322 1561 615 1612 invasuros.
692 1555 789 1618 An,
830 1560 878 1610 si
904 1559 975 1609 ad
1004 1559 1205 1609 moenia
1236 1558 1383 1610 urbis
1413 1553 1664 1610 Germani
1691 1553 1946 1625 Galli'que

323 1635 590 1693 dilexerint,
622 1648 773 1684 arma
798 1636 1010 1698 patriae
1037 1629 1310 1700 inferetis?
1346 1631 1538 1684 Horret
1565 1637 1774 1684 animus
1801 1637 1946 1686 tanti

322 1709 515 1774 staqitii
550 1709 790 1773 imaqine.
873 1707 1104 1760 Tutorin'
1142 1707 1362 1760 Trevero
1389 1714 1612 1774 aqentur
1641 1707 1946 1762 excubiae?

323 1781 543 1850 Siqnum
592 1783 711 1834 belli
751 1782 984 1835 Batavus
1030 1779 1216 1834 dabit?
1280 1780 1656 1835 Germanorum
1695 1790 1948 1837 catervas

322 1854 666 1924 supplebitis?
710 1856 839 1922 Quis
864 1859 1047 1910 deinde
1075 1858 1288 1910 sceleris
1313 1861 1503 1920 exitus,
1539 1873 1653 1910 cum
1675 1857 1948 1914 Romanae

325 1935 547 2000 legiones
576 1941 758 1986 contra
786 1929 1119 1986 direxerint?
1175 1937 1480 2002 transfuyae
1507 1951 1534 1984 e
1556 1937 1871 2002 iratissimis,
1898 1943 1948 1987 et

320 2011 615 2077 proditores
636 2024 661 2059 e
675 2009 1052 2074 proditoribus,
1067 2011 1206 2062 inter
1223 2024 1401 2062 recens
1419 2015 1622 2062 etvetus
1631 2025 1948 2063 sacramen-

326 2093 433 2136 tum
459 2087 618 2136 invisi
644 2085 754 2134 deis
782 2080 1068 2136 errabitis?
1112 2083 1195 2146 Te,
1236 2083 1438 2149 Iupiter
1470 2088 1656 2151 optime
1683 2089 1945 2149 mamime,

324 2175 472 2227 quem
493 2175 594 2226 per
621 2162 937 2226 octinqentos
960 2161 1151 2226 viqinti
1176 2173 1342 2211 annos
1371 2167 1443 2212 tot
1473 2161 1748 2225 triumphis
1769 2163 1948 2213 colui-

324 2251 453 2296 mus,
498 2241 560 2296 te,
598 2232 833 2296 Quirine,
876 2233 1139 2286 Romanae
1152 2249 1348 2300 parens
1375 2236 1536 2295 urbis,
1571 2249 1766 2300 precor
1784 2253 1948 2289 vene-

322 2325 531 2376 rorque,
564 2316 637 2370 ut,
665 2312 715 2362 si
744 2311 887 2362 vobis
914 2325 1017 2362 non
1043 2312 1144 2377 suit
1169 2312 1331 2371 cordi,
1363 2325 1444 2362 me
1461 2312 1590 2361 duce
1610 2311 1734 2362 haec
1757 2319 1947 2364 castra

324 2387 633 2450 incorrupta
652 2392 698 2436 et
720 2387 1031 2438 intemerata
1049 2387 1269 2447 servari,
1287 2391 1345 2437 at
1366 2393 1501 2437 certe
1513 2385 1684 2451 pollui
1701 2389 1951 2452 foeda-ri-

324 2474 422 2526 que
442 2475 477 2510 a
506 2459 692 2511 Tutore
714 2467 763 2512 et
788 2458 1019 2512 Classico
1046 2475 1111 2512 ne
1127 2462 1330 2512 sinatis.
1409 2459 1668 2514 Militibus
1691 2460 1954 2516 Romanis

323 2540 417 2584 aut
444 2535 792 2588 innocentiam
818 2537 965 2596 (letis,
996 2541 1092 2587 aut
1109 2541 1374 2587 maturam
1391 2541 1440 2587 et
1457 2539 1570 2587 sine
1589 2551 1732 2588 noa-a
1751 2542 1952 2602 poeni-

325 2609 555 2658 tentiam.
988 2621 991 2624 ’

432 2681 515 2731 59.
557 2680 714 2734 Varie
740 2688 956 2752 excepta
982 2682 1166 2746 oratic,
1199 2683 1338 2736 inter
1362 2699 1515 2754 spem
1537 2691 1868 2757 metumque
1890 2703 1954 2740 ac

325 2749 601 2817 pudorem.
681 2755 996 2826 Digressum
1022 2755 1280 2812 Voculam
1299 2799 1312 2824 ,
1345 2765 1396 2812 et
1422 2757 1489 2813 de
1517 2761 1794 2829 supremis
1825 2764 1955 2835 agi·-
