2081 3038
204 211 257 250 A.
284 195 449 267 c.23.)
626 207 783 250 ΜΒ.
822 205 922 250 1v.
966 205 1145 253 cAP.
1188 207 1265 250 15.
1309 208 1389 251 16.
1705 194 1801 252 ⁴53

201 303 359 358 Drusi
384 304 567 360 liberis
588 303 1003 376 exstinguendo:
1036 321 1212 375 neque
1233 306 1414 360 minus
1436 314 1600 361 morte
1622 307 1796 360 amici.

202 398 253 434 .s
276 378 377 434 fuit
396 379 637 435 Lucilius
650 379 1144 450 Longus»,omnium
1163 377 1240 432 illi
1265 381 1494 434 tristium
1521 380 1803 437 laetorum-

201 472 311 526 que
330 455 509 508 socius
523 496 537 519 ‚
568 469 824 523 unusque
842 469 873 506 e
890 452 1223 506 senatoribus
1245 453 1434 509 Rhodii
1453 473 1696 510 secessus
1717 474 1805 512 co-

203 546 335 583 meS.
418 530 512 592 Ita,
536 544 869 599 quamquam
891 544 1027 581 novo
1047 526 1274 592 homini,
1299 530 1596 584 censorium
1617 530 1800 594 funuS,

200 602 433 678 effigiem
460 602 607 674 apud
645 600 816 656 forum
844 599 1106 688 Augusti,
1136 600 1350 672 publica
1377 605 1604 673 pecunia
1630 614 1804 676 patres

200 679 508 734 decrevere:
549 676 694 748 apud
721 694 857 748 quos
886 685 1046 731 etlam
1075 684 1191 731 tum
1221 686 1408 732 cuncta
1431 678 1800 750 tractabantur,

201 752 331 810 adeo
358 759 419 806 ut
447 759 748 824 procurator
776 751 959 816 Asiae,
1003 750 1247 806 Lucilius
1275 751 1487 823 Capito,
1529 762 1806 808 accusante

130 839 143 862 ·'
200 828 477 899 provincia
491 867 505 892 ,
536 843 779 882 caussam
799 827 1021 893 dixerit,
1053 844 1246 900 magna
1267 843 1391 882 cum
1413 826 1808 884 adseveratione

200 902 491 973 principiS,
523 919 626 958 non
643 919 697 957 se
716 907 823 967 ius,
856 906 961 958 nisi
987 906 1046 956 in
1073 907 1290 958 servitia
1317 911 1364 956 et
1377 906 1632 970 pecunias
1645 907 1804 972 fami-

206 981 367 1032 liares
416 980 641 1032 dedisse:
681 981 866 1047 quodsi
884 981 988 1031 vim
1001 983 1267 1045 praetoris
1285 986 1610 1045 usurpasset,
1634 981 1806 1032 mani-

203 1055 395 1121 busque
422 1055 645 1107 militum
670 1070 797 1108 usus
820 1058 979 1122 foret,
1019 1060 1198 1120 spreta
1221 1058 1280 1107 in
1307 1071 1365 1108 eo
1391 1056 1642 1108 mandata
1677 1066 1803 1106 sua:

199 1130 444 1180 audirent
462 1131 645 1181 socios.
722 1127 797 1181 Ita
819 1144 941 1181 reus
958 1167 971 1192 ‚
1004 1127 1213 1200 cognito
1233 1129 1470 1202 negotio‚·
1499 1127 1802 1183 damnatur.

198 1200 282 1258 Ob
305 1218 472 1272 quam
492 1200 749 1258 ultionem
770 1243 783 1266 ,
819 1209 871 1258 et
896 1202 1025 1274 quia
1046 1202 1222 1274 priore
1239 1221 1380 1258 anno
1397 1204 1452 1258 in
1475 1201 1536 1259 C.
1557 1201 1804 1270 Silanum

100 1311 105 1316 -
196 1275 530 1332 vindicatum
549 1282 687 1342 erat,
713 1276 992 1334 decrevere
1008 1276 1168 1332 Asiae
1188 1278 1348 1333 urbes
1370 1277 1630 1350 templum
1648 1278 1807 1333 Tibe-

198 1351 278 1406 rio
298 1350 567 1423 matrique
586 1350 705 1405 eius
726 1369 787 1406 ac
805 1352 1033 1408 senatui.
1112 1353 1180 1406 Et
1197 1354 1526 1424 permissum
1543 1359 1800 1411 statuere:

197 1427 414 1500 egitque
426 1425 574 1482 Nero
600 1433 777 1499 grates
806 1443 867 1480 ea
894 1443 1082 1480 caussa
1102 1425 1345 1496 patribus
1363 1435 1522 1498 atque
1541 1445 1640 1483 avo
1655 1469 1668 1493 ,
1699 1427 1808 1482 lae-

196 1511 277 1559 tas
297 1501 437 1557 inter
457 1499 793 1556 audientium
809 1499 1155 1565 adfectioneS‚
1187 1500 1312 1571 qui,
1336 1501 1530 1557 recenti
1551 1503 1807 1557 memoria

200 1575 539 1641 Germanici,
567 1574 726 1629 illum
748 1574 949 1645 adspici
967 1616 981 1639 ,
1012 1573 1168 1629 illum
1196 1576 1368 1631 audiri
1391 1576 1667 1631 rebantur:
1714 1577 1809 1631 ad-

199 1659 457 1723 erantque
475 1649 661 1705 iuveni
684 1648 935 1705 modestia
952 1666 1013 1703 ac
1033 1648 1219 1714 forma,
1231 1651 1473 1722 principe
1495 1651 1608 1707 viro
1622 1650 1804 1724 digna,

203 1726 343 1781 notis
363 1724 422 1779 in
440 1740 569 1782 eum
592 1722 770 1781 Seiani
790 1724 947 1789 odiis,
971 1724 1040 1780 ob
1060 1725 1358 1796 periculum
1379 1727 1626 1799 gratiora.

319 1801 402 1853 ⁴6.
445 1798 560 1854 Sub
588 1799 731 1855 idem
768 1808 981 1871 tempus
1016 1800 1096 1875 de·
1121 1798 1334 1855 flamine
1361 1801 1496 1857 Diali
1535 1802 1592 1858 in
1629 1800 1806 1857 locum

202 1874 377 1929 Servii
404 1872 789 1948 Maluginensis
823 1872 1060 1931 defuncti
1099 1874 1346 1949 legendo,
1379 1875 1544 1932 simul
1574 1876 1804 1951 roganda

205 1966 343 2024 nova
362 1946 478 2022 lege
497 1946 750 2005 disseruit
769 1949 977 2005 Caesar.
1060 1950 1198 2006 Nam
1207 1957 1482 2019 patricios,
1507 1958 1810 2022 confarrea-

206 2029 274 2078 tis
286 2026 593 2091 parentibus
610 2028 822 2093 qenizos,
846 2033 949 2081 tres
968 2029 1125 2081 simui
1148 2030 1428 2090 nonunari,
1451 2044 1520 2081 σω
1539 2032 1656 2096 quis
1674 2042 1810 2081 unus

206 2102 486 2168 leqeretur,
507 2106 707 2152 vetusto
724 2116 891 2167 more,·
930 2117 1092 2169 neque
1111 2104 1288 2157 adesse
1301 2143 1316 2168 ,
1337 2110 1396 2157 ut
1417 2104 1564 2165 olim,
1585 2118 1700 2155 eam
1722 2118 1810 2157 co-

198 2178 362 2243 piam,
388 2176 577 2227 omissa
592 2178 961 2243 confarreandi
978 2178 1331 2239 adsuetudine,
1351 2185 1444 2233 aut
1465 2180 1600 2231 inter
1611 2193 1810 2244 paucos

202 2256 421 2303 retenta.
501 2248 779 2318 Pluresque
798 2253 909 2303 eius
926 2253 1006 2305 rei
1030 2267 1244 2307 caussas
1269 2254 1564 2321 adferebat.-
1599 2254 1812 2319 potissi-

204 2341 345 2377 mam
367 2340 522 2392 penes
548 2326 811 2379 incuriam
837 2328 1071 2379 virorum
1095 2329 1533 2395 feminarumque:
1568 2329 1812 2381 accedere

205 2403 373 2467 ipsius
400 2402 745 2454 caerimoniae
768 2401 1128 2468 difficultates,
1159 2418 1294 2469 quae
1323 2404 1553 2455 consulto
1579 2406 1813 2455 vitaren-

209 2484 323 2528 tur:
364 2481 413 2527 et
440 2477 649 2542 quando
676 2479 847 2528 exiret
870 2492 898 2527 e
925 2478 1039 2528 iure
1061 2479 1262 2543 patrio,
1304 2480 1397 2545 qui
1435 2480 1490 2529 id
1525 2479 1813 2543 flaminium

208 2551 547 2617 apisceretur,
569 2566 801 2619 quaeque
824 2553 880 2603 in
900 2566 1109 2604 manum
1127 2554 1356 2619 flaminis
1378 2554 1690 2605 conveniret.
1728 2550 1813 2604 Ita

210 2626 508 2678 medendum
542 2632 753 2680 senatus
789 2628 1018 2687 decreto,
1063 2632 1158 2679 aut
1196 2628 1329 2694 1690.-
1375 2629 1512 2679 sicut
1553 2626 1814 2695 Augustus

212 2700 465 2772 quaedam
486 2716 552 2761 ex
570 2701 787 2759 horrida
807 2702 903 2756 illa
918 2702 1232 2777 antiquitate
1247 2702 1320 2755 ad
1329 2709 1652 2773 prae-semem
1665 2717 1816 2759 usum
