2081 3038
253 205 356 263 22⁸
739 207 1385 260 rim-romanum
1584 199 1847 275 (nmen.

255 317 555 383 eoecoplsset.
631 313 804 370 Simul
834 318 1004 370 visum
1039 317 1270 368 eumdem
1304 317 1537 370 {numm
1573 318 1632 370 in
1666 316 1855 368 coelum

255 395 374 460 {qm
393 391 627 458 plurimo
653 391 854 444 adtolli:
931 388 1283 454 Ptolemaeus,
1317 389 1499 446 omine
1522 395 1575 446 et
1600 388 1855 446 miraculo

255 464 482 530 excitus,
515 463 878 520 sacerdotibus
905 463 1313 537 Aegyptiorum,
1350 463 1554 536 quihus
1588 480 1706 520 mos
1735 465 1853 519 talia

254 539 569 614 intelligere,
609 548 896 596 nocturnos
925 539 1079 594 visus
1106 538 1303 610 aperit:
1344 546 1525 611 etque,
1567 537 1677 596 illis
1706 538 1855 594 Ponti

253 623 306 672 et
342 622 682 672 externorum
721 631 915 687 parum
951 615 1155 690 gnaris,
1198 613 1538 670 Timotheum
1568 613 1859 673 Athenien-

253 706 390 758 sem,
420 707 451 746 e
473 697 632 766 gente
660 687 1126 762 Eumolpidarum,
1156 705 1319 762 quem
1348 696 1409 746 ut
1432 689 1721 748 antistitem
1738 706 1857 746 cae-

253 767 605 823 rimoniarum
625 764 882 820 Eleusine
899 765 1185 830 exciverat,
1198 780 1464 836 quaenam
1484 763 1575 822 illa
1596 766 1857 838 supersti-

252 844 344 908 tio,
379 841 528 915 quod
553 839 792 896 numen?
828 841 1133 914 interrogat.
1212 839 1543 906 Timotheus,
1572 840 1853 912 quaesitis,

251 919 351 990 qui
377 918 436 972 in
463 917 691 973 Pontum
721 923 1005 982 meassent,
1048 915 1335 989 cognoscit,
1360 915 1551 972 urbem
1570 914 1684 972 illic
1701 913 1857 970 Sino-

251 1011 378 1065 pen,
421 1009 522 1048 neo
547 989 734 1064 procul
761 990 1045 1062 templum,
1092 997 1263 1054 vetere
1288 991 1426 1048 inter
1454 989 1662 1048 adcolas
1691 988 1853 1056 fama,

252 1070 393 1124 Iovis
411 1068 566 1122 Ditis.
646 1066 892 1137 Namque
911 1072 962 1121 et
980 1065 1300 1122 muliebrem
1324 1064 1559 1139 effigiem
1578 1065 1853 1131 adsistere,

251 1161 416 1215 quam
437 1141 682 1214 plerique
700 1141 1073 1212 Proserpinam
1094 1148 1298 1198 vocent.
1378 1139 1482 1198 Sed
1501 1139 1853 1207 Ptolemaeus.

253 1226 311 1272 ut
327 1224 456 1272 sunt
477 1217 531 1270 in
570 1217 690 1270 enia
711 1232 921 1288 regum,
951 1233 1154 1287 pronus
1182 1215 1250 1272 ad
1267 1215 1630 1282 formidinem,
1652 1216 1749 1276 ubi
1770 1233 1859 1276 se·-

249 1294 446 1348 curitas
475 1309 502 1346 r
573 1290 650 1357 ’'t,
683 1289 1016 1363 voluptatum
1049 1309 1215 1364 quem
1235 1289 1555 1367 religionum
1574 1291 1853 1364 adpetenS,

248 1365 1851 1515 3323231133232302¹³ffl135255535tnffitt‘ffi‘

868 1483 882 1508 9
1702 1485 1716 1510 ι
1828 1474 1858 1486 ““

247 1522 384 1575 tium
413 1519 521 1592 ipsi
545 1536 820 1594 regnoque
845 1518 1199 1584 denuntiaret,
1232 1521 1289 1575 ni
1319 1519 1465 1575 iussa
1495 1527 1851 1592 patrarentur.

248 1597 389 1651 Tum
419 1595 617 1669 legatos
645 1603 697 1650 et
715 1594 853 1651 dona
873 1594 1303 1669 Scydrothemidi
1328 1597 1443 1669 regi
1462 1594 1531 1668 (ie
1551 1602 1679 1653 tunc
1698 1594 1857 1655 Sino·-

245 1670 508 1742 pensibus
526 1668 882 1742 imperitabat)
901 1670 1143 1741 expediri
1162 1668 1336 1725 iubet.
1376 1672 1741 1743 praecipitque
1759 1677 1858 1728 na-

246 1746 528 1819 vigaturiS,
568 1754 631 1800 ut
658 1744 914 1819 Pythium
943 1743 1247 1816 Apollinem
1269 1744 1473 1802 adeant.
1554 1746 1667 1803 Illis
1707 1764 1857 1803 mare

247 1822 574 1877 secundum:
615 1831 733 1877 sors
751 1818 954 1876 oraculi
971 1820 1120 1875 haud
1137 1820 1418 1895 ambigua:
1461 1826 1615 1886 irent,
1631 1826 1857 1879 simula-

245 1914 494 1967 eramque
507 1902 683 1965 patris
700 1900 787 1953 sui
803 1899 1117 1959 revehermt,
1144 1902 1345 1956 sororis
1362 1899 1731 1967 relinquerent.

357 1974 440 2028 84.
483 1972 552 2027 Ut
578 1970 812 2043 Sinopen
839 1987 1054 2036 venere,
1082 1987 1328 2038 munera,
1368 1988 1573 2044 preces,
1604 1972 1854 2033 mandata

140 2026 148 2031 “
245 2049 386 2122 regis
407 2048 495 2102 sui
525 2046 951 2121 Scydrothemidi
981 2044 1245 2121 adlegant.
1324 2045 1431 2113 Qui
1451 2064 1643 2105 versus
1660 2049 1851 2113 animi,

245 2122 402 2179 modo
423 2139 625 2178 numen
645 2139 946 2194 pavescere,
960 2122 1119 2179 modo
1136 2122 1301 2178 minis
1316 2122 1649 2183 adversantis
1662 2124 1854 2195 populi

243 2202 456 2254 terreri:
499 2214 658 2269 saepe
687 2198 844 2255 donis
873 2198 1269 2271 promissisque
1296 2196 1590 2273 legatorum
1608 2196 1857 2255 flecteba-

245 2280 350 2329 tur.
430 2272 607 2346 Atque
632 2273 846 2329 interim
873 2274 1103 2329 triennio
1132 2280 1331 2341 exacte,
1373 2273 1706 2333 Ptolemaeus
1745 2293 1855 2333 non

244 2347 506 2415 studium,
531 2366 636 2403 non
656 2366 839 2420 preces
857 2350 1117 2405 omittere.
1192 2350 1513 2423 Dignitatem
1534 2348 1851 2423 legatorum,

246 2442 533 2479 numerum
555 2425 796 2490 navium,
825 2426 942 2479 auri
961 2423 1173 2495 pondus
1194 2426 1439 2499 augebat.
1506 2425 1645 2481 Tum
1667 2426 1857 2483 minax

247 2498 406 2553 facies
445 2499 868 2573 Scydrothemidi
906 2499 1141 2564 offertur,
1184 2518 1251 2555 ne
1287 2500 1547 2555 destinata
1585 2500 1684 2556 deo
1714 2501 1855 2557 ultra

250 2583 558 2630 moraretur.
638 2574 985 2630 Cunctantem
1016 2574 1164 2628 varia
1190 2576 1454 2646 pernicies
1489 2575 1775 2647 morbique
1803 2583 1857 2631 et

248 2647 526 2703 manifesta
565 2649 872 2705 coelestium
903 2650 979 2703 ira
1007 2649 1330 2722 graviorque
1355 2650 1415 2704 in
1441 2649 1557 2705 dies
1577 2648 1850 2723 fatigabat.

250 2720 507 2775 Advocato
533 2724 802 2789 concione,
833 2724 980 2778 iussa
1009 2724 1274 2791 numinis,
1300 2741 1428 2779 suos
1458 2724 1857 2797 Ptolemaeique
