2081 3038
1849 175 1893 186 0--

1837 190 1847 200 ι

328 273 423 327 448
890 275 1360 322 ANNALIUM
1651 267 1721 341 (A.
1745 283 1797 324 u.
1824 277 1920 324 7η

326 377 667 441 tenebantur,
694 392 917 448 prorsus
944 377 1062 432 sine
1089 377 1248 434 modo
1261 419 1276 444 ‚
1305 395 1428 432 cum
1457 375 1706 449 plerique
1733 375 1930 432 iisdem

326 452 552 527 negotiis
587 453 996 509 insenescerent.
1076 451 1264 508 Plebes
1302 452 1412 508 acri
1447 451 1668 524 quidem
1715 469 1930 507 annona

326 527 668 602 fatigabatur:
692 525 789 582 sed
808 525 957 582 nulla
975 527 1033 582 in
1053 545 1118 584 eo
1134 526 1291 600 culpa
1309 544 1378 582 ex
1394 527 1663 598 principe:
1685 527 1822 598 quin
1841 525 1930 582 in-

326 602 631 660 fecunditati
670 609 931 658 terrarum
944 643 957 666 ‚
1008 609 1102 657 aut
1146 603 1350 674 asperis
1389 602 1554 658 maris
1587 601 1803 656 obviam
1841 601 1925 668 iit,

322 686 587 751 quantum
614 676 887 749 impendio
906 675 1288 751 diligentiaque
1307 684 1525 748 poterat.
1603 676 1690 742 Et,
1715 693 1784 731 ne
1800 693 1931 748 pro-

324 755 531 810 vinciae
558 753 713 810 novis
738 751 993 807 oneribus
1021 752 1361 808 turbarentur
1375 793 1389 818 ,
1419 760 1590 824 utque
1613 759 1788 808 vetera
1805 753 1930 806 sine

322 829 543 886 avaritia
574 835 665 883 aut
692 826 999 882 crudelitate
1025 829 1436 905 magistratuum
1465 826 1772 892 tolerarent,
1800 843 1932 899 pro-

324 905 554 960 videbat.
632 903 927 975 Corporum
965 902 1184 958 verbera
1197 943 1214 968 ‚
1257 901 1622 974 ademptiones
1657 901 1926 958 bonorum

320 981 555 1035 aberant.

433 1055 487 1108 7.
528 1052 653 1106 Rari
676 1067 775 1123 per
801 1051 1006 1106 Italiam
1032 1050 1276 1107 Caesarie
1302 1051 1446 1126 agri:
1488 1050 1724 1108 modesta
1751 1053 1926 1107 servi·-

322 1131 420 1185 tia:
462 1128 601 1182 intra
627 1143 825 1197 paucos
854 1125 1072 1182 libertos
1089 1126 1313 1184 domus:
1357 1143 1418 1182 ac
1431 1167 1446 1192 ‚
1475 1127 1525 1182 ei
1553 1123 1771 1200 quaudo
1795 1143 1928 1182 cum

321 1202 547 1275 privatis
573 1201 889 1272 disceptaret
904 1244 916 1267 ‚
947 1201 1124 1258 forum
1145 1202 1320 1258 etius,
1400 1199 1550 1268 Quae
1567 1207 1786 1268 cuncta,
1815 1219 1926 1258 non

320 1277 543 1352 quidem
560 1277 702 1332 comi
720 1277 807 1332 via
820 1317 834 1342 ,
862 1277 959 1332 sed
978 1277 1229 1334 horridus
1252 1294 1314 1332 ac
1331 1275 1654 1349 plerumque
1667 1275 1931 1333 formide-

321 1364 409 1409 tus
422 1395 436 1420 ‚
468 1351 727 1408 retinebat
751 1359 929 1408 tamen
942 1392 955 1418 ‚
986 1351 1158 1408 donec
1181 1359 1350 1408 morte
1375 1351 1535 1406 Drusi
1561 1359 1894 1408 verterentur
1907 1373 1924 1408 ε

321 1445 466 1495 nam,
482 1427 615 1484 dum
634 1426 918 1499 superfuit,
932 1443 1176 1482 mansere
1189 1445 1202 1496 3
1225 1428 1357 1499 quia
1373 1425 1620 1492 Seianus,
1633 1427 1930 1498 incipiente

318 1505 499 1562 adhuc
514 1504 765 1577 potentia,
786 1502 942 1560 bonis
960 1501 1202 1561 consiliis
1221 1509 1489 1562 notescere
1506 1500 1740 1569 volebat,
1763 1510 1820 1558 et
1836 1502 1928 1559 ul-

322 1590 399 1636 tor
420 1580 753 1636 metuebatur
766 1621 781 1646 ,
814 1597 921 1636 non
938 1578 1182 1636 occuitus
1203 1578 1340 1644 odii,
1373 1586 1426 1633 et
1449 1577 1636 1635 crebro
1662 1594 1922 1651 quereus,

320 1660 567 1711 incolumi
582 1658 711 1725 filio,
732 1659 1025 1709 adiutorem
1043 1657 1252 1723 imperii
1266 1656 1434 1713 alium
1450 1658 1661 1709 vocari:
1683 1662 1732 1708 et
1749 1670 1925 1723 quan-

322 1741 429 1785 tum
454 1746 745 1797 superesse,
778 1738 839 1785 ut
866 1732 1063 1799 colloqa
1091 1726 1342 1785 dicatur?
1389 1729 1593 1783 Primae
1617 1733 1926 1785 dominandi

318 1822 433 1872 spes
456 1808 515 1859 in
540 1808 739 1859 arduo.-
778 1807 873 1860 ubi
882 1809 961 1859 eis
978 1809 1243 1873 inqreseus
1257 1845 1270 1870 ‚
1301 1807 1482 1875 adesse
1499 1808 1676 1859 studia
1693 1814 1744 1859 et
1762 1808 1924 1859 mini-

316 1888 475 1933 stros.
550 1878 841 1933 Ematructa
866 1883 1002 1943 iam,
1022 1888 1202 1947 sponte
1215 1883 1494 1950 praefecti,
1525 1887 1733 1934 castra:
1769 1883 1924 1935 datos

318 1960 375 2008 in
393 1970 603 2009 manum
618 1955 835 2009 nautes.-
876 1958 1021 2009 cerni
1045 1958 1262 2025 esfiyiem
1277 1960 1390 2009 eius
1405 1958 1463 2009 in
1481 1958 1804 2011 maumetis
1827 1954 1921 2011 Cu.

320 2030 573 2098 Pompeii.-
608 2042 899 2084 communes
916 2032 1000 2083 illi
1018 2046 1132 2083 cum
1149 2032 1358 2099 familia
1373 2029 1666 2085 Drusorum
1687 2034 1802 2099 fore
1828 2046 1923 2084 ne·

314 2114 478 2172 potes.
554 2102 877 2160 Precandam
896 2110 1016 2174 post
1045 2107 1172 2159 haec
1199 2108 1526 2168 modestiam,
1563 2112 1624 2158 ut
1657 2113 1924 2164 contentus

318 2188 464 2233 esset.
543 2178 732 2251 Neque
760 2196 875 2235 raro
889 2218 904 2245 ,
936 2196 1114 2251 neque
1141 2178 1285 2251 apud
1303 2194 1502 2250 paucos
1522 2178 1647 2235 talia
1664 2179 1917 2237 iaciebat:

314 2263 369 2307 et
385 2260 582 2309 secreta
600 2271 680 2325 qu
750 2269 819 2309 ue
838 2256 977 2319 eine,
998 2262 1244 2326 corrupta
1262 2270 1447 2319 uxore,
1469 2252 1844 2326 prodebantur.

430 2333 480 2383 8.
522 2329 691 2403 Igitur
785 2329 970 2395 ianus,
1000 2328 1380 2385 maturandum
1406 2338 1584 2396 ratim,
1610 2326 1800 2403 deligit
1827 2346 1924 2386 ve-

318 2420 520 2459 nenum
535 2445 549 2470 ,
570 2418 683 2477 quo
697 2403 977 2477 paullatim
995 2404 1288 2475 inrepente,
1313 2404 1564 2460 fortuitus
1583 2404 1806 2461 morbus
1825 2404 1925 2461 ad-

316 2477 676 2554 simularetur.
749 2479 808 2534 Id
827 2480 999 2535 Druso
1015 2478 1314 2551 datumper
1333 2478 1583 2553 Lygdum
1603 2478 1920 2550 spadonem,

316 2560 379 2605 ut
401 2561 516 2608 octo
542 2562 663 2625 post
688 2572 853 2610 annos
878 2554 1152 2627 cognitum
1191 2562 1289 2609 est.
1369 2554 1616 2609 Ceterum
1647 2554 1920 2622 Tiberine,

314 2642 411 2695 per
428 2644 617 2683 omnes
636 2628 957 2686 valetudinis
977 2630 1096 2684 eius
1115 2628 1259 2694 dies,
1284 2628 1434 2684 nullo
1455 2636 1602 2684 metu
1615 2670 1629 2696 ,
1657 2647 1728 2685 an
1747 2640 1810 2685 ut
1827 2630 1924 2687 fir·

316 2700 637 2758 mitudinem
666 2705 833 2761 animi
858 2712 1167 2769 ostentaret,
1199 2703 1358 2758 etiam
1377 2702 1656 2772 defuncto,
1685 2705 1922 2761 necdum

317 2774 542 2845 sepulto,
567 2781 770 2833 curiam
789 2782 1067 2854 ingressus
1087 2784 1185 2834 est.
1240 2776 1627 2851 Consulesqne,
1651 2780 1776 2836 sede
1795 2780 1924 2838 vul-
