2081 3038
213 257 334 294 mc.
363 237 458 312 47.)
596 251 757 296 ΙΛΒ.
800 251 899 298 Χῖ.
945 251 1128 300 οΑΡ.
1172 249 1418 300 11-19,
1716 242 1865 300 237·

209 349 404 405 dorum
423 348 618 419 opibus
639 347 885 414 refectus,
905 365 1002 419 per
1023 347 1176 412 laeta,
1198 363 1293 418 per
1316 347 1555 410 adversa,
1578 365 1664 404 res
1682 347 1824 404 Che-

211 441 402 480 ruscas
419 421 736 478 adflictabat.

325 502 410 554 ⁴8.
453 499 552 553 Per
591 497 733 553 idem
771 504 982 567 tempus
1019 495 1254 561 Chauci,
1300 497 1449 551 nulla
1482 499 1821 554 dissensione

209 574 380 640 domi,
401 581 454 628 et
471 580 641 628 morte
659 571 945 644 Sanquinii
965 571 1165 627 alacres
1180 613 1193 637 ,
1221 569 1353 626 dum
1374 571 1605 630 Corbulo
1620 574 1821 629 adven-

209 657 312 717 tat,
343 647 650 706 inferiorem
672 646 1012 704 Germaniam
1042 646 1386 703 incursavere
1399 689 1412 712 ‚
1444 647 1579 702 duce
1604 648 1821 704 Ganna-

211 741 334 782 scot
373 724 472 797 qui
494 725 704 780 natione
725 722 1066 788 Canninefas,
1088 721 1369 778 auxiliaris
1386 727 1441 776 et
1456 721 1554 778 diu
1574 724 1819 788 meritus,

211 809 338 874 post
351 798 627 874 transfuga
642 840 656 865 ,
688 798 900 854 levibus
920 798 1155 872 navigiis
1172 797 1588 870 praedabundus
1602 838 1616 863 ,
1642 795 1824 853 Gallo·

211 873 337 932 tuin
367 876 602 930 maxime
627 889 777 932 oram
805 873 1075 940 vastabat,
1110 889 1216 928 non
1236 873 1487 947 ignarus,
1508 873 1649 928 dites
1664 879 1716 929 et
1732 873 1821 929 in-

213 951 378 1008 belles
397 967 532 1006 esse.
610 948 679 1007 At
698 948 929 1006 Corbulo
947 948 1280 1023 provinciam
1301 949 1601 1037 ingressus,
1624 965 1821 1022 magna

209 1042 336 1083 cum
363 1040 520 1092 cura,
559 1034 613 1082 et
639 1041 764 1081 mox
795 1023 994 1100 gloria,
1031 1025 1122 1080 cui
1151 1024 1482 1097 principium
1508 1023 1601 1080 illa
1628 1023 1820 1080 militia

211 1102 330 1167 fuit,
353 1103 596 1161 triremes
616 1100 770 1158 alveo
787 1100 982 1167 Rheni,
1006 1108 1205 1155 ceteras
1226 1101 1468 1166 navium,
1493 1108 1554 1155 nt
1567 1115 1821 1173 quaeque

210 1178 444 1243 habiles,
484 1191 580 1249 per
617 1177 883 1232 aestuaria
918 1183 970 1230 et
1004 1173 1177 1231 fossas
1210 1174 1414 1249 adegit:
1457 1175 1820 1250 lintribusque

209 1251 444 1310 hostium
471 1253 772 1324 depressis,
811 1259 868 1308 et
895 1251 1175 1306 exturbato
1202 1250 1513 1318 Gannasco,
1541 1251 1638 1306 ubi
1664 1269 1820 1324 prae-

205 1331 376 1385 sentia
393 1329 526 1384 satis
543 1328 836 1400 composita
855 1333 1002 1391 sunt,
1025 1325 1281 1400 legiones,
1302 1343 1528 1398 operum
1546 1335 1599 1381 et
1621 1327 1818 1383 laboris

206 1407 450 1479 ignaras,
471 1402 924 1484 populationibus
953 1400 1207 1456 laetantes
1221 1441 1235 1466 ‚
1271 1409 1503 1458 veterem
1528 1401 1595 1456 ad
1614 1418 1818 1458 morem

205 1479 448 1545 reduxit,
491 1479 705 1550 nequis
723 1477 944 1551 agmine
957 1475 1260 1542 deoederet,
1288 1491 1388 1531 nec
1413 1492 1680 1550 pugnam,
1712 1477 1819 1533 nisi

209 1557 416 1620 iussus,
437 1553 616 1609 iniret.
677 1552 958 1617 Stationes,
981 1550 1219 1625 vigiliae,
1240 1550 1434 1606 diurna
1454 1559 1820 1624 nocturnaque

207 1645 420 1762 ,ῗὲῗιῖξῐ
435 1626 1821 1777 ἔῃᾞῃῖηἳῗιᾳῖἒεῗῖἴζῗᾞῗᾷἷξῖῗὲᾞ

207 1790 328 1837 tum
347 1778 618 1835 accinctus
637 1776 853 1844 foderet,
875 1786 1043 1835 morte
1061 1778 1301 1850 punitos.
1378 1776 1527 1845 Quae
1548 1779 1715 1834 nimia
1730 1820 1747 1845 ,
1768 1786 1820 1835 et

207 1858 476 1912 incertum
501 1867 572 1909 'an
599 1852 732 1910 falso
757 1853 920 1920 iacta,
960 1854 1227 1929 originem
1268 1862 1446 1909 tamen
1480 1872 1512 1909 e
1540 1855 1819 1911 severitate

209 1932 370 1987 ducis
388 1936 620 1985 nuere:
651 1930 1026 2001 intentumque
1046 1938 1097 1984 et
1116 1930 1329 2004 magnis
1346 1929 1555 1985 delictis
1574 1931 1821 1987 inexora-

209 2006 377 2139 w
393 2005 556 2072 scias,
573 2004 664 2059 eui
683 2011 892 2061 tantum
911 2006 1209 2077 asperitatis
1226 2007 1386 2061 etiam
1404 2004 1663 2062 adversus
1682 2004 1819 2062 levia

293 2099 295 2101 ·
333 2081 540 2139 ebatur.

283 2176 290 2183 ·
322 2160 405 2213 49.
447 2155 695 2213 Ceterum
721 2154 774 2211 is
799 2161 968 2211 terror
993 2152 1194 2211 milites
1223 2154 1508 2228 hostesque
1544 2157 1604 2210 in
1640 2156 1820 2211 diver-

209 2250 336 2291 sum
353 2230 563 2291 adfecita
623 2231 734 2288 Nos
757 2232 1006 2290 virtutem
1026 2231 1311 2287 auximus:
1336 2230 1550 2287 barbari
1570 2230 1819 2289 ferociam

207 2309 492 2385 infregere.
569 2308 639 2363 Et
653 2307 798 2363 natio
815 2305 1113 2363 Frisiorum
1132 2314 1255 2379 post
1272 2305 1615 2364 rebellionem
1630 2343 1645 2372 ,
1672 2305 1821 2363 clade

208 2387 273 2443 L.
296 2383 520 2460 Apronii
540 2391 780 2455 coeptam
797 2423 811 2448 ,
834 2381 1045 2438 insensa
1060 2422 1074 2447 ,
1098 2389 1190 2437 aut
1210 2381 1350 2438 male
1370 2382 1493 2448 fida,
1516 2380 1655 2437 datis
1674 2382 1821 2437 obsi-

207 2462 372 2520 dibus
416 2456 659 2516 consedit
701 2456 853 2531 apud·
895 2461 1051 2532 agros
1088 2474 1121 2513 a
1158 2456 1460 2513 Corbulone
1504 2456 1816 2529 descriptos·

208 2538 359 2595 Idem
384 2542 632 2593 senatum
647 2574 662 2601 ,
692 2532 1038 2609 magistratus
1052 2572 1067 2599 ,
1100 2531 1249 2607 leges
1274 2532 1534 2604 inposuit.
1612 2530 1692 2589 Ac
1706 2574 1721 2598 ,
1754 2548 1822 2587 ne

207 2614 360 2669 iussa
397 2618 680 2677 exuerent,
721 2608 1053 2684 praesidium
1092 2608 1421 2677 inmunivit3
1464 2608 1650 2664 missis
1664 2649 1679 2675 ‚
1720 2609 1820 2681 qui

208 2689 440 2744 maiores
457 2686 702 2743 Chaucos
719 2685 787 2741 ad
805 2684 1130 2741 deditionem
1146 2682 1475 2757 pellicerent,
1494 2683 1659 2740 simul
1670 2684 1822 2741 Gan-

211 2775 436 2818 nascum
463 2760 593 2819 dolo
611 2759 1044 2836 adgrederentur.
1124 2760 1236 2815 Nec
1262 2758 1453 2815 inritae
1478 2768 1569 2816 aut
1590 2760 1809 2835 degens
