2081 3038
237 303 359 342 Aac.
386 283 481 360 το.)
679 293 835 340 mn.
875 291 911 339 L
955 291 1134 339 cAP.
1176 294 1258 339 se.
1297 294 1385 340 ετ.
1767 288 1834 343 53

237 399 465 449 humana
502 398 746 462 speciem.-
793 402 1021 448 statuam
1055 397 1110 448 d.
1151 393 1279 446 Iulii
1316 396 1372 446 in
1402 396 1576 450 insula
1595 396 1837 452 ,Tiberini

238 474 424 532 amnis,
464 485 645 524 sereno
672 476 721 522 et
748 472 940 522 inmoto
964 472 1065 528 die,
1106 471 1172 521 ab
1195 466 1466 522 Occidente
1494 474 1548 523 in
1577 470 1835 524 Orientem
1868 475 1877 480 '

240 559 567 598 conversam:
619 545 947 611 prolocutum
992 546 1050 597 in
1086 543 1308 596 Etruria
1345 545 1543 597 bovem:
1602 548 1836 599 insolitos

240 621 547 672 animalium
562 625 777 686 partus.-
816 625 868 670 et
890 615 1043 688 plura
1067 615 1188 680 alia,
1213 615 1440 670 rudibus
1459 617 1656 671 seculis
1675 620 1836 673 etiarn

239 693 297 747 in
324 707 453 764 pace
478 692 771 756 observata,
806 709 945 764 quae
970 708 1116 747 nunc
1134 699 1339 745 tantum
1361 691 1417 744 in
1439 700 1584 746 metu
1606 692 1836 747 audiun-

240 776 345 822 tur.
424 765 527 821 Sed
553 766 871 838 praecipuus
896 775 1092 822 etcum
1111 766 1376 838 praesenti
1395 767 1556 821 exitio
1573 767 1731 820 etiam
1752 766 1836 821 fu-

240 843 346 896 turi
375 857 558 913 pavor,
598 841 774 896 subita
808 841 1155 898 inundatione
1187 841 1423 896 Tiberis:
1467 842 1563 913 qui
1593 843 1836 898 inmenso

240 924 419 982 auctu,
448 925 665 988 proruto
682 925 839 988 ponte
857 915 1114 982 Sublicio,
1129 913 1191 971 ac
1210 923 1384 989 strage
1401 915 1662 972 obstantis
1679 916 1836 972 molis

239 989 473 1056 refusuS,
504 1009 608 1046 non
639 991 797 1047 modo
819 992 1039 1046 iacentia
1063 999 1114 1046 et
1131 990 1290 1063 plana
1312 991 1462 1046 urbis
1485 990 1617 1056 loca,
1639 991 1733 1045 sed
1751 1009 1838 1046 se-

240 1083 367 1121 cura
388 1066 651 1122 eiusmodi
674 1084 899 1122 casuum
916 1065 1159 1138 inplevit.
1217 1067 1372 1138 Rapti
1391 1083 1422 1120 e
1439 1066 1656 1138 publico
1675 1065 1838 1136 pleri-

238 1158 364 1213 que,
388 1141 571 1213 plures
593 1141 651 1196 in
672 1141 905 1197 tabernis
923 1150 973 1197 et
994 1141 1266 1197 eubilibus
1285 1143 1578 1212 intercepti.
1635 1142 1836 1195 <Fames

236 1217 293 1270 in
332 1215 552 1290 vulgus,
592 1216 772 1288 inopia
809 1225 1068 1289 quaestus
1105 1224 1157 1271 et
1186 1217 1410 1288 penuria
1438 1216 1832 1272 alimentorum.

238 1290 506 1362 Conrupta
545 1292 915 1365 stagnantibus
953 1292 1112 1362 aquis
1143 1290 1443 1346 insularum
1472 1291 1834 1357 fundamenta,

236 1365 381 1431 dein,
413 1374 679 1420 remeante
707 1365 947 1438 flumine,
977 1365 1204 1437 dilapsa.
1285 1365 1459 1437 thue
1485 1367 1724 1437 primum
1744 1384 1838 1420 va·-

236 1457 373 1496 cuus
402 1458 431 1495 a
461 1439 699 1512 periculo
726 1441 942 1495 animus
970 1438 1090 1503 fuit,
1133 1438 1189 1494 id
1219 1439 1422 1509 ipsum,
1462 1440 1605 1511 quod
1633 1442 1838 1510 paranti

238 1514 626 1587 expeditionem
647 1513 862 1579 Othoni,
891 1531 1116 1585 campus
1136 1513 1359 1569 Martius
1377 1522 1430 1569 et
1447 1515 1534 1569 via
1551 1513 1834 1580 Flaminia,

237 1591 338 1645 iter
374 1590 502 1645 belli
540 1597 678 1645 esset
714 1590 1048 1645 obstructum
1075 1606 1106 1643 a
1133 1587 1362 1644 fortuitis
1391 1588 1475 1644 vel
1505 1589 1837 1645 naturalibus

236 1665 465 1729 caussis,
508 1665 564 1719 iu
592 1664 901 1739 prodigium
934 1671 984 1718 et
1009 1680 1168 1719 omen
1195 1664 1574 1726 inminentium
1602 1664 1836 1720 cladium

236 1738 558 1794 vertebatur.

352 1814 435 1867 87.
479 1811 635 1877 Otho,
669 1811 885 1867 lustrata
916 1814 1066 1880 urbe,
1095 1822 1147 1869 et
1165 1813 1414 1886 expensis
1432 1812 1557 1868 belli
1577 1814 1834 1880 consiliis,

239 1886 455 1958 quando
484 1886 713 1941 Peninae
741 1887 1046 1960 Cottiaeque
1071 1888 1235 1961 Alpes
1269 1898 1322 1943 et
1353 1890 1510 1943 ceteri
1541 1888 1838 1944 Galliarum

239 1960 417 2015 aditus
436 1960 733 2017 Vitellianis
754 1964 1074 2019 exercitibus
1095 1963 1495 2028 claudebantur,
1527 1963 1840 2018 Narbonen-

239 2052 355 2091 sem
386 2035 615 2091 Galliam
646 2036 861 2111 adgredi
883 2038 1091 2107 statuit3
1134 2040 1302 2094 classe
1323 2037 1498 2094 valida
1527 2046 1580 2093 et
1597 2038 1839 2109 partibus

240 2110 363 2175 fida,
405 2112 550 2183 quod
581 2112 815 2183 reliquos
842 2128 1116 2168 caesorum
1146 2114 1212 2168 ad
1241 2122 1452 2185 pontem
1479 2111 1748 2178 Milvium,
1787 2122 1840 2167 et

238 2187 457 2240 saevitia
469 2186 667 2241 Galbae
689 2190 743 2242 in
765 2188 1059 2242 custodiam
1082 2187 1378 2253 habitoS,in
1403 2204 1654 2243 numeros
1678 2186 1842 2261 legio-

238 2262 325 2316 nis
364 2271 759 2333 composuerat3
812 2262 943 2317 facta
984 2272 1034 2316 et
1066 2264 1250 2317 ceteris
1281 2279 1376 2334 spe
1405 2262 1752 2317 honoratioris
1780 2265 1838 2318 in

235 2342 510 2407 posterum
532 2336 773 2391 militiae.
852 2335 1072 2392 Addidit
1101 2336 1260 2392 classi
1282 2337 1514 2393 urbanas
1534 2337 1770 2393 cohortes
1790 2346 1842 2393 et
1944 2339 1946 2343 ’

236 2409 521 2483 plerosque
540 2427 569 2465 e
588 2410 955 2481 praetorianis,
967 2412 1111 2467 vires
1131 2420 1183 2467 et
1202 2412 1364 2468 robur
1381 2412 1663 2477 exercituS,
1681 2421 1840 2485 atque

192 2490 201 2496 ”
234 2486 374 2557 ipsis
402 2484 635 2540 ducibus
652 2485 937 2543 consilium
968 2494 1018 2541 et
1037 2486 1300 2544 custodes.
1381 2486 1601 2542 Summa
1622 2488 1841 2559 expedi-

236 2559 399 2615 tionis
426 2559 665 2616 Antonio·
682 2560 921 2627 Novello,
955 2559 1151 2617 Suedio
1179 2561 1460 2626 Clementi,
1492 2560 1840 2633 primipilari-

238 2633 363 2700 bus,
394 2632 622 2690 Aemilio
642 2636 881 2701 Pacensi,
912 2637 1001 2691 cui
1028 2636 1339 2709 ademptum
1360 2655 1389 2691 a
1412 2637 1579 2692 Galba
1602 2638 1840 2693 tribuna-

238 2716 357 2764 tum
385 2709 699 2777 reddiderat,
730 2711 1013 2784 permissa.
1095 2712 1290 2768 Curam
1321 2709 1542 2767 navium
1571 2711 1742 2768 Oscus
1775 2713 1840 2768 li-

238 2782 424 2839 bertus
452 2784 727 2854 retinebat,
758 2786 826 2843 ad
852 2787 1238 2846 observandam
1274 2788 1639 2846 honestiorum
1679 2788 1838 2845 fidem
