2081 3038
288 237 353 295 12
855 244 1324 293 ANNAmum
1616 234 1888 311 (munes.

286 343 498 418 vigiles.
577 346 888 419 Ducemque
915 348 1106 401 terruit
1130 346 1246 401 dira
1274 348 1461 419 quies:
1502 362 1629 401 nam
1644 343 1894 413 Quincti·-

286 420 422 475 lium
445 420 666 487 Varum,
687 422 952 495 sanguine
967 420 1197 477 oblitum
1216 430 1269 477 et
1284 420 1575 494 paludibus
1592 436 1889 485 emersum,

287 512 502 551 cernere
521 504 573 550 et
589 496 776 553 audire
795 496 948 552 visus
967 504 1067 562 est,
1092 496 1239 553 velut
1258 504 1531 553 vocantem
1547 537 1563 562 ‚
1584 512 1692 552 non
1710 503 1891 554 tamen

283 572 572 644 obsecutus
589 613 602 637 ‚
643 580 694 626 et
720 588 940 626 manum
970 571 1293 627 intendentis
1334 570 1616 643 repulisse.
1694 570 1891 642 Coepta

288 645 405 699 luce
418 687 431 710 ‚
473 646 673 701 missae
698 647 756 701 in
788 645 947 701 latera
977 645 1211 719 legiones
1226 689 1239 712 ,
1280 656 1426 701 metu
1444 662 1515 701 an
1534 646 1887 710 contumacia,

287 719 462 775 locum
481 720 792 777 deseruere:
825 730 981 793 capto
993 738 1217 793 propere
1234 738 1424 793 campo
1438 763 1453 786 ‚
1493 720 1769 777 humentia
1804 719 1893 775 ul-

287 805 383 849 tra.
463 796 652 868 Neque
679 803 854 851 tamen
883 797 1190 861 Arminius,
1232 812 1567 868 quamquam
1604 794 1773 851 libero
1802 796 1892 849 in-

285 888 470 935 cursu,
492 872 670 925 statim
688 872 960 944 prorupit:
983 871 1097 936 sed,
1128 880 1187 926 ut
1206 871 1425 927 haesere
1442 886 1603 925 coeno
1620 868 1893 941 fossisque

284 945 693 1021 impedimenta,
734 946 930 1001 turbati
949 947 1155 1001 circum
1177 945 1373 1001 milites
1390 988 1403 1011 ‚
1444 947 1677 1001 incertus
1706 945 1893 1018 signo—

285 1038 408 1075 rum
425 1019 573 1095 ordo,
597 1028 764 1093 utque
785 1020 876 1075 tali
893 1020 952 1075 in
972 1029 1226 1092 tempore,
1248 1021 1354 1076 sibi
1378 1020 1613 1093 quisque
1627 1036 1891 1092 properus

284 1105 336 1149 et
356 1094 524 1150 lentae
543 1093 830 1151 adversum
857 1095 1086 1167 imperia
1112 1112 1269 1150 aures
1283 1137 1297 1162 ‚
1337 1094 1891 1167 inrumpereGerma-

287 1188 382 1224 nos
409 1170 582 1234 iubet,
614 1168 892 1225 clamitans
908 1211 921 1235 ‚
961 1171 1045 1225 En
1077 1171 1272 1235 Varus,
1304 1180 1352 1225 et
1380 1176 1553 1225 eodem
1569 1176 1760 1225 iterum
1776 1174 1891 1241 [alo

283 1249 452 1299 victae
491 1246 740 1313 teyiones!
775 1243 950 1300 Simul
989 1244 1147 1310 haec,
1192 1254 1243 1299 et
1276 1262 1403 1300 cum
1442 1244 1657 1300 delectis
1694 1244 1892 1299 scindit

284 1336 497 1392 agmen,
525 1320 791 1392 equisque
807 1320 1045 1376 maxime
1068 1320 1290 1375 vulnera
1306 1322 1531 1395 ingerit:
1566 1319 1647 1375 illi
1666 1321 1891 1395 sangui-

285 1412 354 1449 ne
371 1410 473 1449 suo
489 1403 544 1448 et
561 1392 768 1450 lubrico
786 1394 1047 1467 paludum
1068 1394 1333 1467 lapsantes
1348 1438 1361 1461 ‚
1402 1396 1645 1451 excussis
1674 1395 1890 1451 rectori-

287 1470 390 1525 bus
407 1511 421 1535 ,
461 1468 708 1526 disiicere
731 1470 920 1528 obvios
934 1512 948 1536 ‚
988 1479 1253 1543 proterere
1286 1472 1535 1527 iacentes.
1614 1469 1889 1526 Plurimus

285 1547 424 1600 circa
443 1547 653 1618 aquilas
673 1545 820 1602 labor
835 1588 848 1612 ‚
879 1563 1022 1618 quae
1052 1563 1229 1619 neque
1247 1546 1534 1602 adversum
1554 1545 1679 1601 ferri
1698 1548 1890 1618 ingru-

285 1622 428 1676 entia
445 1621 577 1687 tela‚
602 1637 777 1694 neque
797 1621 890 1695 figi
909 1622 1098 1677 limosa
1118 1621 1285 1676 humo
1302 1629 1560 1693 poterant.
1640 1621 1885 1686 Caecina,

283 1695 419 1750 dum
447 1703 707 1751 sustentat
732 1697 901 1752 aciem
917 1739 930 1762 ‚
952 1696 1179 1751 suffosso
1196 1713 1337 1768 equo
1354 1695 1606 1768 delapsus
1622 1738 1635 1761 ‚
1658 1696 1887 1751 circum-

286 1771 618 1836 veniebatur,
641 1772 699 1825 ni
717 1772 891 1843 prima
915 1771 1057 1845 legio
1072 1789 1193 1826 sese
1206 1773 1562 1844 opposuisset.
1633 1771 1775 1829 iuvit
1792 1771 1890 1826 ho-

288 1847 454 1900 stium
493 1845 720 1901 aviditas
734 1888 746 1912 ,
795 1847 994 1902 omissa
1044 1847 1203 1902 caede
1248 1847 1499 1920 praedam
1537 1847 1887 1901 sectantium:
1914 1901 1922 1906 ,

285 1921 576 1992 enisaeque
595 1921 830 1994 legiones
848 1963 862 1987 ‚
893 1930 1294 1994 vesperascente
1310 1921 1399 1976 die
1412 1964 1425 1988 ‚
1458 1923 1516 1976 in
1536 1930 1714 1993 aperta
1734 1928 1786 1976 et
1804 1937 1891 1976 so-

289 1993 414 2050 lida.
475 1996 663 2068 Neque
682 1997 730 2050 is
749 1997 1090 2052 miseriarum
1110 1997 1254 2052 finis.
1314 1995 1641 2052 Struendum
1660 1996 1887 2061 vallum,

281 2069 548 2142 petendus
569 2089 760 2145 agger:
784 2074 982 2128 amissa
1001 2089 1198 2146 magna
1220 2089 1289 2128 ex
1306 2080 1473 2145 parte,
1496 2089 1591 2143 per
1608 2089 1751 2144 quae
1768 2088 1893 2144 ege-

287 2147 424 2201 ritur
453 2147 655 2202 humus
685 2155 777 2202 aut
803 2147 1067 2204 exciditur
1094 2164 1308 2220 cespes:
1349 2165 1455 2204 non
1476 2147 1699 2202 tentoria
1714 2147 1893 2202 mani-

287 2221 433 2292 pulis
447 2262 460 2287 ,
503 2239 608 2276 non
639 2220 866 2278 fomenta
893 2222 1121 2278 sauciis:
1166 2222 1389 2278 infectos
1414 2237 1577 2277 coeno
1594 2230 1689 2276 aut
1705 2239 1895 2277 cruore

283 2296 434 2351 cibos
473 2295 799 2361 dividentes,
836 2295 1080 2352 funestas
1107 2297 1349 2352 tenebras
1364 2339 1378 2362 ‚
1418 2307 1471 2352 et
1496 2305 1579 2352 tot·
1600 2297 1892 2352 hominum

287 2371 532 2426 millibus
551 2389 724 2426 unum
741 2371 852 2426 iam
871 2371 1149 2443 reliquum
1168 2371 1313 2427 diem
1334 2371 1775 2429 lamentabantur.

396 2443 484 2502 66.
526 2447 681 2503 Forte
705 2463 880 2518 equus
896 2489 909 2512 ‚
949 2446 1195 2518 abruptis
1220 2446 1455 2502 vinculis
1492 2463 1662 2520 vagus
1701 2457 1753 2501 et
1786 2446 1897 2502 cla-

287 2538 434 2576 more
452 2523 689 2588 territus,
701 2521 964 2594 quosdam
983 2522 1377 2577 occurrentium
1396 2521 1718 2580 obturbavit.
1752 2521 1895 2576 Tan-

285 2603 341 2648 ta
365 2595 493 2649 inde
516 2598 866 2653 consternatio
881 2639 894 2662 ‚
909 2597 1201 2668 zinrupisse
1218 2596 1513 2652 Germanos
1540 2596 1889 2660 credentium,

284 2677 348 2724 ut
366 2671 547 2724 cuncti
559 2679 778 2726 ruerent
794 2671 862 2726 ad
879 2679 1087 2743 portas:
1104 2688 1337 2743 quarum
1352 2671 1645 2726 decumana
1660 2671 1896 2726 maxime

287 2743 582 2816 petebatur,
603 2762 790 2803 aversa
809 2747 949 2804 hosti
967 2755 1020 2804 et
1037 2744 1371 2820 fugientibus
1390 2746 1567 2802 tutior.
1646 2744 1892 2812 Caecina,
