2081 3038
250 216 345 269 {32
716 215 1367 263 HISTORIARUM
1577 206 1856 279 (musas.

243 338 368 377 rum
398 318 652 391 adspectu
678 317 898 373 haesere
922 317 1170 383 victores,
1203 316 1420 371 incertis
1439 316 1692 383 ducibus,
1718 317 1856 389 quid

243 396 507 453 iuberent.
588 394 825 464 Incipere
869 394 1352 466 oppugnationem,
1400 391 1540 447 fesso
1576 410 1672 463 per
1707 393 1854 447 diem

246 480 561 543 noctemque
588 470 841 533 exercitu,
874 467 1126 533 arduum,
1149 476 1220 533 et,
1245 466 1396 533 nullo
1415 467 1563 521 iuxta
1585 468 1850 532 subsidi0,

245 563 459 617 ancepS.
502 544 595 599 Sin
614 544 927 599 Bedriacum
950 544 1200 607 redirent,
1223 541 1588 599 intolerandus
1609 551 1714 597 tam
1741 542 1856 597 lon-

246 624 301 695 gi
330 621 537 676 itineris
561 620 725 683 labor,
768 626 819 673 et
850 620 1068 673 victoria
1097 618 1165 673 ad
1192 618 1418 673 inritum
1457 617 1852 673 revolvebatur.

246 700 297 753 M
305 697 457 753 unire
476 694 680 751 castra?
702 694 755 748 id
778 710 1013 766 quoque,
1036 694 1358 765 propinquis
1381 692 1648 758 hostibus,
1669 692 1856 747 formi-

246 772 511 836 dolosum,
545 788 613 825 ne
636 770 907 840 dispersos
928 778 978 823 et
996 786 1134 841 opus
1154 768 1430 823 molientes
1451 768 1628 823 subita
1650 769 1856 839 erupti-

246 867 345 904 one
385 848 671 902 turbarent.
753 845 903 911 Quae
940 862 1103 916 super
1142 853 1332 901 cuncta
1367 844 1592 899 terrebat
1608 845 1852 915 ipsorum

248 922 423 988 mileS,
449 922 671 993 periculi
690 938 855 991 quam
876 937 1056 975 morae
1075 920 1372 991 patientior.
1441 918 1652 991 Quippe
1671 921 1856 993 ingra-

245 1007 317 1064 ta,
348 1015 489 1071 quae
518 1006 647 1058 tuta,
674 1013 741 1049 ex
772 997 1063 1049 temeritate
1089 1012 1243 1065 spes:
1284 996 1574 1067 omnisque
1597 994 1784 1049 caedes
1803 1002 1856 1048 et

251 1074 472 1129 vulnera
493 1079 542 1125 et
562 1078 784 1143 sanguis
806 1068 1055 1124 aviditate
1072 1070 1298 1141 praedae
1315 1071 1694 1141 pensabantur.

356 1150 442 1203 ⁶27.
484 1146 599 1200 Huc
630 1144 907 1199 inclinavit
934 1146 1218 1210 AntoniuS,
1249 1146 1504 1219 cingique
1532 1145 1736 1200 vallum
1764 1163 1856 1201 co-

248 1239 373 1276 rona
395 1220 572 1275 iussit.
634 1221 811 1275 Primo
829 1221 1035 1293 sagittis
1056 1222 1308 1292 saxisque
1329 1222 1543 1276 eminus
1562 1222 1852 1285 certabant,

250 1297 445 1351 maiore
474 1293 850 1349 Flavianorum
883 1297 1136 1366 pernicie,
1174 1298 1225 1348 in
1250 1310 1384 1365 qnos
1406 1295 1510 1351 tela
1531 1296 1762 1367 desuper
1791 1296 1856 1349 li-

248 1372 557 1427 brabantur.
636 1371 759 1427 Mox
793 1369 993 1425 vallum
1032 1380 1318 1443 portasque
1350 1372 1650 1444 legionibus
1689 1372 1856 1427 adtri-

252 1449 383 1511 buit,
410 1456 468 1501 ut
487 1446 749 1501 discretus
772 1445 915 1501 labor
942 1446 1099 1501 fortes
1129 1446 1461 1518 ignavosque
1479 1447 1852 1522 distingueret,

251 1534 408 1596 atque
428 1525 543 1594 ipsa
564 1525 896 1579 contentione
915 1523 1120 1578 decoris
1141 1523 1569 1578 accenderentur.
1606 1524 1852 1578 Proxima

248 1599 581 1654 Bedriacensi
603 1599 719 1654 viae
740 1599 948 1654 tertiani
968 1599 1363 1670 septimanique
1381 1615 1688 1669 sumpsere:
1721 1599 1852 1652 dex·-

252 1675 433 1728 teriora
459 1673 585 1728 valli
604 1684 785 1730 octava
807 1691 869 1728 ac
886 1674 1114 1745 septima
1124 1673 1444 1728 Claudiana:
1470 1672 1854 1728 tertiadecima-

252 1767 345 1804 nos
366 1749 431 1803 ad
452 1749 756 1804 Brixianam
777 1757 983 1820 portam
1004 1749 1220 1819 inpetus
1238 1747 1379 1804 tulit.
1463 1747 1706 1802 Paullum
1729 1749 1854 1803 inde

250 1843 445 1890 morae,
468 1825 599 1880 dum
622 1842 685 1880 ex
708 1825 971 1896 proximis
988 1825 1134 1896 agris
1156 1822 1378 1897 ligoneS,
1403 1822 1665 1888 dolabras,
1691 1831 1742 1878 et
1761 1823 1850 1880 alii

252 1901 407 1956 falces
436 1899 713 1972 scalasque
738 1907 1066 1954 convectant.
1147 1899 1306 1963 Tum,
1331 1899 1482 1954 elatis
1500 1916 1663 1970 super
1679 1901 1850 1970 capita

248 1978 435 2042 scutis,
459 1976 623 2032 densa
645 1975 909 2029 testudine
929 1973 1241 2030 succedunt.
1291 1976 1560 2042 Romanae
1576 1975 1852 2045 utrimque

249 2062 413 2108 artes:
455 2051 684 2124 pondera
716 2067 970 2106 saxorum
1000 2049 1270 2104 Vitelliani
1294 2049 1645 2121 provolvunt;
1687 2049 1851 2104 disie-

248 2138 385 2182 ctam
408 2125 808 2198 fluitantemque
829 2125 1152 2180 testudinem
1179 2124 1376 2180 lanceis
1401 2127 1680 2197 contisque
1699 2142 1852 2180 scru-

251 2212 453 2258 tantur:
496 2201 679 2266 donec,
712 2200 885 2256 soluta
916 2217 1176 2273 compage
1209 2209 1504 2265 scutorum,
1545 2217 1848 2274 exsangues

256 2286 339 2336 aut
363 2278 557 2332 laceros
576 2285 966 2347 prosternerent
985 2275 1152 2330 multa
1177 2293 1304 2331 cum
1321 2285 1517 2349 strage.

357 2356 443 2409 28.
486 2353 774 2408 lacesset-at
802 2353 1084 2417 cunctatio,
1129 2351 1185 2406 ni
1214 2350 1378 2406 duces
1410 2350 1548 2406 sesso
1581 2349 1760 2415 militi,
1801 2358 1854 2406 et

260 2427 395 2481 velut
422 2428 609 2480 inritas
638 2426 1025 2482 exhortationes
1053 2426 1330 2490 abnuenti,
1359 2425 1676 2482 Cremonam
1697 2443 1852 2480 mon-

244 2510 520 2556 strassent.
602 2502 855 2556 Hormine
882 2503 937 2556 id
966 2502 1267 2574 ingenium,
1313 2510 1371 2556 ut
1399 2499 1643 2556 Messalla
1670 2500 1846 2560 tradit,

249 2592 311 2628 au
346 2576 514 2644 potior
543 2586 723 2632 auctor
752 2579 821 2630 sit
850 2576 909 2632 C.
936 2575 1162 2642 Plinius,
1187 2577 1282 2648 qui
1303 2575 1596 2648 Antonium
1616 2576 1844 2637 incusat,

250 2649 393 2700 haud
435 2646 585 2702 facile
620 2650 997 2704 discreverim:
1044 2651 1147 2704 nisi
1186 2651 1334 2722 quod
1371 2667 1548 2722 neque
1585 2650 1849 2704 Antonius

248 2738 423 2790 neque
453 2722 683 2776 Hormus
714 2742 743 2776 a
772 2724 913 2778 fama
940 2725 1158 2794 vitaque
1183 2743 1302 2791 sua,
1341 2725 1594 2796 quamvis
1612 2725 1850 2795 pessimo
