2081 3038
308 232 381 287 28·
790 232 1435 280 n1sTon1ARum
1636 223 1913 299 (mmm.

306 338 455 403 bant,
487 334 780 391 industriae
801 336 918 389 eius
938 334 1395 408 innocentiaeque,
1427 334 1585 408 quasi
1606 333 1766 390 malis
1787 331 1923 391 arti-

307 414 432 476 buS,
463 410 700 467 infensi.⁴
761 406 950 466 Caedis
977 419 1028 465 et
1055 411 1373 482 praedarum
1400 411 1617 466 initium
1642 418 1694 465 et
1712 412 1921 482 optimo

308 490 507 562 cuique
535 486 824 559 perniciem
847 486 1033 559 quaeri
1058 485 1358 557 adparebat.
1438 485 1542 541 Sed
1561 482 1757 540 Othoni
1781 502 1921 541 non-

308 564 440 620 dum
471 564 753 618 auctoritas
781 560 950 617 inerat
975 561 1042 616 ad
1064 561 1454 633 prohibendum
1480 560 1686 616 scelus:
1729 561 1919 617 iubere

307 641 415 697 iam
437 646 656 711 poterat.
736 638 829 703 Ita,
863 636 1204 692 simulatione
1230 638 1358 701 irae,
1390 642 1584 693 vinciri
1606 638 1841 700 iussum,
1867 646 1921 692 et

308 722 532 771 maiores
566 730 762 783 poenas
801 716 1048 767 daturum
1088 712 1375 767 adfirmans
1394 754 1406 778 ,
1448 714 1712 784 praesenti
1752 714 1920 768 exitio

309 790 591 847 subtraxit.

421 869 504 921 46.
547 863 740 920 Omnia
760 862 952 917 deinde
976 861 1193 918 arbitrio
1212 861 1446 919 militum
1468 870 1599 918 acta.
1661 862 1919 919 Praetorii

308 940 596 1016 praefectos
624 938 729 994 sihi
751 939 858 1009 ipsi
877 937 1079 1011 legere:
1122 938 1348 993 Plotium
1381 939 1646 1004 Firmum,
1680 957 1711 994 e
1740 940 1920 993 mani-

309 1016 592 1089 pularibus
609 1013 904 1088 quondam,
925 1023 1040 1068 tum
1062 1012 1321 1086 vigilibus
1340 1014 1722 1084 praepositum,
1744 1023 1814 1079 et,
1828 1016 1919 1068 in-

309 1091 508 1148 columi
529 1089 705 1145 adhuc
724 1088 914 1153 Galba,
935 1099 1111 1161 partes
1130 1087 1353 1144 Othonis
1374 1096 1637 1145 secutum.
1705 1089 1918 1145 Adiun-

307 1168 454 1242 gitur
493 1165 735 1220 Licinius
757 1163 1033 1229 ProculuS,
1075 1166 1264 1219 intima
1292 1164 1645 1219 familiaritate
1665 1163 1914 1231 Othonis,

309 1248 594 1314 suspectus
623 1239 844 1297 consilia
873 1240 991 1294 eius
1021 1237 1235 1295 fovisse.
1315 1239 1445 1294 Urbi
1481 1239 1728 1295 Flavium
1762 1240 1921 1296 Sabi-

309 1336 443 1374 num
483 1316 808 1390 praefecere,
850 1315 1114 1370 iudicium
1159 1315 1385 1370 Neronis
1424 1317 1620 1382 secuti,
1660 1316 1767 1371 sub
1806 1334 1921 1389 quo

311 1393 532 1449 eandem
587 1410 772 1448 curam
816 1391 1143 1446 obtinuerat:
1210 1390 1485 1463 plerisque
1523 1391 1918 1463 Vespasianum

312 1469 524 1526 fratrem
554 1471 614 1525 in
643 1484 704 1524 eo
732 1466 1158 1540 respicientibus.
1237 1466 1278 1521 F
1287 1466 1581 1540 lagitatum,
1604 1478 1660 1522 ut
1680 1474 1922 1523 vacatio-

311 1561 400 1601 nes
413 1589 428 1610 ,
488 1552 758 1614 praestari
815 1545 1200 1600 centurionibus
1242 1545 1453 1607 sol-itae,
1509 1549 1916 1599 remitterentur.

310 1623 556 1694 Namque
575 1621 853 1694 gregarius
873 1618 1050 1683 mileS,
1074 1626 1134 1672 ut
1153 1617 1415 1672 tributum
1434 1634 1696 1682 annuum,
1717 1619 1921 1690 pende-

311 1698 417 1752 bat.
497 1694 694 1761 Quarta
715 1711 839 1765 pars
859 1692 1123 1765 manipuli
1146 1710 1327 1764 sparsa
1351 1711 1445 1764 per
1463 1704 1813 1759 commeante,
1828 1703 1921 1748 aut

309 1773 367 1826 in
399 1771 532 1842 ipsis
560 1771 748 1824 castris
767 1785 921 1842 vaga,
949 1767 1083 1824 dum
1104 1769 1402 1822 mercedem
1424 1771 1718 1825 centurioni
1742 1770 1923 1825 exsol-

314 1854 481 1902 veret:
534 1861 710 1917 neque
737 1845 959 1899 modum
986 1844 1164 1900 oneris
1193 1845 1506 1916 quisquam,
1543 1862 1718 1916 neque
1743 1863 1921 1918 genus

311 1931 566 1994 quaestus
597 1921 752 1992 pensi
779 1919 1022 1974 habebat.
1104 1919 1202 1973 Per
1232 1919 1499 1974 latrocinia
1523 1928 1574 1975 et
1593 1930 1797 1991 raptuS,
1826 1931 1923 1976 aut

311 1997 600 2053 servilibus
658 1995 972 2050 ministeriis
989 2036 1002 2060 ,
1064 1995 1292 2049 militare
1340 1996 1510 2050 otium
1562 1995 1917 2051 redimebant.

311 2075 450 2128 Tum
481 2070 934 2142 locupletissimus
967 2068 1203 2142 quisque
1232 2069 1387 2124 miles
1419 2069 1595 2125 labore
1612 2088 1675 2126 ac
1693 2073 1920 2126 saevitia

312 2148 539 2223 fatigari,
581 2147 748 2202 donec
776 2146 1103 2202 vacationem
1144 2153 1357 2201 emeret.
1436 2145 1559 2211 Ubi,
1602 2148 1923 2219 sumptibus

311 2224 624 2289 exhaustuS,
655 2222 892 2278 socordia
918 2223 1144 2293 insuper
1172 2220 1496 2295 elanguerat,
1530 2222 1685 2294 inops
1714 2241 1815 2295 pro
1842 2223 1925 2278 lo-

311 2298 519 2373 cuplete
557 2307 608 2354 et
642 2300 788 2354 iners
824 2315 920 2369 pro
957 2306 1192 2361 strenuo,
1232 2298 1289 2352 in
1315 2297 1657 2369 manipulum
1678 2299 1921 2354 redibat:

310 2394 372 2431 ac
398 2390 590 2430 rursus
620 2374 760 2428 alius
791 2381 951 2444 atque
977 2371 1134 2437 alius,
1168 2371 1352 2426 eadem
1373 2381 1599 2446 egestate
1622 2391 1683 2428 ac
1704 2373 1924 2429 lieentia

311 2450 575 2522 conrupti,
609 2449 674 2504 ad
704 2449 990 2504 seditiones
1013 2457 1069 2504 et
1096 2448 1407 2513 discordiaS,
1445 2458 1496 2503 et
1520 2448 1585 2503 ad
1614 2459 1923 2504 extremum

311 2528 368 2582 in
389 2525 526 2581 bella
546 2524 725 2580 civ'ilia
745 2524 987 2579 ruebant.
1066 2523 1170 2578 Sed
1189 2522 1346 2588 Otho,
1378 2542 1446 2578 ne
1465 2523 1614 2598 vulgi
1638 2523 1924 2598 largitione

313 2603 685 2657 centurionum
712 2602 918 2655 animos
947 2607 1219 2665 averteret,
1252 2603 1433 2668 fiscum
1449 2617 1600 2654 suum
1618 2607 1927 2656 vacationes

313 2691 520 2730 annuas
539 2679 899 2731 exsolutorum
917 2675 1193 2747 promisit:
1221 2692 1336 2729 rem
1357 2674 1501 2728 haud
1518 2675 1683 2730 dubie
1704 2675 1922 2744 utilem,

315 2757 366 2804 et
399 2767 431 2804 a
468 2751 626 2806 bouis
650 2757 828 2822 postea
859 2750 1197 2823 principibus
1228 2751 1575 2823 perpetuitate
1600 2749 1927 2824 disciplinae
