2081 3038
194 275 317 314 mc.
344 257 437 331 63.)
608 249 761 310 mn.
803 266 921 311 xv.
964 266 1143 310 cnr..
1188 266 1363 310 2—4.
1692 261 1778 314 36⁴.

193 372 465 423 Armeniae
474 371 706 450 fedum&
746 371 837 435 qui
857 371 1039 420 tertius
1056 370 1314 434 potentiae
1331 370 1528 436 yradus
1544 369 1790 422 habetur.-

191 461 315 498 nam
340 443 519 498 Medos
546 443 777 496 Pacorus
798 449 921 495 ante
946 449 1166 509 ceperat.
1251 441 1584 511 Videbarque,
1609 451 1792 497 contra

192 527 368 572 vetera
382 523 613 589 fratrum
630 521 751 571 odia
770 524 819 570 et
839 519 1144 580 certamina,
1159 517 1393 586 familiae
1409 524 1617 571 nostrae
1626 518 1792 570 Pena-

195 603 268 648 ees
284 596 387 648 rite
408 598 765 661 composuisse.
808 592 1082 646 Prohibent
1101 591 1334 654 Romani,
1358 599 1407 645 et
1417 607 1618 658 pacem,
1639 608 1793 646 num-

194 685 351 737 quam
369 672 501 736 ipsis
512 684 760 736 prospere
780 669 1095 730 lacessitam,
1123 683 1260 720 nunc
1279 682 1479 736 quoque
1497 669 1556 718 in
1574 670 1793 721 exitium

193 761 345 797 suum
381 747 713 811 abrumpunt.
792 743 911 797 Non
948 745 1033 796 ibo
1069 745 1306 811 inficias.-
1348 745 1613 810 aequitate
1637 757 1794 810 quam

193 822 461 886 sanquine,
494 835 684 873 caussa
704 835 861 888 quam
885 821 1068 881 armis,
1086 820 1311 872 retinere
1329 824 1491 886 parta
1507 819 1795 870 maioribus

192 895 499 948 malueram.
574 893 637 948 Si
676 898 999 948 cunctatione
1034 895 1249 962 deliqui,
1289 897 1482 946 virtute
1515 894 1792 960 cor-riqam.

203 969 385 1024 Vestra
410 973 616 1038 quidem
642 973 723 1024 vis
746 977 796 1022 et
812 971 985 1038 yloria
1004 972 1064 1022 in
1080 972 1281 1038 intem-o
1299 977 1391 1030 est,
1413 971 1598 1022 addita
1620 970 1795 1020 mode-

194 1049 327 1098 stiae
361 1049 533 1114 sama:
582 1061 715 1114 quae
750 1061 912 1114 neque
939 1048 1154 1098 summis
1177 1045 1476 1098 mortalium
1505 1046 1794 1110 spernenda

195 1128 285 1182 est,
316 1128 365 1173 et
389 1138 425 1174 a
452 1123 555 1174 diis
574 1123 895 1174 aestimatur.
970 1117 1146 1174 Simul
1165 1117 1460 1186 diademate
1477 1125 1638 1188 caput
1655 1117 1797 1170 Tiri-

193 1193 331 1248 datis
350 1195 580 1264 evinxit3
603 1202 902 1266 promptam
924 1193 1168 1266 equitum
1187 1209 1430 1260 manum,
1454 1210 1594 1265 quae
1613 1208 1792 1266 regem

195 1287 263 1326 ex
282 1286 429 1325 more
446 1277 694 1335 sectatur,
717 1269 940 1335 Monesi,
964 1268 1132 1324 nobili
1151 1269 1287 1334 viro,
1311 1268 1544 1334 tradidit,
1577 1267 1794 1322 adiectis

198 1344 588 1402 Adiabenorum
610 1345 857 1401 auxiliis:
900 1343 1301 1416 mandavitque,
1319 1344 1585 1419 Tigranen
1603 1342 1796 1398 Arme-

196 1422 285 1476 nia
322 1421 612 1485 exturbari,
654 1420 784 1474 dum
825 1421 960 1493 ipse,
1000 1417 1190 1492 positis
1228 1418 1484 1473 adversus
1523 1418 1796 1491 Hyrcanos

194 1496 498 1562 discordiis,
530 1496 673 1551 vires
691 1495 909 1565 intimas
944 1493 1255 1566 molemque
1277 1491 1403 1548 belli
1433 1494 1553 1559 ciet,
1577 1493 1797 1565 provin-

195 1572 295 1627 ciis
314 1572 569 1629 Romanis
588 1570 861 1626 minitans.
1519 1564 1528 1577 '

306 1652 357 1703 3.
400 1644 549 1712 Quae
579 1643 989 1700 ubi-Corbuloni
1026 1644 1188 1699 oei-tis
1215 1643 1421 1699 nuntiis
1449 1642 1627 1698 audita
1646 1650 1792 1709 sunt,

198 1723 432 1797 legiones
470 1721 606 1775 duas
644 1736 770 1774 cum
798 1718 1066 1775 Verulano
1091 1717 1289 1775 Severo
1325 1726 1377 1773 et
1405 1718 1574 1775 Vettio
1601 1718 1796 1775 Bolano

196 1796 504 1853 subsidium
534 1796 749 1869 Tigrani
780 1796 959 1860 mittit,
990 1794 1195 1850 occulto
1219 1802 1514 1867 praecepto,
1545 1800 1796 1863 composi-

198 1879 303 1927 tius
321 1881 524 1934 cuncta,
547 1888 704 1941 quam
721 1875 1070 1941 festinantius,
1091 1878 1318 1940 agerent.
1358 1868 1570 1941 Quippe
1591 1868 1795 1925 bellum

197 1946 412 2012 habere,
435 1963 599 2019 quam
618 1962 819 2020 gerere,
842 1944 1089 2001 malebat.
1138 1944 1539 2018 scripseratque
1558 1944 1790 2019 Caesari,

192 2026 411 2092 proprio
436 2026 565 2077 duce
592 2038 720 2090 opus
744 2038 866 2085 esse,
896 2024 987 2091 qui
1013 2022 1313 2076 Armeniam
1337 2024 1654 2093 defenderet:
1691 2019 1795 2087 Sy-

194 2103 351 2164 riam,
398 2103 668 2167 inqruente
712 2097 965 2164 Voloqese,
1004 2100 1214 2152 acriore
1249 2101 1307 2150 in
1333 2099 1634 2151 discrimine
1669 2111 1791 2149 esse.

194 2174 371 2246 Atque
400 2173 612 2227 interim
641 2171 877 2244 reliquas
906 2170 1138 2243 legiones
1158 2188 1256 2243 pro
1274 2171 1389 2242 ripa
1407 2168 1697 2241 Euphratis
1717 2167 1797 2222 lo-

196 2257 305 2304 cat:
348 2248 753 2305 tumultuariam
780 2246 1191 2319 provincialium
1218 2262 1437 2301 manum
1460 2252 1654 2299 armat:
1698 2243 1796 2297 ho-

196 2324 346 2379 stiles
366 2327 384 2379 i
488 2340 643 2378 essus
663 2322 944 2395 praesidiis
962 2321 1248 2393 intercipit.
1269 2335 1276 2343 ·

310 2402 359 2455 4.
448 2409 487 2463 t,
510 2400 637 2471 quia
658 2416 824 2471 egena
845 2414 1109 2469 aquarum
1130 2397 1276 2471 regio
1295 2403 1392 2461 est,
1405 2393 1615 2450 castella
1637 2393 1796 2466 fonti—

196 2476 301 2529 bus
326 2476 584 2545 ·inposita:
626 2473 887 2545 quosdam
917 2472 1064 2529 rivos
1092 2479 1344 2546 congestu
1363 2487 1552 2525 arenae
1569 2468 1790 2526 abdidit.

195 2550 275 2605 Ea
293 2548 425 2604 dum
454 2568 484 2603 a
504 2548 803 2605 Corbulone
829 2547 1056 2603 tuendae
1077 2546 1262 2621 Syriae
1278 2553 1551 2619 parantur,
1580 2553 1694 2601 acto
1709 2562 1796 2601 ra-

196 2626 335 2697 ptim
355 2625 569 2699 agmine
586 2624 858 2689 MoneseS„
878 2629 939 2677 ut
958 2621 1156 2679 famam
1175 2622 1264 2676 sui
1283 2620 1528 2693 praeiret,
1553 2640 1656 2677 non
1677 2621 1796 2678 ideo

198 2702 439 2755 nescium
470 2708 561 2755 aut
588 2701 864 2755 incautum
886 2699 1150 2773 Tigranen
1178 2696 1413 2755 offendit.
1489 2696 1797 2770 Occupave-

197 2783 281 2832 rat
298 2776 684 2851 Tigranocerta,
708 2775 897 2831 urbem
918 2776 1070 2849 copia
1091 2772 1430 2831 defensorum
1452 2782 1504 2829 et
1527 2770 1797 2849 magnitu-
