2081 3038
252 255 354 310 240
815 257 1291 306 ANNALIUM
1577 247 1647 322 (A.
1678 255 1854 304 mm.

252 358 724 432 principis,omnis
741 357 916 415 divini
934 359 1271 431 humanique
1286 357 1423 413 iuris
1444 357 1639 422 sciens,
1652 357 1861 432 integro

253 442 414 499 statu,
432 451 654 506 corpore
673 434 893 501 inlaeso,
916 433 1181 490 moriendi
1197 432 1484 490 consilium
1502 431 1660 505 cepit.
1701 429 1861 498 Quod

238 518 315 566 ·ut
343 509 555 566 Tiberio
582 509 876 584 cognitum,
908 509 1169 576 adsidere,
1203 525 1422 564 caussas
1450 507 1741 580 requirere,
1766 507 1862 562 ad-

251 585 380 642 dere
395 600 600 657 preces,
623 585 775 641 fateri
790 593 1078 658 postremo,
1116 603 1280 654 yrave
1299 587 1657 646 conscientiae,
1698 593 1863 652 yrave

251 667 426 731 famae
448 677 592 725 mae,
617 665 667 716 ai
679 665 960 730 proximus
981 665 1288 724 amicorum,
1310 661 1473 714 nullia
1490 659 1746 714 moriendi
1766 675 1861 712 ra-

253 739 504 800 tionibueff
525 740 688 791 vitam
713 741 932 806 sugeret.
1010 735 1303 792 Aversatus
1334 749 1636 791 sermonem
1658 733 1856 799 Nerva,

253 810 630 868 abstinentiam
656 811 764 867 eibi
783 810 1081 869 coniunxit.
1160 809 1421 865 Ferebant
1444 809 1599 884 gnari
1619 805 1863 884 cogitati-

249 903 422 944 onum
441 887 580 953 eius,
599 889 802 958 quanto
819 885 1045 958 propius
1064 883 1206 940 mala
1224 883 1456 957 reipubl.
1481 885 1695 950 viseret,
1710 885 1790 939 ira
1810 891 1863 938 et

251 969 423 1028 metu,
455 960 588 1017 dum
615 962 838 1035 integer,
877 960 1013 1018 dum
1040 961 1350 1027 intentatus,
1389 959 1674 1016 honestum
1694 958 1860 1014 finem

252 1036 510 1096 voluisse.
589 1035 837 1092 Ceterum
874 1036 1201 1110 Agrippinae
1237 1036 1502 1108 pernicies
1516 1077 1531 1102 ,
1581 1035 1728 1108 quod
1764 1034 1862 1091 vix

253 1111 528 1176 credibile,
559 1110 866 1166 Plancinam
897 1113 1075 1167 traxit.
1155 1112 1333 1184 Nupta
1358 1109 1491 1167 olim
1524 1109 1624 1166 Cn.
1652 1109 1857 1176 Pisoni,

251 1195 308 1244 et
321 1186 501 1260 palam
521 1184 654 1242 laeta
673 1197 842 1243 morte
861 1186 1188 1253 Germanici,
1202 1203 1327 1242 eum
1347 1185 1471 1243 Piso
1490 1185 1715 1252 caderet,
1735 1201 1862 1258 pre-

253 1262 412 1318 cibus
435 1262 730 1337 Augustae,
763 1279 865 1317 nec
887 1264 1071 1318 minus
1100 1262 1401 1318 inimicitiis
1421 1261 1749 1336 Agrippinae
1766 1261 1862 1316 de-

253 1337 410 1394 fensa.
433 1345 573 1394 erat:
614 1345 676 1394 ut
699 1336 887 1394 odium
916 1347 968 1393 et
983 1339 1153 1412 gratia
1170 1337 1395 1403 desiere,
1420 1339 1507 1394 lus
1526 1337 1722 1406 valuit;
1764 1353 1862 1409 pe-

253 1415 458 1487 titaque
475 1413 800 1470 criminibus
817 1413 964 1470 baud
983 1414 1200 1488 ignotiS,
1223 1429 1322 1470 sua
1342 1431 1526 1479 manu,
1548 1429 1665 1468 sera
1684 1413 1861 1488 magis

255 1506 423 1565 quam
441 1489 708 1557 inmerita,
736 1487 1001 1563 supplicia
1018 1488 1293 1563 persolvit.

364 1568 452 1630 27.
493 1566 592 1639 Tot
609 1563 844 1622 luctibus
862 1565 1073 1622 funesta
1092 1566 1322 1633 civitate,
1352 1582 1476 1638 pars
1496 1564 1749 1623 maeroris
1773 1562 1863 1619 fu-

253 1641 316 1707 it,
338 1640 487 1715 quod
512 1640 667 1707 Iulia,
700 1642 861 1697 Drusi
889 1638 1018 1707 filia,
1048 1640 1321 1714 quondam
1342 1640 1567 1697 Nemnis
1588 1656 1742 1705 uxor,
1765 1638 1864 1693 de·-

257 1717 444 1788 nupsit
459 1715 520 1773 in
547 1716 771 1773 domum
787 1715 1024 1773 Rubellii
1042 1716 1251 1783 Blandi,
1283 1717 1441 1773 cuius
1458 1733 1643 1782 avum,
1666 1714 1865 1771 Tibur-

257 1800 384 1857 tem,
415 1793 653 1865 equitem
678 1793 1001 1860 Romanum,
1030 1791 1279 1867 plerique
1301 1793 1673 1848 meminerant.
1750 1790 1865 1847 Ex-

257 1876 426 1935 tremo
449 1868 582 1924 anni
607 1886 752 1927 mors
769 1868 908 1926 Aelii
927 1868 1145 1925 Lamiae
1163 1866 1351 1924 funere
1370 1867 1611 1923 censorio
1630 1864 1865 1924 celebra-

258 1951 329 2008 ta,
353 1943 472 2015 qui,
495 1942 996 2001 adminisnandues
1080 1961 1141 2001 ae
1157 1944 1396 2019 imagine
1415 1941 1629 1999 tandem
1648 1942 1866 2002 exsolu-

257 2026 376 2083 tus,
420 2018 547 2075 urbi
583 2018 900 2092 praefuerat.
1060 2036 1167 2077 nus
1210 2018 1293 2075 illi
1334 2018 1619 2087 decorum3
1680 2016 1865 2075 vivida

258 2101 534 2164 senectus3
575 2104 629 2150 et
656 2113 762 2154 non
791 2096 1053 2167 permissa
1081 2094 1373 2169 provincia,
1387 2090 1749 2169 dignationem
1768 2092 1867 2149 ad-

257 2168 481 2225 diderat.
558 2169 703 2225 Exin
719 2212 734 2235 ,
769 2171 958 2227 Flacco
982 2162 1275 2245 Ροωροῃίο
1306 2168 1494 2246 Syriae
1530 2176 1866 2243 propraetore

257 2242 526 2309 defuneto,
569 2243 858 2299 recitantur
885 2245 1127 2301 Caesaris
1152 2246 1373 2313 litterae,
1416 2246 1543 2321 quis
1562 2242 1862 2310 incusabat,

259 2322 520 2389 ‹29er
545 2336 798 2390 quemque
823 2329 873 2375 et
900 2326 1138 2391 reyendia
1162 2324 1480 2378 exercitibus
1504 2325 1743 2378 idoneum
1770 2322 1869 2375 ab-

257 2410 419 2449 nuere
443 2398 505 2449 id
525 2409 744 2460 mama.-
780 2412 934 2465 aeque
959 2414 1022 2451 ea
1050 2401 1425 2453 necessitudine
1443 2400 1515 2453 ad
1527 2412 1712 2467 preces
1732 2400 1865 2465 coyi,
1954 2428 1959 2432 -

254 2486 354 2537 per
371 2486 506 2539 quaa
523 2473 878 2528 emaculat-ium
894 2474 1066 2541 aliqui
1086 2488 1351 2542 capessere
1363 2474 1668 2541 provincias
1686 2474 1868 2541 adige-

261 2553 484 2600 remurt'
508 2543 713 2601 oblitus
738 2543 1079 2612 Arruntium,
1102 2562 1170 2602 ne
1188 2539 1253 2602 in'
1267 2547 1582 2618 Hispaniam
1601 2554 1865 2620 pergeret,

259 2616 536 2675 decimum
561 2620 670 2689 iam
699 2637 906 2677 annum
933 2621 1177 2678 adtineri.
1256 2620 1404 2677 Obiit
1433 2622 1619 2677 eodem
1646 2637 1787 2677 anno
1818 2628 1873 2675 et

261 2690 336 2746 M.
360 2690 617 2762 Lepidus,
659 2694 726 2751 de
763 2697 922 2752 cuius
950 2696 1309 2752 moderatione
1336 2703 1497 2767 atque
1524 2696 1784 2767 sapientia
1809 2696 1872 2750 in

259 2764 532 2839 prioribus
560 2766 714 2825 libris
740 2773 872 2831 satis
899 2769 1189 2831 conlocavi.
1267 2768 1459 2844 Neque
1476 2766 1727 2830 nobilitas
1746 2766 1873 2829 diu-

1821 2872 1941 2965 ..4
