2081 3038
255 215 354 269 29t
667 220 721 267 c,
765 218 1143 267 coRuELn
1178 218 1451 265 TAOITx
1587 207 1861 284 (numan)

253 320 486 375 diductis
515 319 816 386 ordinibuS,
845 336 1179 393 quamquam
1209 322 1496 390 porrectior
1516 319 1659 374 aeiee
1680 318 1859 373 futura

253 403 388 457 erat,
438 403 488 448 et
535 396 876 451 arcessendas
924 394 1170 468 plerique
1208 395 1441 468 legiones
1480 395 1857 459 admonebant,

251 470 543 541 promptior
571 472 630 525 in
659 489 832 542 spem,
872 480 924 525 et
953 470 1144 525 firmus
1170 470 1431 536 adversae,
1472 470 1699 525 dimisso
1718 486 1860 542 equo

255 544 414 615 pedes
435 554 555 600 ante
577 546 771 601 vexilla
791 547 1047 601 constitit.

365 624 449 676 36.
492 620 570 675 Ae
604 622 780 692 primo
819 638 1109 694 congressu
1134 621 1349 675 eminus
1380 619 1693 675 certabatur.
1774 618 1863 673 Si-

255 695 369 751 mul
388 698 698 761 constantia,
731 696 895 751 simul
918 704 1027 751 arte
1047 696 1305 760 Britanni,
1334 696 1645 768 ingentibus
1658 694 1861 766 gladiis

253 780 305 825 et
319 772 576 827 brevibus
604 772 780 837 oetris,
813 771 1038 825 missilia
1060 779 1363 825 nostrorum
1382 772 1567 832 vitare,
1588 768 1678 824 vel
1695 786 1862 824 exeu-

255 854 384 912 tere,
421 856 581 919 atque
617 847 722 916 ipsi
763 864 1012 915 magnam
1044 847 1155 901 vim
1182 845 1410 901 telorum
1438 843 1857 915 superfundere:

253 922 422 977 donec
439 920 684 994 Agricola
706 929 812 975 tres
832 922 1147 976 Batavorum
1174 920 1415 975 cohortes
1435 938 1496 973 ao
1517 920 1861 991 Tungrorum

209 1004 216 1013 ‘
253 996 389 1051 duas
419 997 719 1051 cohortatus
748 1005 846 1062 est,
869 1004 929 1050 ut
947 1013 1061 1050 rem
1080 996 1147 1050 ad
1167 1012 1449 1050 mucrones
1468 1011 1529 1049 ao
1548 1011 1747 1049 manus
1766 994 1863 1049 ad-

253 1072 534 1127 ducerent:
577 1070 721 1142 quod
751 1080 802 1125 et
831 1071 986 1141 ipsi‘S,
1034 1076 1292 1125 vetustate
1324 1068 1565 1134 militiae,
1600 1071 1864 1125 exercita-

257 1156 391 1211 tum,
421 1153 472 1201 et
496 1143 744 1199 hostibus
771 1144 1027 1209 inhabile,
1051 1162 1217 1215 parva
1240 1153 1393 1201 scuta
1410 1153 1461 1200 et
1480 1162 1725 1200 enormes
1740 1144 1865 1218 gla-

253 1221 368 1274 dios
396 1220 726 1293 gerentibuS.
806 1220 942 1273 Nam
972 1220 1347 1275 Britannorum
1380 1220 1544 1293 gladii
1578 1220 1701 1275 eine
1735 1236 1865 1274 mu-

253 1311 410 1349 crone
448 1294 788 1366 complexum
827 1312 1101 1349 armorum
1141 1303 1191 1350 et
1228 1296 1285 1350 in
1320 1304 1433 1351 arte
1474 1312 1713 1369 pugnam
1750 1312 1861 1350 non

255 1369 562 1425 tolerabant.
642 1370 829 1443 Igitur,
850 1377 912 1425 ut
927 1370 1111 1425 Batavi
1132 1372 1357 1425 miseere
1374 1372 1531 1437 ieme,
1558 1370 1713 1425 ferire
1735 1388 1863 1425 um-

253 1446 506 1513 bonibus»,
520 1464 610 1501 ora
631 1445 858 1512 foedare,
871 1454 924 1501 et
941 1447 1122 1501 stratis
1144 1446 1239 1517 qui
1260 1448 1315 1501 in
1338 1463 1509 1517 aequo
1526 1446 1859 1510 obstiterant,

251 1524 458 1596 erigere
475 1514 534 1577 in
551 1521 712 1578 colles
733 1522 902 1578 aciem
921 1539 1160 1594 coepere,
1175 1529 1375 1576 oeterae
1392 1521 1647 1584 cohor-tae,
1670 1539 1865 1576 aemu-

253 1597 448 1653 latione
486 1606 537 1652 et
567 1599 751 1669 inpetu
783 1599 1117 1662 commistae,
1158 1597 1431 1668 proximos
1457 1613 1705 1668 quosque
1740 1615 1860 1652 oae-

253 1672 395 1726 dere.
476 1671 553 1727 Ac
572 1673 818 1745 plerique
837 1675 1152 1737 semineOeS,
1180 1679 1272 1726 aut
1292 1672 1504 1744 integri,
1526 1670 1863 1728 festinatione

258 1748 525 1813 victoriae,
569 1748 1030 1820 relinquebantur.
1109 1747 1327 1801 Interim
1367 1747 1612 1818 equiturn
1652 1754 1863 1802 turmae

253 1823 458 1896 fugere,
499 1825 756 1880 oovinarii
796 1823 1035 1894 peditum
1070 1838 1133 1876 se
1169 1821 1372 1892 proelio
1409 1822 1693 1876 miscuere.
1774 1823 1858 1888 Et,

253 1915 587 1972 quamquam
609 1906 870 1953 recentem
893 1905 1146 1952 terrorem
1167 1896 1474 1961 intulerant,
1487 1897 1862 1952 densistamen

252 1973 492 2030 hostium
533 1973 843 2048 agminibus
881 1979 932 2026 et
972 1971 1348 2043 inaequalibus
1386 1970 1515 2027 locis
1540 1971 1859 2027 haerebant:

253 2050 588 2120 minimeque
609 2049 872 2120 equestris
893 2064 953 2101 ea
975 2064 1191 2120 pugnae
1216 2046 1376 2101 facies
1401 2055 1530 2112 erat,
1552 2064 1679 2101 cum
1706 2064 1865 2120 aegre

252 2125 349 2180 diu
378 2132 598 2188 stanteS,
631 2121 794 2178 simul
827 2139 1091 2194 equorum
1118 2123 1429 2194 corporibus
1456 2121 1861 2192 inpellet-entur,

253 2218 315 2254 ac
343 2216 503 2271 saepe
530 2199 654 2271 vagi
675 2216 887 2262 curruS,
921 2198 1155 2252 exterriti
1178 2199 1296 2253 sine
1314 2197 1609 2252 rectoribus
1625 2198 1781 2268 equi,
1806 2205 1867 2252 ut

254 2292 528 2347 quemque
548 2273 774 2329 formido
793 2274 1345 2339 tulerat,transversos
1364 2281 1456 2327 aut
1472 2272 1657 2328 obvios
1677 2273 1868 2327 ineur-

253 2351 458 2403 sabant.

365 2425 447 2476 37.
491 2425 557 2476 Et
584 2423 843 2488 Britanni,
886 2423 983 2494 qui
1010 2423 1187 2477 adhue
1205 2439 1419 2495 pugnae
1444 2431 1687 2492 expertes
1708 2439 1867 2476 surn-

251 2513 340 2548 ma
369 2495 589 2552 collium
621 2498 942 2562 insederant,
973 2504 1024 2551 et
1039 2497 1361 2568 paucitatem
1382 2505 1682 2552 nostrorum
1705 2498 1866 2552 vacui

250 2569 592 2636 spernebant,
619 2571 836 2644 degredi
865 2572 1165 2643 paullatim,
1196 2579 1247 2626 et
1266 2566 1551 2626 circumire
1569 2579 1717 2643 terga
1740 2573 1868 2626 vin-

251 2643 488 2696 centium
533 2655 839 2716 coeperant:
911 2648 968 2701 ni
1009 2645 1067 2700 id
1108 2646 1293 2716 ipsum
1344 2647 1547 2700 veritus
1586 2645 1860 2718 Agrioola,

257 2721 478 2768 “uatuor
507 2719 754 2788 equitum
783 2719 912 2786 alas,
935 2720 1002 2774 ad
1022 2719 1200 2776 subita
1218 2719 1349 2776 belli
1364 2727 1615 2782 retentae.
1639 2721 1866 2774 venien·-
