2081 3038
206 256 327 313 μα.
356 238 451 314 το.)
596 246 771 295 ·Ι.ιΒ.
812 235 909 295 1v'.
954 248 1136 296 CAP.
1181 248 1266 296 aa.
1310 249 1391 295 34.
1711 232 1796 296 [9⁴

206 358 362 407 tatur.
442 349 747 407 Vasconum
768 347 931 405 lectae
952 368 981 405 a
1006 350 1175 406 Galba
1196 351 1433 406 cohortes
1453 367 1514 406 ac
1533 358 1647 405 tum
1669 352 1810 407 acci-

207 434 305 499 tae,
329 426 458 483 dum
481 429 669 481 castris
689 427 1073 498 propinquant,
1107 426 1288 481 audito
1307 426 1677 497 proeliantium
1701 426 1811 481 cla-

210 519 371 568 more,
413 504 641 557 intentos
680 501 858 557 hostes
886 519 916 555 a
944 510 1090 575 tergo
1117 501 1397 566 invadunt,
1439 502 1806 575 latioremque,

208 596 369 651 quam
400 595 497 649 pro
522 594 767 642 numero,
810 586 1063 632 terrorem
1091 576 1318 634 faciunt:
1361 576 1482 631 aliis
1509 596 1537 631 a
1559 578 1806 643 Novesio,

99 710 109 721 ,
206 654 329 709 aliis
348 670 379 708 a
405 652 753 726 Magontiaco,
788 654 1072 707 universas
1091 653 1270 724 copias
1291 652 1574 707 advenisse
1593 653 1814 707 creden-

211 729 371 783 tibus·
451 729 503 783 Is
522 746 668 783 error
687 728 943 783 Romanis
960 728 1106 783 addit
1125 718 1352 792 animos,
1377 738 1446 793 et,
1467 727 1601 781 dum
1623 726 1812 781 alienis

210 804 416 859 viribus
440 803 731 869 confidunt,
754 821 881 857 suas
904 820 1166 875 recepere.
1208 804 1556 859 Fortissimus
1577 804 1813 876 quisque

208 896 237 932 e
264 872 492 943 BataviS,
518 887 792 951 quantum
823 878 1065 950 peditum
1095 886 1232 945 erat,
1267 878 1594 934 funduntur:
1646 895 1812 950 eques

208 956 375 1009 evasit
403 972 528 1009 cum
556 955 729 1027 signis
748 956 1106 1027 captivisque,
1151 973 1288 1027 quos
1309 957 1482 1027 prima
1504 956 1616 1009 acie
1637 954 1816 1008 conri-

210 1037 449 1101 puerant.
530 1029 819 1085 Caesorum
848 1046 909 1085 eo
928 1030 1035 1095 die,
1059 1031 1116 1085 in
1141 1032 1383 1102 partibus
1406 1032 1618 1097 nostriS‚
1645 1031 1813 1084 maior

208 1122 465 1161 numerus
485 1113 535 1160 et
554 1105 827 1173 inbellior3
868 1122 899 1159 e
916 1106 1202 1161 Germanis
1220 1108 1336 1178 ipsa
1357 1108 1562 1162 robora.

316 1185 399 1237 34.
444 1182 563 1237 Dux
581 1190 826 1252 uterque,
860 1182 974 1252 pari
999 1182 1156 1253 culpa
1177 1184 1402 1237 meritus
1422 1184 1663 1247 adversa,
1688 1198 1811 1253 pro·-

205 1257 377 1328 speris
404 1256 638 1314 defuere.
718 1258 855 1311 Nam
884 1256 1096 1322 Civilis,
1129 1257 1177 1313 si
1206 1258 1500 1313 maioribus
1529 1258 1698 1329 copiis
1727 1258 1815 1312 in-

205 1334 489 1389 struxisset
508 1334 693 1394 aciem,
713 1331 987 1385 circumiri
1009 1348 1039 1384 a
1059 1340 1165 1384 tam
1187 1334 1374 1401 paucis
1394 1334 1697 1387 cohortibus
1719 1349 1814 1386 ne-

206 1409 432 1479 quisset,
476 1415 757 1476 castraque
794 1413 1047 1476 perrupta
1086 1406 1416 1461 exscidisset.
1496 1406 1694 1461 Vocula
1717 1423 1814 1460 nec

204 1482 494 1538 adventum
535 1480 773 1537 hostium
802 1479 1124 1550 exploravit,
1168 1497 1337 1552 eoque
1370 1480 1533 1536 simul
1565 1496 1814 1554 egressus

208 1560 508 1628 victusque.
588 1556 721 1610 Dein
755 1556 1003 1610 victoriae
1027 1571 1220 1626 parum
1251 1556 1505 1620 confisuS,
1537 1558 1672 1611 tritis
1702 1555 1816 1610 fru-

208 1641 317 1688 stra
354 1632 565 1696 diebus,
612 1640 781 1690 castra
819 1632 877 1686 in
907 1631 1114 1686 hostem
1137 1633 1332 1687 movit:
1375 1649 1537 1704 quem
1566 1634 1612 1686 si
1633 1633 1811 1687 statim

207 1707 483 1779 inpellere,
514 1723 847 1779 cursumque
866 1724 1050 1762 rerum
1071 1709 1227 1780 sequi
1250 1717 1582 1771 maturasset,
1609 1707 1814 1763 solvere

205 1783 479 1840 obsidium
515 1781 787 1856 legionum
810 1783 993 1838 eodem
1022 1785 1205 1855 inpetu
1235 1785 1424 1855 potuit.
1504 1784 1816 1838 Tentaverat

208 1859 424 1916 interim
452 1857 643 1916 Civilis
663 1859 1003 1914 obsessorum
1030 1861 1258 1924 animos,
1283 1867 1557 1930 tamquam
1579 1859 1814 1930 perditae

204 1934 351 2007 apud
380 1935 643 1990 Romanos
673 1951 778 1999 res,
812 1942 864 1990 et
890 1935 1007 1990 suis
1026 1936 1243 1990 victoria
1265 1934 1616 2006 provenisset.
1696 1934 1814 1988 Cir-

204 2007 637 2067 cumferebantur
656 2011 815 2084 signa
832 2009 1164 2082 vexillaque:
1201 2011 1443 2076 ostentati
1467 2011 1624 2064 etiam
1647 2011 1815 2080 capti-

206 2088 281 2145 vi.
359 2087 444 2142 Ex
474 2086 677 2158 quibus
707 2104 871 2150 unus,
914 2087 1190 2158 egregium
1211 2085 1419 2141 facinus
1439 2103 1626 2151 εοεαε,
1672 2084 1812 2139 clara

204 2179 335 2222 voce
352 2172 500 2236 gesta
521 2161 781 2234 patefecit,
803 2161 1080 2216 confossus
1103 2160 1244 2216 illico
1263 2179 1294 2216 a
1315 2161 1619 2218 Germanis.
1663 2159 1814 2214 Unde

202 2241 377 2294 maior
398 2237 560 2294 indici
588 2237 739 2293 fides,
818 2235 992 2291 Simul
1014 2237 1304 2294 vastatione
1322 2237 1696 2309 incendiisque
1720 2234 1814 2290 fla-

200 2316 477 2389 grantium
497 2313 769 2378 villarum,
796 2315 984 2367 venire
1004 2313 1255 2368 victorem
1278 2317 1591 2378 exercitum,
1615 2311 1816 2367 intelli-
1898 2331 1900 2333 >

200 2391 446 2464 gebatur.
528 2390 593 2444 In
620 2397 889 2456 conspectu
921 2397 1214 2444 castrorum
1243 2394 1490 2444 constitui
1515 2394 1683 2458 siqua,
1705 2394 1814 2457 sos-

199 2483 415 2534 samqus
444 2473 492 2518 et
518 2467 715 2520 vallum
750 2468 1071 2520 circumdari
1104 2463 1303 2520 Vocula
1342 2464 1520 2519 iubet:
1571 2468 1815 2532 depos-itis

204 2543 565 2608 inpedimentis
591 2543 934 2608 sarcinisque,
974 2545 1207 2607 expediti
1237 2549 1512 2595 certarent.
1591 2541 1728 2594 Hinc
1755 2539 1813 2593 in

199 2615 399 2670 ducem
418 2614 615 2671 clamor
634 2632 872 2689 pugnam
900 2616 1255 2686 poscentium.
1315 2615 1386 2669 Et
1404 2615 1598 2670 minari
1620 2616 1813 2670 adsue-

198 2699 409 2748 verant.
489 2691 599 2746 Nec
634 2700 871 2763 tempore
908 2691 1131 2764 quidem
1169 2689 1237 2746 ad
1263 2689 1614 2747 ordinandam
1642 2694 1810 2747 aciem

200 2776 376 2839 capto,
400 2766 735 2838 incompositi
754 2765 991 2844 fessique
1008 2767 1275 2842 proelium
1293 2783 1595 2842 sumpsere.
1671 2768 1808 2826 Nam
