2081 3038
238 254 350 294 mc.
376 236 472 310 71.)
649 244 813 289 1⁴13.
852 243 920 291 V.
958 244 1140 291 CAP.
1178 244 1262 291 20.
1303 244 1386 290 21.
1722 239 1814 296 24⁴

236 345 507 401 invaserit:
549 343 812 398 decimam
843 343 1110 418 legionem
1138 343 1379 410 Arenaci.
1414 345 1705 406 secundam
1725 345 1825 400 Ba-

237 419 488 486 tavoduri,
513 427 564 473 et
581 419 1163 490 Grinnesvadamque,
1192 419 1493 474 cohortium
1511 419 1825 494 alarumque

237 502 422 562 castra3
465 495 538 548 ita
565 493 758 552 divisis
787 495 974 566 copiiS,
1010 503 1069 548 ut
1094 494 1209 564 ipse
1228 500 1279 548 et
1297 494 1488 559 Vei-ax,
1513 513 1689 550 sorore
1708 498 1825 551 eius

234 571 460 644 genitus,
489 567 867 642 Classicusque
895 587 956 624 ac
984 567 1145 624 Tutor
1174 586 1329 624 suam
1349 569 1583 640 quisque
1604 587 1825 626 manum

236 645 516 700 traherent:
559 661 659 700 nec
683 645 864 700 omnia
893 645 1137 716 patrandi
1168 643 1393 712 saltuem
1430 643 1527 698 sed
1544 648 1707 698 nmltu
1726 663 1827 700 au-

233 725 301 774 sis
338 723 522 789 aliqua
557 723 614 774 in
643 729 798 788 parto
818 723 1089 790 fortunam
1110 723 1311 788 adfore
1383 717 1554 774 Simul
1577 718 1829 774 Cerialem

235 812 388 864 nequo
405 797 536 848 satis
556 803 782 860 cautum,
801 804 848 850 et
863 798 1108 864 pluribus¹
1126 798 1323 856 nuituis
1341 797 1441 848 huc
1459 795 1587 849 illuc
1608 811 1829 849 cursan—

235 880 344 934 tem,
375 886 524 938 posse
548 873 714 924 modio
743 875 997 938 intercipi.
1077 867 1291 936 Quibus
1315 868 1639 934 obvenerant
1659 877 1829 924 castra

233 945 670 1009 decumanorum,
705 946 1159 1018 oppugnationem
1197 943 1423 1018 legionis
1456 944 1678 1008 arduam
1704 945 1824 1010 rati,

233 1036 505 1094 egressum
527 1018 773 1086 militem,
786 1028 837 1076 et
856 1011 1139 1088 caedendis
1156 1020 1701 1092 materiisoperatum,
1715 1029 1830 1075 tur-

231 1095 438 1162 bavere,
459 1095 632 1152 occiso
649 1094 911 1167 praesecto
929 1104 1225 1156 castrorum
1246 1105 1296 1151 et
1312 1098 1559 1168 quinque
1574 1097 1827 1168 primori-
1861 1115 1868 1117 ·

230 1171 331 1226 bus
349 1172 722 1238 centurionum
747 1171 1047 1244 paucisque
1070 1171 1353 1242 militibus,
1434 1171 1606 1231 Ceteri
1625 1189 1684 1226 se
1704 1189 1828 1226 mu—

229 1247 482 1302 nimentis
518 1244 818 1302 defendere.
895 1247 966 1302 Et·
985 1249 1201 1303 interim
1222 1247 1609 1312 Germanorum
1632 1263 1826 1302 manus

228 1320 544 1377 Batavoduri
565 1338 814 1392 rumpere
833 1321 1140 1376 inchoatum
1160 1329 1372 1392 pontem
1393 1321 1714 1378 nitebantur.

271 1459 274 1464 ,
337 1398 424 1452 21.
465 1392 799 1466 Ambiguum
825 1394 1090 1466 proelium
1122 1412 1229 1449 nox
1253 1395 1501 1460 diremit„
1566 1395 1693 1450 Plus
1717 1395 1831 1450 dis·-

186 1524 189 1527 .
231 1469 474 1525 criminis
509 1470 654 1542 apud
689 1469 921 1527 Grinnes
958 1469 1290 1541 Vadamque.
1369 1469 1572 1525 Vadam
1617 1469 1825 1536 Civilis,

231 1544 463 1605 Grinnes
491 1543 784 1610 Classicus,
811 1544 1213 1619 oppugnabant.
1290 1544 1399 1599 Nec
1424 1544 1544 1602 sisti
1570 1554 1825 1617 poterant,

228 1618 502 1675 interfecto
546 1618 836 1675 fortissimo
885 1638 1131 1693 quoque:
1200 1618 1258 1675 in
1304 1620 1433 1691 quis
1468 1620 1826 1694 BriganticuS‚

230 1692 526 1767 praefectus
546 1692 676 1761 alae,
700 1695 978 1765 ceciderat;
1022 1712 1187 1769 quem
1208 1693 1377 1749 fidum
1397 1695 1650 1751 Romanis
1670 1706 1720 1751 et
1740 1696 1831 1752 Ci-

233 1770 327 1827 vili
347 1768 612 1827 avunculo
629 1763 902 1829 infensum
920 1770 1181 1827 diximus.
1222 1768 1327 1825 Sed
1346 1770 1441 1825 ubi
1462 1770 1683 1827 Cerialis
1706 1789 1830 1825 eum

226 1845 430 1901 delecta
450 1844 695 1917 equitum
716 1863 882 1902 manu
901 1847 1175 1913 subvenit,
1197 1864 1349 1903 versa
1372 1844 1603 1912 fortuna,
1625 1847 1831 1918 praeci-

224 1920 366 1994 pites
387 1920 642 1977 Germani
659 1921 717 1976 in
735 1938 948 1977 amnem
970 1931 1226 1995 aguntur.-
1302 1918 1517 1987 civilis,
1534 1920 1668 1977 dum
1688 1919 1831 1994 fugi-

225 2003 376 2051 entes
407 2003 646 2061 retentat,
685 1997 899 2071 agnitus
931 1999 1239 2069 petitusque
1266 1996 1411 2063 telis,
1446 1996 1630 2055 relicto
1666 2013 1825 2068 eque,

223 2072 526 2127 tranatavit.
607 2071 755 2145 Idem.
773 2072 988 2131 Veraeis
1009 2072 1287 2147 effugium.
1361 2072 1609 2131 Tutorem
1632 2070 1831 2132 massi-„-

222 2164 464 2219 cumque
479 2146 734 2219 adpulsae
752 2146 938 2203 lintres
958 2165 1169 2205 vexere.
1248 2143 1328 2204 Ne
1350 2156 1465 2206 tum
1484 2148 1707 2219 quidem
1724 2146 1831 2201 Ro-

222 2240 388 2277 mana
405 2222 592 2277 elassis
612 2240 832 2297 pugnae·
848 2222 1037 2289 adfuit,
1059 2230 1121 2279 ut
1138 2223 1353 2279 iussum
1372 2232 1508 2279 erat:
1551 2222 1647 2279 sed
1662 2222 1831 2278 obsti-

224 2298 288 2353 tit
320 2295 546 2353 formido
571 2305 622 2353 et
641 2299 870 2373 remiges
893 2316 990 2371 per
1008 2298 1112 2355 alia
1132 2297 1353 2355 militiae
1373 2298 1559 2355 munia
1576 2298 1829 2369 dispersi.

221 2372 368 2429 Sane
396 2372 615 2429 Cerialis
651 2390 845 2445 parum
874 2375 1128 2447 temporis
1156 2374 1225 2429 ad
1250 2373 1589 2447 exsequenda
1605 2373 1830 2443 imperia

219 2446 412 2503 dabat:
455 2448 670 2503 subitus
705 2449 965 2516 consiliis,
1005 2448 1103 2505 sed
1138 2458 1333 2507 eventu
1360 2449 1558 2507 clarus.
1638 2448 1832 2503 Aderat

221 2520 460 2589 fortuna,
491 2524 648 2578 etiam
680 2524 774 2579 ubi
795 2530 932 2581 artes
955 2524 1269 2581 defuissent.
1348 2526 1484 2581 Hinc
1502 2524 1608 2597 ipsi
1628 2522 1831 2586 exerci-

217 2598 420 2669 tuique
447 2598 622 2654 minor
655 2616 782 2655 cura
813 2599 1147 2673 disciplinae.
1223 2602 1293 2657 Et
1318 2618 1517 2674 paucos
1544 2608 1667 2673 post
1690 2599 1827 2664 dies,

218 2689 565 2747 quamquam
581 2674 884 2748 periculum
903 2677 1223 2750 captivitatis
1242 2678 1519 2745 evasisset,
1551 2674 1829 2735 infamiam

213 2764 338 2809 non
359 2748 564 2807 vitavit.
731 2769 736 2774 ·

306 2822 525 2884 Tam-rus
562 2824 629 2883 11.
1372 2831 1418 2900 Q
