2081 3038
136 248 189 289 A.
214 249 263 289 c.
288 229 383 308 τᾳ.)
560 242 601 285 1.
619 240 716 288 113.
761 239 802 286 1.
844 241 882 285 c
900 240 946 286 A
964 239 1021 288 Ρ.
1064 239 1305 286 ἰο-υ.
1679 234 1743 287 43

136 342 289 397 cinae
327 357 423 412 per
460 340 609 410 ipsos
646 345 997 409 compertum.
1077 337 1162 403 Et,
1187 341 1315 410 quia
1345 339 1610 411 praesidio
1629 337 1741 396 alae

136 417 305 471 unius
325 415 584 469 latissima
605 430 731 484 pars
752 413 928 468 Italiae
954 413 1168 468 defendi
1189 413 1461 486 nequibat,
1483 417 1742 485 praemis-

136 492 217 546 sis
238 488 511 546 Gallorum
536 488 912 543 Lusitanorum
932 489 1416 560 Britannorumque
1438 489 1742 545 cohortibus

136 574 191 620 et
211 565 598 620 Germanorum
622 561 854 627 vexillis,
885 579 1009 618 eum
1044 561 1122 617 ala
1144 563 1372 627 Petrina,
1395 563 1512 634 ipse
1528 563 1743 633 paullu-

137 640 256 695 lum
284 645 582 703 cunctatim,
614 655 749 692 num
769 637 1033 693 Rhaeticis
1055 639 1112 691 iu
1154 638 1199 691 's
1219 635 1274 692 in
1295 638 1548 692 Noricum
1570 635 1743 692 flecte·-

138 722 236 779 ret,
278 714 538 768 adversus
578 713 904 778 Petronium,
948 710 1120 787 [urbis
1185 721 1597 783 procuratorem,
1643 711 1741 783 qui

138 789 359 844 concitis
389 787 627 853 auxiliiS,
658 795 711 842 et
733 787 1048 858 interruptis
1068 785 1356 842 fluminum
1376 785 1649 858 pontibus,
1679 785 1742 840 fi-

80 863 87 870 '
139 864 244 918 dus
282 861 478 918 Othoni
516 862 821 934 putabatur.
900 860 1007 916 Sed
1031 869 1200 928 metu,
1224 878 1292 916 ne
1310 862 1572 916 amitteret
1590 877 1740 932 prae-

138 939 335 994 missas
353 939 461 992 iam
481 937 721 992 cohortes
740 936 979 1008 alasque,
1000 936 1167 992 simul
1187 946 1460 1009 reputans,
1473 934 1608 1007 ‘plus
1625 934 1742 1009 glo-

138 1014 249 1068 riae
277 1018 473 1068 retenta
499 1011 667 1072 Italia,
690 1020 759 1076 et,
784 1011 1118 1084 ubicumque
1135 1020 1392 1066 certatum
1413 1009 1562 1073 foret,
1586 1011 1742 1067 Nori-

138 1105 229 1143 cos
254 1086 311 1142 in
339 1094 507 1142 cetera
529 1087 776 1142 victoriae
795 1087 1030 1158 praemia
1051 1104 1316 1152 cessuros,
1339 1087 1540 1142 Penino
1559 1085 1741 1140 subsi-

136 1179 378 1292 {ganum
411 1161 636 1217 militem
666 1163 873 1226 itinere,
896 1169 948 1216 et
968 1179 1132 1236 grave
1152 1161 1423 1236 legionum
1441 1178 1634 1235 agmen
1653 1160 1740 1215 hi-

207 1237 321 1292 rnis
338 1237 515 1292 adhuc
531 1236 761 1308 Alpibus
782 1236 1034 1294 traduxit.

248 1313 307 1366 Ἦ
323 1353 335 1366 .
378 1310 516 1367 Otho
544 1312 779 1376 interim,
812 1319 989 1366 contra
1008 1328 1160 1382 spem
1180 1311 1447 1376 omnium,
1474 1328 1580 1365 non
1606 1310 1742 1364 deli·

137 1387 237 1441 ciis
258 1403 433 1458 neque
452 1385 654 1440 desidia
677 1392 987 1455 torpescere.
1067 1385 1265 1439 Dilatae
1288 1384 1604 1457 voluptates,
1628 1386 1740 1439 dis-

138 1461 387 1516 simulata
408 1460 642 1525 luxuria,
667 1467 717 1513 et
734 1467 923 1513 cuncta
944 1458 1011 1514 ad
1028 1459 1268 1514 decorem
1292 1459 1504 1529 imperii
1525 1475 1739 1529 compo-

138 1538 257 1592 sita.
334 1537 521 1607 quue
541 1535 665 1606 plus
685 1532 990 1589 formidinis
1010 1533 1316 1588 adferebant
1336 1532 1496 1587 falsae
1515 1533 1738 1587 virtutes

138 1620 190 1667 e‘t
209 1612 338 1666 vitia
359 1610 609 1665 reditura.
689 1608 917 1664 Marium
938 1607 1176 1672 Celsum,
1199 1606 1471 1662 consulem
1491 1607 1741 1681 designa-

138 1695 277 1751 tum,
309 1701 404 1756 per
428 1684 660 1754 speciem
678 1681 1042 1748 vinculorum,
1072 1682 1322 1737 saevitiae
1351 1682 1585 1743 militum
1608 1682 1741 1737 sub-

138 1768 385 1823 tractum,
410 1758 566 1812 acciri
588 1758 644 1811 in
662 1756 980 1828 Capitolium
1000 1757 1167 1813 iubet.
1209 1755 1532 1813 Clementiae
1550 1757 1741 1812 titulus

137 1854 168 1890 e
188 1835 306 1888 viro
325 1831 465 1887 claro
484 1838 535 1885 et
553 1832 794 1902 partibus
815 1832 990 1888 inviso
1007 1832 1301 1904 petebatur.
1381 1831 1591 1897 Celsus,
1611 1849 1741 1888 con-

138 1915 340 1965 stanter
376 1915 612 1961 servatae
650 1923 772 1980 erga
793 1905 1017 1962 Galbam
1057 1907 1180 1962 fidei
1207 1908 1408 1961 crimen
1438 1903 1734 1970 confessus,

137 1979 448 2053 exemplum
476 1980 613 2036 ultro
642 1980 925 2053 inputavit.
1004 1983 1115 2036 Nec
1133 1980 1290 2047 Otho,
1319 1982 1478 2053 quasi
1498 1982 1740 2054 ignosce-

138 2066 239 2123 ret,
280 2056 403 2123 sed,
433 2073 501 2111 ne
538 2056 705 2111 hostis
733 2064 934 2111 metum
963 2055 1405 2112 reconciliationis
1443 2056 1735 2120 adhiberet,

138 2133 317 2189 statim
350 2132 485 2186 inter
512 2132 729 2187 intimos
758 2132 955 2187 amicos
983 2131 1190 2195 habuit,
1223 2139 1274 2186 et
1300 2148 1427 2187 mox
1442 2130 1583 2186 bello
1604 2130 1740 2184 inter

136 2209 301 2264 duces
322 2205 531 2281 delegit.
612 2206 913 2279 Mansitque
942 2205 1114 2270 Celso,
1140 2204 1287 2262 velut
1314 2205 1555 2271 fataliter,
1579 2205 1738 2260 etiam

136 2300 234 2356 pro
253 2280 459 2337 Othone
486 2280 617 2336 fides
644 2280 849 2355 integra
876 2289 927 2336 et
950 2279 1158 2336 infelix.
1236 2280 1393 2336 Laeta
1411 2279 1739 2352 primoribus

137 2357 387 2421 civitatis,
418 2355 674 2411 celebrata
703 2357 762 2410 in
790 2354 987 2429 vulgus
1008 2354 1150 2412 Celsi
1175 2354 1344 2422 salus,
1385 2372 1454 2410 ne
1473 2354 1738 2409 militibus

137 2432 356 2505 quidem
395 2432 599 2507 ingrata
628 2428 748 2495 fuit,
789 2430 1013 2485 eandem
1042 2430 1296 2486 virtutem
1323 2428 1734 2493 admirantibus,

137 2508 225 2562 cui
248 2505 624 2561 irascebantur.
704 2530 712 2535 ·
1099 2561 1108 2569 ,
1743 2532 1770 2547 e

246 2583 332 2639 ¹72.
366 2581 466 2636 Par
486 2580 610 2635 inde
628 2577 911 2635 exsultatio
930 2578 1239 2651 disparibus
1258 2579 1466 2636 caussis
1483 2594 1736 2635 consecu-

138 2664 209 2721 ta,
252 2655 508 2727 inpetrato
540 2654 790 2729 Tigellini
832 2655 1011 2709 exitio.
1091 2653 1396 2727 Sophonius
1417 2652 1732 2728 Tigellinus),

135 2728 381 2786 obscuris
404 2730 736 2802 parentibus,
767 2728 915 2787 foeda
944 2730 1194 2803 pueritia,
1224 2728 1478 2802 inpudica
1504 2738 1732 2797 senecta,
