2081 3038
509 232 919 299 nrALocus.
963 252 1120 299 CAP.
1165 242 1248 300 io.
1291 248 1372 299 2⁰.
1555 224 1562 227 ’
1646 250 1744 300 349

159 351 271 406 iisse
298 363 357 405 se
376 350 441 405 ad
466 350 519 405 id
538 349 748 407 dic‘e'ndi
767 358 939 426 genus
959 340 1235 418 contende,
1259 354 1354 409 sed
1373 352 1570 410 iudicio
1590 363 1642 410 et
1661 357 1747 410 in·-

158 425 371 481 tellectu.
448 415 597 481 vidit
623 432 875 500 namque,
907 436 967 484 ut
993 427 1176 501 paullo
1196 436 1315 483 ante
1334 428 1594 494 dicebam,
1620 448 1746 486 cum

156 500 440 555 conditione
485 508 783 574 temporum
822 520 883 557 ac
922 500 1228 559 diversitate
1266 504 1480 558 aurium
1523 504 1746 562 formam

156 590 361 647 quoque
390 592 451 631 ac
480 578 715 648 speciem
745 579 996 633 orationis
1022 596 1141 634 esse
1161 578 1491 633 mutandam.
1572 579 1748 633 Facile

154 650 435 723 perferebat
461 653 606 723 prior
633 650 725 707 ille
753 652 1008 725 populus,
1033 662 1094 709 ut
1115 654 1376 726 inperitus
1397 662 1450 707 et
1467 653 1639 718 rudis,
1664 654 1750 706 in—

154 726 599 798 peditissimarum
619 726 917 783 orationum
940 730 1138 800 spatia:
1176 737 1334 801 atque
1355 726 1410 782 id
1430 729 1610 801 ipsum
1633 726 1750 781 lau-

152 802 201 857 di
232 801 470 867 dabatur,
512 802 560 857 si
588 801 811 859 dicendo
836 804 961 876 quis
982 804 1126 859 diem
1146 806 1419 859 eximeret.
1502 804 1606 858 Ista
1624 820 1750 859 vero

154 878 298 951 longa
319 877 705 951 principiorum
725 880 1054 951 praeparatio
1073 886 1123 934 et
1144 879 1459 935 narrationis
1477 879 1580 933 alte
1598 895 1750 951 repe—

151 953 236 1006 tita
266 953 429 1007 series
461 960 511 1007 et
539 952 832 1009 multarum
860 952 1194 1011 divisionum
1223 955 1500 1010 ostentatio
1529 963 1580 1009 et
1600 952 1750 1008 mille

150 1034 579 1103 argumentorum
608 1028 828 1103 gradus,
872 1038 922 1086 et
960 1026 1220 1103 quicquid
1251 1023 1400 1085 aliud
1426 1030 1748 1084 aridissimis

150 1104 493 1179 Hermagorae
512 1112 563 1179 et
581 1102 884 1177 Apollodori
906 1105 1060 1161 libris
1080 1106 1422 1179 praecipitur,
1465 1107 1522 1161 in
1551 1106 1750 1161 honore

148 1188 279 1235 erat:
308 1189 376 1246 et,
391 1180 437 1235 si
459 1180 583 1253 quis
605 1181 851 1236 odoratus
870 1181 1266 1254 philosophiam
1289 1182 1574 1249 videretur,
1589 1188 1748 1255 atque

148 1272 212 1311 ex
231 1272 288 1309 ea
309 1254 483 1311 locum
504 1254 739 1328 aliquem
760 1257 984 1312 orationi
1006 1274 1134 1313 suae
1154 1260 1426 1323 insereret,
1461 1258 1518 1312 in
1537 1257 1744 1313 coelum

149 1330 395 1384 laudibus
436 1328 717 1385 ferebatur.
798 1332 909 1385 Nec
946 1332 1179 1386 mirum:
1244 1340 1392 1386 erant
1432 1332 1576 1385 enim
1617 1332 1752 1387 haec

148 1420 281 1459 nova
313 1412 364 1458 et
392 1404 683 1477 incognita:
728 1412 779 1459 et
805 1404 1048 1476 ipsorum
1079 1418 1296 1477 quoque
1323 1413 1592 1460 oratorum
1611 1422 1746 1475 pau-

146 1479 350 1536 cissimi
380 1486 654 1552 praecepta
675 1478 949 1534 rhetorum
978 1489 1070 1535 aut
1089 1476 1531 1552 philosophorum
1557 1477 1748 1550 placita

144 1561 513 1630 cognoverant.
594 1554 662 1609 At
700 1550 923 1610 Hercule
966 1544 1296 1628 pervulgatis
1325 1555 1432 1608 iam
1470 1554 1744 1619 omnibuS‚

144 1647 269 1686 cum
302 1629 396 1685 vix
424 1631 481 1684 in
510 1639 697 1686 corona
718 1630 1010 1702 quisquam
1033 1631 1272 1697 adsistat,
1315 1630 1750 1703 quinnelementis

142 1705 466 1770 studiorum,
491 1706 589 1760 et'si
612 1723 714 1762 non
736 1705 1050 1771 instructuS‚
1075 1713 1127 1759 at
1145 1713 1283 1761 certe
1303 1705 1524 1760 inbutus
1545 1706 1632 1771 sit,
1653 1722 1750 1760 no-

145 1783 229 1837 vis
260 1789 311 1834 et
340 1779 623 1852 exquisitis
654 1779 985 1853 eloquentiae
1014 1781 1298 1836 itineribus
1337 1797 1473 1850 opus
1514 1783 1612 1845 est,
1653 1797 1749 1851 per

140 1873 285 1930 quae
304 1863 475 1910 orator
492 1852 763 1910 fastidium
786 1857 1002 1910 aurium
1024 1857 1258 1930 effugiat,
1291 1856 1476 1926 utique
1496 1852 1640 1925 apud
1660 1871 1748 1908 eos

141 1931 371 1996 iudiceS,
396 1930 492 2003 qui
518 1932 571 1986 vi
595 1938 643 1985 et
664 1937 933 2002 potestate,
966 1949 1073 1988 non
1094 1933 1210 1986 iure
1230 1938 1281 1986 et
1299 1930 1530 2004 legibue,
1555 1945 1748 2002 cogno-

140 2015 331 2070 scunt,
365 2014 415 2060 et
444 2023 539 2060 nec
560 2006 827 2078 accipiunt
849 2014 1100 2078 tempora,
1147 2006 1240 2062 sed
1261 2005 1608 2070 constituunt,
1653 2021 1748 2058 nec

138 2081 559 2154 exspectandum
590 2079 788 2136 habent
814 2087 1091 2147 oratorem,
1115 2083 1244 2138 dum
1267 2081 1345 2136 illi
1368 2079 1528 2135 libeat
1547 2079 1614 2134 de
1630 2080 1750 2151 ipso

137 2159 355 2233 negotio
388 2157 586 2224 dicere,
629 2158 723 2212 sed
760 2173 918 2228 saepe
956 2156 1098 2214 ultro
1136 2157 1422 2212 admonent
1459 2164 1620 2228 atque
1646 2154 1749 2208 alio

136 2231 618 2310 transgredientem
642 2239 885 2288 revocant
904 2240 955 2286 et
973 2230 1222 2288 festinare
1242 2249 1300 2286 se
1322 2238 1597 2286 testantur.

251 2313 340 2367 20.
380 2307 518 2374 Quis
541 2313 684 2362 nunc
706 2306 833 2363 feret
852 2305 1110 2363 oratorem
1132 2308 1198 2363 de
1216 2307 1523 2366 infirmitate
1544 2303 1750 2361 valetu-

133 2385 287 2440 dinis
306 2393 438 2440 suae
456 2378 819 2456 praefantem‘?
856 2381 1035 2455 qualia
1063 2391 1188 2438 sunt
1209 2381 1314 2441 fere
1334 2381 1599 2453 principia
1622 2379 1750 2435 Cor—

132 2459 276 2516 vini.
358 2457 495 2526 Quis
542 2459 786 2530 quinque
832 2460 888 2512 in
928 2457 1148 2513 Verrem
1187 2457 1354 2514 libros
1392 2453 1752 2530 exspectabit?

135 2534 282 2606 Quis
306 2535 377 2589 de
402 2534 708 2607 exceptione
733 2536 783 2587 et
804 2532 1029 2605 formula
1051 2535 1374 2607 perpetietur
1391 2531 1484 2587 illa
1506 2533 1749 2586 inmensa

130 2605 439 2675 volumina,
464 2615 603 2682 qu‘ae
624 2624 721 2682 pro
742 2597 813 2662 M.
839 2599 1015 2664 Tullio
1035 2609 1212 2665 autA.
1237 2608 1462 2665 Caecina
1481 2604 1752 2681 legimus?

128 2684 441 2740 Praecurrit
460 2685 560 2740 hoc
581 2693 815 2758 tempore
833 2683 995 2756 iudex
1016 2681 1280 2742 dicentem
1301 2691 1368 2749 et,
1389 2684 1494 2739 nisi
1517 2689 1609 2738 aut
1627 2700 1750 2737 cur-

126 2776 204 2816 su
234 2761 696 2834 argumentorum,
729 2767 822 2815 aut
848 2758 1021 2819 colore
1039 2763 1444 2828 sententiarum,
1470 2767 1560 2814 aut
1583 2761 1750 2814 nitore
