2081 3038
203 247 327 286 με.
359 227 454 302 51.)
591 235 748 285 ΜΒ.
788 233 916 284 x11.
959 236 1139 286 cAr.
1183 234 1421 285 ³2-a4.
1708 229 1810 289 265

199 339 346 412 apud
364 339 642 414 Brigantas
661 339 957 396 discordiae
975 348 1241 402 retraxere
1260 339 1447 396 ducem
1458 382 1471 406 ,
1502 338 1813 397 destinatio-

199 415 286 471 nis
310 424 538 483 certum,
570 433 638 471 ne
666 432 802 472 nova
823 415 1121 481 moliretur,
1140 413 1251 474 ‚nisi
1272 415 1542 487 prioribus
1562 415 1807 473 firmatis.

195 491 266 546 Et
293 490 571 566 Brigantes
591 491 850 564 quidem,
866 492 1077 562 paucis,
1099 491 1199 562 qui
1217 507 1363 546 arma
1384 499 1701 566 coeptarant,
1725 491 1813 546 in-

199 565 452 633 terfectiS,
496 568 554 622 in
591 567 829 639 reliquos
868 566 988 622 data
1020 566 1197 633 venia,
1238 565 1508 644 resedere:
1569 563 1811 640 Silurum

196 659 332 715 gens
371 656 480 699 non
507 642 774 698 atrocitate
789 683 803 710 ,
845 660 952 700 non
981 639 1261 700 clementia
1302 639 1607 698 mutabatur
1622 682 1635 706 ,
1676 642 1812 712 quin

193 711 405 790 bellum
425 725 710 783 exerceret,
734 719 1033 792 castrisque
1052 713 1328 792 legionum
1348 713 1639 790 premenda
1658 713 1809 772 foret.

196 791 258 846 Id
287 810 414 865 quo
425 793 956 866 promptius'veniret
969 834 982 859 ,
1005 791 1208 849 colonia
1231 789 1667 874 Qamulodunum
1681 832 1696 856 ,
1719 808 1815 848 va-

199 865 308 922 lida
348 876 723 924 veteranorum
761 885 948 934 manu,
990 867 1272 927 deducitur
1300 868 1357 924 in
1378 884 1533 942 agros
1552 863 1810 940 captivos,

199 941 512 1018 subsidium
533 941 792 1000 adversus
813 942 1058 1010 rebelles,
1088 952 1141 999 et
1158 941 1449 1020 inbuendis
1468 941 1629 998 sociis
1648 939 1716 998 ad
1734 939 1815 997 of-

201 1017 319 1073 fleia
341 1016 545 1092 legum.
1250 1017 1257 1058 ἶ
1306 1017 1313 1024 .
1572 1049 1577 1082 .’
1688 1074 1695 1082 ,

311 1095 397 1148 33.
440 1095 581 1149 Itum
609 1092 736 1150 inde
763 1095 821 1148 in
841 1092 1067 1160 Siluras,
1090 1110 1253 1166 super
1270 1093 1543 1165 propriam
1564 1091 1814 1149 ferociam

201 1167 468 1226 Caractaci
489 1169 700 1226 viribus
719 1169 974 1226 confisos:
999 1186 1164 1244 quem
1185 1165 1353 1246 multa
1373 1168 1647 1244 ambigua,
1669 1169 1815 1223 mul-

202 1253 250 1298 ta
270 1261 526 1316 prospera
546 1243 862 1311 extulerant,
887 1251 948 1300 ut
966 1253 1167 1301 ceteros
1180 1243 1559 1316 Britannorum
1579 1243 1815 1316 impera-

200 1327 338 1374 tores
398 1321 732 1376 raemineret.
763 1317 868 1376 Sed
889 1327 1004 1376 tum
1023 1327 1165 1386 astu,
1182 1317 1421 1376 locorum
1441 1318 1625 1377 fraude
1642 1317 1810 1393 prior,

201 1396 260 1450 vi-
277 1397 355 1449 mi
379 1395 519 1452 itum
547 1393 786 1462 inferior,
818 1393 1068 1451 transfert
1084 1394 1297 1450 bellum'
1307 1396 1367 1450 in
1387 1393 1697 1469 Ordovices,
1719 1393 1815 1450 ad-

197 1469 458 1544 ditisque,
493 1471 591 1543 qui
617 1487 805 1543 pacem
837 1479 1077 1528 nostram*
1103 1467 1429 1535 metuebant,
1452 1469 1813 1527 novissimum

199 1564 388 1601 casum
417 1547 718 1618 experitur3
759 1555 976 1619 sumpto
995 1545 1063 1602 ad
1090 1544 1356 1618 proelium
1378 1543 1512 1612 loeo,
1533 1552 1595 1601 ut
1612 1544 1810 1608 aditus,

199 1622 507 1688 abscessus,
549 1628 740 1677 cuncta
778 1622 934 1678 nobis
959 1623 1268 1694 inportuna,
1309 1628 1360 1675 et
1386 1620 1601 1701 suistin¹
1618 1618 1814 1675 melius

198 1704 399 1752 essent.
481 1696 635 1752 Tunc
662 1695 938 1753 montibus
965 1696 1171 1769 arduis,
1214 1703 1285 1761 et,
1328 1696 1375 1753 si
1397 1713 1506 1769 qua
1531 1692 1816 1751 clementer

198 1772 380 1829 accedi
418 1778 679 1844 poterant,
721 1773 778 1828 in
816 1772 1038 1829 modum
1077 1771 1207 1829 valli
1250 1789 1379 1828 saxa
1408 1772 1720 1844 praestruit:
1763 1776 1817 1823 et

197 1846 528 1921 praefluebat
556 1848 734 1903 amnis
759 1846 897 1904 vado
920 1849 1142 1915 incerto,
1164 1850 1511 1921 catervaeque
1530 1843 1813 1903 meliorum

195 1940 294 1995 pro
315 1922 672 1978 munimentis
693 1923 1051 1979 constiterant.
1666 1987 1671 1996 ,

309 2000 397 2055 34.
440 1996 525 2053 Ad
562 1996 665 2055 hoc
700 1998 944 2072 gentium
973 2000 1218 2055 ductores
1246 1997 1551 2062 circumire,
1592 1994 1839 2061 hortari,-

201 2072 418 2129 firmare
436 2072 669 2140 animos,
692 2073 985 2133 minuendo
1003 2080 1171 2140 metu,
1185 2071 1517 2129 accendenda
1538 2087 1654 2142 spe,
1667 2068 1817 2126 aliis-

199 2166 306 2221 que
325 2143 458 2203 belli
479 2149 858 2209 incitamentis.
907 2149 1201 2205 Enimvero
1220 2148 1533 2205 Caraotacus
1559 2146 1669 2219 huc
1686 2143 1818 2200 illuc

200 2224 452 2289 volitans,
484 2226 636 2289 illum
661 2228 813 2289 diem,
843 2228 994 2280 illam
1019 2230 1201 2287 aciem,
1234 2221 1542 2289 testabatur,
1563 2230 1660 2291 vaut
1678 2224 1818 2277 reci-

193 2304 466 2367 perandae
486 2301 760 2365 libertatis,
788 2308 883 2355 aut
901 2298 1432 2360 servituti-anetarum
1450 2300 1659 2367 initium
1674 2300 1817 2367 sore:

201 2372 533 2449 vocabatque
552 2375 771 2431 nomina
800 2380 1077 2440 maiorum,
1104 2378 1197 2444 qui
1212 2375 1520 2437 dictatorem
1544 2364 1819 2441 Cae-sarem

196 2453 544 2519 pepulissent:
585 2468 807 2520 quorum
831 2454 1024 2523 virtute
1051 2455 1211 2505 vacui
1228 2469 1264 2503 a
1288 2450 1558 2513 securibus
1582 2456 1631 2504 et
1650 2448 1817 2513 tribu-

203 2529 285 2589 tis,
325 2530 641 2579 intemerata
680 2527 954 2595 conidyum
987 2534 1035 2579 et
1066 2526 1347 2597 liberorum
1376 2520 1818 2591 emm-&retine-

200 2608 330 2653 rent.
379 2600 523 2653 Haec
544 2608 705 2672 atque
727 2600 847 2655 talia
867 2600 1065 2655 dicenti
1094 2598 1396 2668 adstrepere
1416 2594 1644 2669 vulgus3
1684 2612 1819 2669 gen-

203 2670 282 2728 tili
311 2676 551 2747 quisque
583 2674 840 2753 religione
867 2674 1153 2749 obstringi,
1178 2690 1285 2727 non
1305 2674 1439 2738 telis,
1463 2688 1567 2727 non
1585 2674 1819 2727 vulneri-

201 2750 297 2803 bus
317 2766 567 2806 cessuros.
651 2757 654 2764 '
1076 2750 1079 2755 ’
1286 2747 1289 2753 ’
1378 2749 1385 2758 ’
