2081 3038
188 231 243 268 A.
265 231 313 268 c.
339 210 436 285 71.)
581 209 1791 270 L13.1v.CAP.‘12-‘14.229

188 326 341 378 nisse.
420 320 574 376 Tunc
600 319 797 391 recepti
824 319 884 374 in
911 317 1097 373 eedem
1125 323 1315 383 casn-a,
1356 324 1408 374 et
1430 317 1664 375 edictum
1697 337 1795 393 per

189 393 516 466 manipulos,
560 410 629 449 ne
654 396 782 466 quis
809 395 867 449 in
893 392 1183 449 certamine
1210 393 1453 467 iurgiove
1478 393 1791 450 seditionem

189 479 284 528 eut
303 469 506 526 cladem
525 468 874 526 commilitoni
893 469 1194 525 obiectaret.

299 547 386 601 73.
429 547 553 601 Mox
582 546 838 601 Treveros
864 561 926 600 ac
950 544 1239 618 Lingones,
1271 541 1341 598 ad
1366 543 1673 599 concionem
1699 564 1795 602 vo-

190 630 351 688 cam,
398 622 469 676 ita
508 620 840 693 adloquitur:
892 620 1071 689 Neque
1108 636 1201 688 eqo
1222 635 1468 689 umquam
1491 624 1795 690 facundiam

189 701 436 767 exercui;
473 706 524 752 et
552 699 739 766 populi
763 696 983 750 Romani
1020 698 1265 751 virtutem
1299 698 1467 748 armis
1500 697 1793 763 adfirmavi.

194 773 317 837 Sed,
341 776 468 843 quia
491 775 634 841 apud
659 788 752 827 vos
777 773 933 825 verba
946 773 1236 838 plurimum
1256 771 1448 833 valent,
1481 772 1714 838 bonaque
1730 786 1796 824 ac

189 852 333 903 mala
370 865 476 902 non
505 864 605 903 sua
631 856 844 910 natura,
873 849 964 900 sed
987 847 1203 900 vocibus
1222 849 1603 910 seditiosorum,
1634 850 1798 900 aesti-

188 932 430 993 mantur,·
469 927 634 978 statui
655 937 832 990 pauca
858 924 1129 985 disserere,
1160 937 1311 990 quae,
1335 923 1616 991 profliqato
1646 922 1792 983 bello,

189 1003 374 1054 utilius
409 1002 482 1054 sit
518 1001 662 1054 vobis
676 1000 901 1061 audisse,
933 1012 1092 1064 quam
1111 997 1259 1049 nobis
1280 998 1496 1050 dixisse.
1580 996 1797 1050 Terram

187 1083 429 1137 vestram,
473 1083 855 1142 ceterorumque
898 1070 1189 1135 Gallorum,
1230 1074 1455 1140 inqressi
1490 1080 1613 1126 sunt
1639 1074 1797 1125 duces

187 1154 622 1219 imperatoresque
649 1150 887 1212 Romani,
921 1149 1073 1201 nulla
1100 1149 1358 1214 cupidine,
1385 1151 1479 1202 sed
1506 1149 1795 1202 maioribus

187 1230 374 1281 vestris
402 1228 777 1287 invocantibus,
817 1237 948 1293 quos
970 1225 1267 1277 discordiae
1292 1239 1455 1293 usque
1474 1226 1545 1277 ad
1572 1226 1795 1277 exitium

185 1304 494 1370 {atiqabana
571 1299 640 1354 Et
671 1302 830 1353 acciti
865 1301 1073 1352 auxilio
1112 1296 1362 1352 Gemani
1397 1301 1555 1352 sociis
1587 1302 1799 1366 pariter

187 1385 343 1444 atque
379 1376 608 1428 hostibus
640 1377 936 1428 servitutem
977 1375 1330 1440 inposuerant.
1412 1371 1547 1436 Quot
1577 1375 1799 1439 proeliis

187 1455 439 1506 adversus
472 1447 702 1504 Gimbros
725 1448 1091 1514 Teutonosque‚
1118 1449 1333 1515 quantis
1355 1449 1678 1500 excercituum
1698 1463 1795 1500 no-

185 1536 418 1583 strorum
438 1525 716 1587 laboribus,
729 1538 892 1591 quove
911 1530 1092 1576 eventu
1105 1519 1419 1576 Gemanica
1439 1523 1570 1575 bella
1592 1530 1793 1577 tracta-

186 1606 430 1664 verimus,
474 1604 608 1655 satis
648 1600 869 1657 clarum.
949 1596 1058 1652 Nee
1095 1599 1211 1651 ideo
1236 1596 1465 1650 Rhenum
1492 1599 1791 1660 insedimus,

186 1687 246 1733 ut
263 1668 480 1731 Italiam
509 1684 798 1743 tueremur;
835 1676 926 1727 sed
951 1689 1015 1726 ne
1033 1675 1153 1743 quis
1168 1673 1308 1726 alius
1326 1670 1619 1727 Ariovistus
1634 1689 1795 1743 reqno

192 1754 491 1808 Galliarum
504 1754 780 1819 potiretur.
836 1748 918 1803 An
935 1764 1026 1803 vos
1047 1752 1279 1802 cariores
1302 1745 1459 1801 Civili
1476 1747 1795 1818 Batavisque

187 1838 236 1883 et
260 1829 676 1882 Transrhenanis
701 1826 936 1894 yentibus
963 1827 1192 1887 creditis,
1226 1838 1383 1892 quam
1400 1825 1687 1877 maioribus
1707 1840 1794 1877 eo·-

185 1921 306 1958 rum
319 1910 501 1971 patres
519 1906 708 1970 avique
723 1904 884 1954 vestri
900 1897 1153 1969 suerunt?
1172 1898 1367 1953 Eadem
1386 1914 1585 1965 semper
1604 1914 1794 1953 caussa

192 1980 470 2035 Germanis
489 1978 912 2032 transscendendi
930 1978 988 2028 in
1012 1974 1235 2039 Gallias,
1260 1968 1419 2030 libido
1435 1980 1593 2042 atque
1610 1977 1795 2029 avari-

188 2060 265 2110 tia
282 2062 330 2107 et
349 2056 628 2107 mutandae
644 2054 782 2106 sedis
799 2067 964 2114 amor,
985 2058 1063 2113 ut,
1084 2052 1285 2105 relictis
1294 2051 1579 2119 paludibus
1596 2056 1645 2108 et
1663 2052 1793 2103 soli-

188 2132 452 2184 tudinibus
487 2132 614 2190 suis,
654 2128 1077 2197 fecundissimum
1116 2127 1209 2179 hoc
1245 2128 1413 2180 solum
1435 2140 1627 2195 vosque
1654 2128 1793 2193 ipsos

179 2208 518 2274 possiderent.
603 2202 836 2257 Ceterum
856 2202 1071 2255 libertas
1089 2209 1138 2254 et
1156 2205 1387 2268 speciosa
1407 2204 1618 2255 nomina
1628 2217 1792 2269 prac—

187 2288 440 2335 texuntur
451 2298 468 2333 .·
508 2295 600 2333 nec
619 2281 895 2347 quisquam
910 2278 1139 2331 alienum
1157 2280 1425 2331 servitium
1442 2284 1492 2331 et
1510 2278 1791 2330 dominati-

187 2372 332 2410 onem
355 2357 458 2410 sibi
490 2356 798 2423 concupivit,
827 2360 886 2405 ut
915 2368 1019 2405 non
1043 2355 1218 2406 eadem
1237 2354 1340 2406 ista
1358 2353 1613 2407 vocabula
1632 2367 1789 2405 usur-

177 2438 350 2501 paret.

292 2506 378 2560 74.
422 2505 598 2574 Reqna
625 2504 860 2572 bellaque
871 2518 971 2571 per
993 2502 1201 2557 Gallias
1226 2518 1425 2571 semper
1447 2505 1609 2570 fuere,
1632 2504 1791 2555 donec

184 2586 243 2635 in
279 2588 514 2635 nostrum
552 2583 637 2633 ius
674 2582 1032 2634 concederetis.
1112 2577 1235 2641 Nos,
1266 2593 1581 2646 quamquam
1609 2580 1791 2630 totiens

186 2659 430 2720 lacessiti,
473 2658 587 2709 iure
613 2657 866 2709 victoriae
891 2657 948 2707 id
974 2654 1141 2707 solum
1168 2654 1313 2707 vobis
1346 2655 1659 2717 addidimus,
1689 2668 1791 2721 quo

176 2747 364 2802 pacem
383 2740 663 2786 tueremur.
727 2730 866 2787 Nam
885 2746 1051 2800 neque
1068 2732 1213 2801 quies
1230 2731 1459 2800 qentium
1474 2732 1589 2785 sine
1604 2733 1787 2794 armis,
