2081 3038
194 202 437 275 rem.)
592 208 755 257 LIB.
792 208 899 255 111.
938 207 1120 255 cAP.
1163 209 1406 256 63—65.
1697 206 1792 259 ⁴53

190 327 299 384 que
316 328 379 366 ac
396 309 593 366 liberos
611 310 1077 382 suosVespasiano
1095 310 1445 381 permisisset.
1480 312 1540 366 In
1561 312 1792 369 eundem

191 386 411 441 modum
440 395 491 441 et
511 387 793 441 Mucianus
820 387 1122 458 composuit
1139 385 1415 457 epistolas:
1457 387 1658 458 quibus
1679 388 1795 459 ple-

135 520 149 524 *
188 478 422 533 rumque
443 460 603 516 fidere
622 462 889 525 vitellum,
919 478 981 515 ac
1000 466 1063 515 de
1081 478 1294 515 numero
1309 478 1592 525 servorum,
1617 466 1793 518 electi-

188 554 282 590 one
303 540 551 600 littorum,
575 536 741 608 loqui.
812 537 975 591 Tanta
1000 535 1216 607 torpedo
1242 536 1507 592 invaserat
1525 539 1788 603 animum,

190 620 264 676 ut,
309 612 354 665 si
386 612 680 682 principem
714 629 836 665 eum
868 610 1037 666 fuisse
1067 612 1227 665 ceteri
1255 628 1361 665 non
1397 612 1787 679 meminissent,

187 690 303 757 ipse
321 686 741 743 oblivisceretur.

296 764 381 817 64.
425 762 493 815 At
521 764 781 833 primores
812 761 1039 824 civitatis
1064 759 1309 816 Flavium
1332 760 1614 826 Sabinum,
1638 779 1791 832 prae·

188 836 384 891 fectum
404 837 575 902 urbis,
600 837 817 891 secretis
836 838 1179 892 sermonibus
1201 836 1518 913 incitabant,
1539 842 1791 892 victoriae

184 918 455 981 ramaeque
465 922 672 985 partem
693 922 993 982 capesseret.
1040 912 1166 966 Esse
1189 915 1560 980 improprium
1579 916 1792 967 militem

186 990 470 1041 cohortium
498 991 821 1043 urbanarum
830 1008 849 1056 ,·
888 1006 980 1043 nec
1008 992 1282 1057 defuturas
1306 991 1521 1057 viqilum
1541 990 1789 1049 cohortes,

182 1067 399 1118 servitia
426 1068 673 1132 ipsorum,
703 1070 969 1134 fortunam
982 1070 1236 1133 partium,
1264 1073 1312 1117 et
1333 1068 1506 1117 omnia
1517 1080 1691 1131 prona
1709 1067 1792 1117 vi-

188 1141 429 1193 ctoribus.
507 1140 587 1195 Ne
622 1140 844 1193 Antonio
890 1140 1125 1208 Varoque
1161 1142 1224 1192 de
1261 1142 1434 1209 ylaria
1477 1143 1787 1194 concederet.

184 1214 386 1269 Paucas
414 1215 618 1268 Vitellio
638 1217 883 1279 cohortes,
913 1224 962 1268 et
980 1218 1190 1268 maestis
1215 1219 1442 1283 undique
1465 1219 1663 1270 nuntiis
1683 1224 1792 1269 tre-

180 1293 363 1357 pidas:
397 1292 583 1357 populi
598 1292 835 1343 mobilem
852 1295 1085 1344 animum
1098 1308 1114 1341 .·
1141 1298 1206 1351 et,
1227 1294 1275 1342 si
1294 1308 1348 1344 se
1367 1293 1545 1343 ducem
1559 1294 1790 1358 praebu-

182 1370 331 1427 isset,
382 1368 585 1417 easdem
628 1366 755 1417 illas
800 1367 1128 1417 adulationes
1163 1380 1265 1429 pro
1309 1365 1621 1431 Vespasiano
1661 1370 1787 1433 [cre.

186 1439 361 1505 Ipsum
395 1439 652 1491 Vitellium
680 1455 745 1491 ne
764 1441 1032 1505 prosperis
1061 1439 1262 1503 quidem
1291 1454 1502 1502 parem.-
1540 1442 1669 1491 adeo
1693 1455 1790 1491 ru-

184 1515 387 1568 entibus
414 1515 753 1567 debilitatum.
836 1512 1078 1567 Gratiam
1105 1513 1307 1576 pat-rati
1336 1507 1456 1564 belli
1481 1529 1632 1578 penes
1658 1530 1788 1576 eum,

187 1605 277 1656 qm
308 1589 485 1640 urbem
512 1595 825 1654 occupasset.
904 1587 968 1640 Id
1001 1584 1202 1640 Sabino
1225 1590 1509 1648 convenire,
1555 1595 1612 1641 ut
1631 1593 1792 1655 impe-

183 1667 326 1716 rium
344 1666 509 1730 fratri
525 1671 841 1729 reservaret;
868 1666 924 1716 id
956 1663 1281 1729 Vespasiano,
1304 1669 1362 1714 ut
1383 1667 1539 1715 ceteri
1553 1673 1668 1730 post
1687 1662 1792 1718 Sa-

188 1739 365 1790 binum
384 1740 713 1791 haberentur.

298 1815 382 1866 65.
426 1810 853 1884 Haudquaquam
883 1819 1052 1868 erecto
1079 1811 1259 1868 animo
1280 1829 1370 1867 eas
1391 1826 1543 1868 voces
1564 1812 1792 1884 accipie-

184 1888 295 1952 bat,
328 1886 598 1943 invalidus
628 1896 854 1942 senecta.
932 1889 1117 1953 Erant,
1148 1889 1245 1960 qui
1275 1889 1496 1944 occultis
1527 1889 1793 1959 suspicio-
1886 1936 1894 1947 ,

185 1963 351 2018 nibus
371 1963 711 2029 incesserent,
724 1970 998 2036 tamquam
1020 1963 1224 2018 invidia
1245 1972 1296 2017 et
1315 1963 1665 2018 aemulatione
1687 1962 1794 2018 for-

183 2048 372 2094 tunam
415 2037 589 2094 fratris
629 2046 941 2094 moraretur.
1021 2040 1268 2110 Namque
1297 2039 1516 2094 Flavius
1535 2037 1786 2104 SabinuS,

185 2121 349 2168 aetate
369 2115 533 2186 prior,
558 2115 779 2186 privatis
802 2116 1087 2185 utriusque
1107 2115 1288 2179 rebuS‚
1305 2115 1606 2170 auctoritate
1626 2130 1791 2184 pecu-

188 2192 385 2261 niaque
405 2190 796 2261 Vespasianum
818 2189 1068 2244 anteibat.
1119 2189 1186 2243 Et
1205 2189 1511 2244 credebatur
1532 2187 1788 2243 adfectam

186 2265 305 2318 eius
326 2263 485 2319 fidem
506 2265 859 2336 praeinvisse,
872 2265 1030 2320 domo
1049 2265 1300 2337 agrisque
1314 2265 1525 2338 pignori
1541 2265 1787 2334 acceptis.

188 2339 356 2404 Unde,
370 2356 703 2413 quamquam
726 2349 969 2396 manente
988 2341 1046 2394 in
1067 2341 1298 2410 speciem
1319 2338 1614 2404 concordia,
1627 2338 1794 2394 offen-

186 2431 368 2469 sarum
390 2424 569 2486 operta
591 2415 983 2470 metuebantur.
1059 2414 1246 2469 Melior
1267 2415 1649 2484 interpretatio:
1691 2419 1794 2468 mi-

188 2499 287 2543 tem
306 2495 478 2544 viram
497 2493 777 2544 abhorrere
796 2509 832 2545 a
848 2496 1104 2560 sanquine
1123 2499 1170 2544 et
1192 2494 1430 2545 caedibus
1443 2509 1461 2544 .·
1501 2507 1658 2558 eoque
1679 2507 1794 2543 cre-

186 2567 297 2618 bris
326 2581 443 2618 cum
476 2566 679 2620 Vitellio
702 2569 1025 2621 semmtibus
1053 2569 1116 2620 de
1138 2583 1284 2634 pace,
1323 2567 1674 2634 ponendisque
1695 2583 1792 2634 per

189 2641 531 2694 conditionem
548 2645 730 2705 armis,
753 2647 973 2711 agitare.
1033 2639 1200 2712 Saepe
1219 2639 1362 2694 domi
1383 2641 1674 2714 congressi,
1697 2657 1795 2712 po-

186 2720 387 2770 stremo
404 2715 463 2770 in
479 2715 609 2788 aede
627 2715 912 2790 Apollinis,
936 2725 997 2774 ut
1016 2715 1158 2773 fama
1179 2715 1300 2781 suit,
1326 2715 1594 2790 pepigere.
1661 2711 1793 2773 Ver-
