2081 3038
201 245 250 283 A.
275 226 446 303 c.·1o.)
592 235 752 281 LIB.
791 234 887 282 lv
929 236 1109 285 cAP.
1150 232 1399 286 35-8‘1.
1702 234 1809 289 ⁴93¹

198 339 348 402 bant,
378 355 482 403 non
508 355 564 393 ac
589 340 734 391 ultra
759 342 964 407 samem,
987 342 1210 393 insidias
1230 342 1530 408 hyalon-um,
1553 342 1805 397 toleratu-

197 431 305 469 r.os
369 397 455 477 At,
477 411 575 483 qui
595 420 974 477 remanserant,
997 416 1226 468 desertos
1242 431 1297 467 se
1314 418 1539 471 abd-uota
1551 427 1706 485 parte
1728 420 1803 471 le-

198 493 426 559 yionum,
467 488 846 559 querebantur.
928 454 1137 559 Duplex
1166 488 1295 542 hinc
1322 490 1535 557 sediti03
1578 492 1698 546 aliis
1720 510 1804 547 r&

201 562 516 619 vocantibus
532 563 808 628 Voculam,
821 563 942 619 aliis
963 562 1168 617 redire
1153 581 1209 618 in
1231 572 1400 618 castra
1420 565 1798 622 abnuentibus.

313 642 396 693 36.
457 638 674 694 Interim
711 637 901 693 Civilis
937 638 1121 694 Vetera
1164 639 1525 693 circumsedit.
1605 640 1802 696 Vocula

202 714 504 770 Geldubam
523 723 684 785 atque
701 712 826 768 inde
845 714 1137 769 Novesium
1158 716 1434 769 concessit.
1508 714 1697 769 Civilis
1716 732 1803 769 ca·-

199 791 281 864 pit
309 788 626 845 Geldubam.
708 789 850 854 Mox,
892 788 1038 844 haud
1069 787 1253 860 procul
1278 790 1532 852 Novesio‚
1568 790 1809 863 equestri

199 864 400 937 proelio
429 882 696 954 prospere·
705 866 941 919 certavit.
1021 863 1125 920 Sed
1152 864 1309 921 miles
1334 865 1585 921 secundis
1615 865 1805 920 adver-

200 941 388 1010 sisque
424 940 646 1011 perinde
680 941 736 996 in
767 940 991 995 exitium
1029 940 1230 996 ducum
1263 940 1658 996 accendebatur.
1736 940 1806 995 Et

201 1014 431 1071 adventu
471 1016 852 1088 quintanorum
893 1015 1593 1089 quintadecimanorumque
1620 1024 1803 1071 auctae

201 1091 456 1163 legiones,
499 1091 809 1147 donativum
837 1100 1150 1163 exposcunt,
1189 1100 1474 1163 compert0,
1515 1094 1801 1164 pecuniam

199 1186 230 1221 a
250 1167 463 1223 Vitellio
484 1168 726 1221 missam.
805 1168 916 1222 Nec
938 1167 1035 1222 diu
1057 1176 1335 1222 cunctatus
1356 1168 1685 1225 Hordeonius
1707 1186 1805 1223 no-

199 1245 348 1298 mine
366 1243 678 1313 Vespasiani
698 1242 858 1297 dedit.
938 1244 1107 1315 quue
1130 1246 1478 1316 praecipuum
1499 1243 1599 1300 fuit
1618 1244 1805 1299 sediti-

199 1319 320 1374 onis
341 1317 674 1371 alimentum.
753 1316 923 1371 Effusi
953 1320 1010 1372 in
1031 1317 1223 1373 luxum
1244 1328 1294 1372 et
1312 1319 1498 1390 epulas
1518 1328 1569 1373 et
1588 1330 1805 1375 noctur-

200 1410 300 1448 nos
340 1400 537 1456 coetus,
581 1399 811 1445 veterem
852 1392 908 1445 in
947 1391 1307 1446 Hordeonium
1346 1395 1482 1446 iram
1523 1404 1797 1449 renovant.

201 1469 312 1523 Nec
361 1466 470 1522 ullo
519 1436 810 1540 legatorum
870 1466 1282 1522 tribunorumve
1338 1467 1593 1524 obsistere
1647 1486 1797 1535 auso,

199 1544 422 1618 (quippe
451 1559 662 1597 omnem
695 1541 953 1613 pudorem
983 1559 1089 1596 nox
1116 1541 1398 1614 ademerat)
1425 1551 1746 1614 protractum
1772 1560 1803 1598 e

199 1618 368 1674 cubili
406 1617 749 1673 interficiunt.
827 1616 1028 1672 Eadem
1070 1618 1124 1671 in
1163 1616 1418 1672 Voculam
1456 1619 1797 1708 parabantur,

199 1696 306 1750 nisi
347 1693 529 1748 servili
568 1692 753 1748 habitu
795 1711 890 1765 per
928 1692 1171 1748 tenebras
1210 1692 1483 1766 ignoratus
1520 1695 1796 1750 evasisset.

199 1771 325 1836 Ubi,
366 1771 544 1824 sedato
582 1769 796 1840 inpetu,
838 1778 1014 1823 metus
1055 1768 1239 1823 rediit.
1302 1770 1637 1825 centuriones
1675 1787 1821 1825 cum·

199 1844 438 1918 epistolis
469 1844 534 1899 ad
561 1845 799 1899 civitates
827 1845 1122 1900 Galliarum
1155 1845 1367 1912 misere,
1399 1844 1598 1899 auxilia
1624 1863 1685 1900 ac
1705 1847 1803 1900 sti-

197 1921 392 1995 pendia
413 1928 670 1976 oraturos.

313 1998 396 2052 37.
439 1997 568 2067 Ipsi,
598 2003 658 2050 ut
685 2002 763 2050 est
784 1994 982 2070 vulgus
1002 1995 1121 2050 sine
1139 2003 1337 2051 rectore
1354 2011 1626 2068 praecepS,
1648 1996 1804 2067 pavi-

199 2072 352 2137 dum,
376 2089 573 2136 socors,
596 2072 912 2126 adventante
932 2070 1121 2136 Civile,
1155 2072 1319 2143 raptis
1339 2079 1535 2126 temere
1554 2072 1721 2126 armis
1741 2089 1803 2126 ac

199 2148 377 2202 statim
397 2147 632 2212 omissis,
655 2147 712 2201 in
735 2145 916 2220 fugam
937 2153 1233 2202 vertuntur.
1295 2147 1399 2202 Res
1418 2146 1671 2202 adversae
1688 2146 1803 2202 dis-

201 2220 433 2277 cordiam
462 2239 730 2293 peperere,
772 2224 860 2288 iis,
903 2223 998 2294 qui
1029 2240 1059 2276 e
1084 2223 1355 2292 superiore
1376 2223 1608 2278 exercitu
1630 2230 1796 2286 erant,

199 2315 445 2352 caussam
466 2313 618 2351 suam
641 2297 1071 2352 dissociantibuS.
1122 2296 1321 2352 Vitellii
1342 2305 1517 2352 tamen
1537 2299 1801 2372 imagines

198 2373 255 2427 in
277 2373 464 2426 castris
485 2380 536 2427 et
553 2389 648 2443 per
664 2374 934 2443 proximas
960 2372 1240 2446 Belgarum
1263 2373 1501 2428 civitates
1522 2376 1799 2445 repositae,

199 2465 324 2502 cum
345 2448 452 2502 iam
472 2445 719 2502 Vitellius
737 2447 1032 2503 occidisset.
1051 2413 1221 2502 UDein
1244 2448 1432 2503 mutati
1451 2448 1508 2502 in
1528 2449 1801 2519 poeniten-

197 2524 328 2578 tiam
359 2523 591 2593 primani
623 2523 976 2594 quartanique
1007 2530 1058 2577 et
1084 2522 1594 2588 duodevicesimani,
1629 2523 1803 2580 Vocu-

199 2598 306 2652 lam
347 2604 674 2669 sequuntur:
718 2598 859 2668 apud
889 2614 1053 2669 quem
1080 2607 1353 2670 resumpto
1380 2598 1694 2670 Vespasiani
1715 2616 1803 2654 sa-

199 2680 486 2738 cramento,
528 2673 596 2728 ad
623 2671 955 2728 liberandum
987 2673 1302 2747 Magontiaci
1327 2673 1599 2730 obsidium
1638 2673 1802 2730 duce-

197 2747 414 2876 bassur·
492 2748 851 2877 Dliscesserant
887 2747 1211 2817 obsessores,
1260 2751 1464 2880 miliztus
1508 2765 1575 2806 ex
1614 2750 1795 2807 Cattis-

322 2838 492 2877 Acirns
585 2866 596 2877 .
