2081 3038
515 187 617 240 DE
657 193 1082 243 GERMANIA.
1126 195 1284 250 QAP.
1298 178 1539 244 '9-11,
1727 193 1822 249 254

224 314 403 371 neque
432 298 491 353 in
522 295 687 351 ullam
716 296 941 351 humani
974 298 1081 353 oris
1111 298 1343 369 speciem
1379 296 1721 367 adsimulare,
1763 318 1830 359 ex

227 372 598 447 magnitudine
616 362 921 427 coelestium
944 374 1284 429 arbitrantur.
1343 374 1514 431 Lucos
1535 392 1594 431 ac
1614 394 1829 432 nemora

225 456 551 513 consecrant,
584 448 915 519 deorumque
944 448 1256 505 nominibus
1283 448 1548 521 adpellant
1564 448 1827 507 secretum

224 525 381 588 illud,
406 523 550 595 quod
570 522 680 579 sola
700 525 990 579 reverentia
1014 524 1212 579 vident.

338 603 421 654 ⁴0.
463 598 717 671 Auspicia
740 606 1035 672 sortesque,
1062 607 1122 656 ut
1140 600 1236 671 qui
1258 600 1825 666 maxime,observant.

222 675 459 731 Sortium
490 674 815 729 consuetudo
842 674 1092 746 simplex.
1174 676 1413 749 Virgam,
1437 674 1721 749 frugiferae
1745 695 1832 731 ar-

224 752 343 807 bori
362 749 617 815 decisam,
641 752 697 805 in
718 750 963 805 surculos
984 758 1280 821 amputant,
1306 768 1520 822 eosque,
1545 752 1684 810 notis
1705 753 1829 823 qui-

224 826 455 881 busdam
485 825 757 891 discretos,
800 844 961 897 super
992 825 1270 880 candidam
1303 834 1504 881 vestem
1545 834 1740 882 temere
1768 844 1829 881 ac

224 900 440 957 fortuito
468 910 743 989 spargunt.
824 904 967 967 Mox,
1001 903 1050 957 si
1069 900 1284 973 publice
1305 900 1630 968 consuletur,
1654 920 1830 957 sacer-

224 978 321 1031 dos
342 976 589 1042 civitatis,
612 977 696 1031 sin
718 979 989 1049 privatim,
1024 979 1139 1049 ipse
1159 974 1558 1048 paterfamiliae,
1581 986 1826 1049 precatus

223 1053 349 1107 deos
372 1052 687 1124 coelumque
706 1054 1027 1125 suspicienS,
1053 1062 1129 1107 ter
1150 1051 1393 1126 singulos
1416 1052 1564 1118 tollit,
1590 1052 1826 1108 sublatos

224 1128 520 1185 secundum
558 1128 877 1199 impressam
924 1136 1044 1183 ante
1079 1136 1256 1185 notam
1299 1129 1687 1200 interpretatur.
1768 1126 1824 1183 Si

223 1204 630 1275 prohibuerunt,
660 1202 808 1258 nulla
835 1204 901 1259 de
921 1204 1104 1258 eadem
1125 1222 1182 1259 re
1201 1204 1258 1259 in
1279 1202 1507 1259 eundem
1535 1204 1680 1259 diem
1701 1220 1828 1258 con-

223 1279 463 1347 sultatio;
508 1279 592 1331 sin
614 1280 963 1349 permissum,
982 1280 1346 1349 auspiciorum
1365 1279 1540 1333 adhuc
1559 1279 1690 1334 fides
1712 1281 1828 1333 exi-

223 1356 387 1427 gitur.
466 1353 533 1405 Et
554 1351 689 1407 illud
706 1352 927 1423 quidem
948 1353 1106 1407 etiam
1129 1354 1217 1406 hic
1238 1362 1442 1419 notum,
1465 1355 1648 1409 avium
1669 1371 1823 1409 voces

228 1426 543 1498 volatusque
585 1427 933 1500 interrogare:
992 1428 1278 1513 proprium
1311 1428 1512 1500 gentiS,
1563 1445 1822 1499 equorum

226 1521 443 1576 quoque
463 1502 737 1576 praesagia
756 1518 816 1557 ac
834 1502 1069 1558 monitus
1101 1502 1350 1574 experiri.
1428 1470 1647 1557 Publice
1671 1502 1827 1558 alun-

226 1589 312 1644 tur
342 1579 532 1632 iisdem
566 1578 873 1633 nemoribus
904 1595 963 1632 ac
992 1577 1128 1632 lucis
1150 1576 1360 1630 candidi
1381 1585 1431 1632 et
1450 1576 1599 1633 nullo
1619 1576 1828 1633 mortali

226 1672 381 1725 opere
411 1656 661 1709 contacti:
724 1671 859 1726 quos
887 1671 1100 1724 pressos
1130 1669 1276 1708 sacro
1305 1670 1467 1708 curru
1494 1654 1734 1708 sacerdos
1765 1671 1826 1708 ac

226 1747 320 1784 rex
360 1729 442 1783 vel
480 1731 729 1800 princeps
755 1729 983 1784 civitatis
1008 1730 1346 1793 comitantur,
1383 1728 1734 1802 hinnitusque
1767 1746 1828 1783 ac

226 1805 470 1860 fremitus
490 1804 790 1860 observant.
852 1806 959 1860 Nec
978 1804 1079 1860 ulli
1100 1803 1346 1876 auspicio
1359 1805 1526 1859 maior
1545 1805 1696 1870 fides,
1720 1822 1825 1860 non

226 1881 401 1935 solum
422 1880 563 1950 apud
586 1879 815 1950 plebem,
847 1879 941 1935 sed
962 1880 1106 1952 apud
1123 1897 1385 1952 procel-cS,
1419 1879 1562 1950 apud
1584 1879 1824 1935 sacerdo-

228 1965 321 2012 tes,
403 1955 471 2009 Se
488 1957 631 2010 enim
654 1955 927 2010 ministros
946 1956 1186 2021 deorum,
1219 1955 1340 2010 illos
1357 1957 1594 2010 conscios
1615 1963 1820 2026 putant.

223 2032 319 2088 Est
340 2040 389 2087 et
410 2031 509 2086 alia
529 2031 825 2087 observatio
846 2031 1229 2103 auspiciorum,
1261 2048 1375 2102 qua
1391 2032 1639 2103 gravium
1659 2030 1826 2086 bello—-

223 2127 345 2164 rum
368 2125 430 2163 ev
435 2115 589 2162 entus
611 2107 901 2178 explorant.
970 2107 1106 2162 Eius
1125 2106 1320 2181 gentiS‚
1349 2124 1476 2162 cum
1495 2125 1601 2179 qua
1622 2105 1824 2163 bellum
1893 2156 1912 2170 ,

224 2192 320 2249 est,
352 2184 643 2254 captivum,
675 2200 893 2256 quoquo
918 2182 1075 2238 modo
1103 2183 1474 2254 interceptum,
1509 2199 1632 2238 cum
1663 2181 1826 2238 electo

223 2259 565 2332 popularium
596 2275 839 2325 suorum,
869 2259 1056 2330 patriis
1075 2275 1347 2330 quemque
1366 2259 1551 2322 armiS,
1582 2259 1826 2312 commit-

222 2342 359 2390 tunt.
438 2334 668 2390 Victoria
700 2335 865 2389 huius
888 2334 971 2390 vel
992 2332 1142 2390 illius
1172 2351 1268 2405 pro
1284 2333 1610 2405 praeiudicio
1631 2334 1825 2404 accipi-

225 2418 416 2540 ιιιιῖἨ.
460 2485 536 2538 De
570 2484 871 2540 minoribus
898 2484 1062 2539 rebus
1089 2483 1360 2556 principes
1393 2481 1716 2552 consultant3
1758 2483 1825 2538 de

226 2559 517 2616 maioribus
543 2577 758 2618 omnes:
802 2561 874 2616 ita
902 2567 1098 2626 tamen,
1140 2567 1200 2614 ut
1227 2577 1284 2614 ea
1312 2575 1550 2630 quoque,
1591 2577 1822 2632 quorum

224 2653 385 2707 penes
405 2635 615 2707 plebem
636 2637 917 2694 arbitrium
938 2645 1036 2704 est,
1052 2635 1195 2708 apud
1214 2635 1484 2706 principes
1501 2642 1824 2706 pertracten-

226 2719 330 2766 tur.
410 2711 629 2781 Coeunt,
648 2714 754 2770 nisi
776 2713 909 2792 quid
928 2712 1206 2770 fortuitum
1228 2719 1276 2766 et
1295 2710 1535 2768 subitum
1555 2711 1800 2770 inciderit
