2081 3038
197 203 440 303 aaa.)
578 238 738 283 mn.
775 238 926 285 xtv.
969 240 1148 287 cAP.
1191 242 1430 288 19-21,
1704 241 1802 293 333

195 358 333 397 coss,
359 338 762 413 quinquennale
784 338 1052 397 ludicrum
1072 340 1271 397 Romae
1291 341 1593 409 institutum
1616 349 1714 409 est,
1734 346 1800 401 ad

197 432 401 473 morem
422 416 609 472 Graeci
627 416 959 473 certaminis.
948 438 960 449 ·
999 418 1145 471 varia
1169 416 1325 484 sama,
1350 426 1411 473 ut
1428 428 1615 475 cuncta
1634 420 1802 475 ferme

197 508 354 547 nova.

305 568 392 623 20.
416 564 630 637 Quippe
649 573 814 631 erant,
839 567 936 639 qui
957 566 1057 623 Cn.
1080 583 1298 640 quoque
1315 567 1664 640 Pompeium
1646 586 1803 625 mcu-

194 649 372 697 satum
403 658 434 695 a
461 640 764 696 senioribus
789 608 1003 708 ferrent,
1029 648 1166 711 quod
1183 660 1489 698 mansuram
1508 648 1698 698 theatri
1720 662 1804 699 se-

192 722 308 771 dem
320 720 595 787 posuisset.
675 715 814 773 Nam
838 728 996 773 antea
1016 722 1293 775 subitariis
1314 722 1565 787 aradibus
1584 728 1633 773 et
1649 736 1804 775 scena

193 798 251 848 in
272 800 471 861 tempus
489 800 692 847 structa
713 794 862 847 ludos
880 797 965 847 edi
981 796 1191 848 solitos.-
1227 796 1325 857 vel,
1346 798 1397 848 si
1413 797 1698 849 vetustiora
1716 811 1805 849 re-

134 901 141 907 ·
188 878 356 937 petas,
397 874 618 922 stantem
655 870 905 935 populum
939 872 1267 937 spectavisse,
1307 886 1387 933 ns,
1416 872 1467 924 si
1499 874 1801 933 consideret,

193 946 398 997 theatro
425 946 537 997 dies
566 950 696 996 totos
725 946 937 1011 iqnavia
957 948 1300 1000 continuaret.
1350 1010 1353 1015 Ι
1376 943 1805 1013 Spectaculorum

191 1022 401 1089 quidem
420 1020 712 1085 antiquitas
727 1026 1044 1081 servaretur,
1060 1022 1569 1087 quotienspraetores
1576 1022 1801 1084 ederem,

190 1096 344 1149 nulla
382 1097 626 1161 cuiquam
665 1094 856 1147 civium
891 1096 1195 1148 necessitate
1234 1097 1485 1149 certandi.
1568 1094 1803 1149 Ceterum

191 1171 414 1223 abolitos
428 1168 708 1235 paullatim
725 1169 928 1234 patrios
945 1184 1113 1222 mores
1129 1172 1366 1237 funditus
1384 1172 1547 1225 everti
1549 1175 1802 1239 peracci-

193 1252 302 1297 tam
321 1244 613 1305 lasciviam,
636 1248 710 1303 ut,
724 1244 862 1311 quod
881 1258 1103 1311 usquam
1123 1248 1389 1312 corrumpi
1406 1252 1454 1298 et
1472 1262 1803 1314 corrumpere

193 1326 366 1388 queat,
398 1321 457 1371 in
481 1319 610 1371 urbe
631 1318 855 1379 visatur,
876 1320 1241 1387 deyeneretque
1259 1322 1447 1373 studiis
1464 1324 1696 1375 externis
1716 1324 1802 1375 iu-

189 1401 392 1457 ventus,
433 1395 707 1461 qymnasia
745 1398 795 1445 et
835 1394 944 1445 otia
980 1400 1030 1446 et
1059 1400 1237 1461 turpes
1264 1410 1467 1448 amores
1484 1399 1798 1459 ‚exercenda

188 1471 432 1540 principe
459 1474 509 1522 et
533 1474 718 1522 senatu
744 1469 1071 1535 auctoribus,
1063 1486 1076 1498 ·
1116 1470 1209 1538 qui
1232 1484 1337 1522 non
1362 1472 1511 1522 modo
1539 1470 1813 1525 licentiam»

187 1547 337 1599 vitiis
347 1545 699 1614 permiserint,
721 1545 812 1596 sed
827 1546 934 1597 vim
956 1545 1264 1598 adhibeant.-
1303 1559 1545 1612 proceres
1563 1545 1797 1608 Romani,
1872 1590 1881 1599 ,

187 1623 360 1690 specie
377 1620 676 1698 orationum·
689 1625 740 1672 et
757 1621 1067 1681 carminum,
1086 1633 1242 1674 scena
1259 1619 1582 1686 polluantur.
1664 1619 1802 1684 Quid

187 1709 473 1764 superesse,
503 1696 609 1747 nisi
637 1701 696 1746 ut
725 1710 948 1762 corpora
975 1709 1179 1764 quoque
1203 1695 1397 1746 nudent
1414 1701 1464 1746 et
1484 1702 1685 1748 caestus
1700 1698 1812 1748 ud·-

189 1776 418 1833 sumant,
439 1777 627 1836 easque
640 1783 848 1836 pugnas
859 1785 962 1837 pro
989 1771 1184 1822 militia
1204 1776 1253 1822 et
1270 1773 1435 1822 armis
1452 1767 1801 1825 meditentur?

190 1846 274 1900 An
300 1847 570 1920 iustitiam·
589 1847 820 1910 augurii,
852 1851 900 1896 et
919 1845 1163 1898 decurias
1189 1847 1419 1912 equitum
1436 1848 1738 1912 eyreqium
1715 1863 1801 1900 tu-

190 1921 410 1975 dicandi
425 1931 614 1972 munus
631 1919 943 1984 empleturos,
963 1923 1011 1971 si
1026 1921 1226 1986 fractos
1242 1931 1396 1972 sonos
1412 1927 1463 1972 et
1480 1919 1802 1974 dulcedinem

191 2011 376 2050 vocum
397 1997 566 2062 perite
591 1989 899 2046 audissent?
936 1991 1124 2048 Noctes
1158 2009 1360 2062 quoque
1386 1993 1627 2048 dedecori
1652 1997 1798 2048 adis-

194 2078 324 2135 ctas,
347 2083 414 2123 ne
431 2069 572 2138 quod
587 2074 785 2136 tempus
792 2070 991 2136 pudori
1005 2070 1355 2136 relinquatur,
1377 2071 1483 2132 sed,
1507 2077 1651 2122 coetu
1667 2085 1799 2138 pro-

191 2150 406 2208 miscuo,
439 2144 578 2213 quod
587 2143 972 2211 perditissimus
993 2146 1212 2212 quisque
1222 2157 1323 2212 per
1338 2145 1475 2196 diem
1494 2148 1799 2211 concupive-

192 2225 283 2285 rit,
299 2235 400 2290 per
422 2219 658 2272 tenebras
675 2221 883 2272 audeat.

301 2296 391 2352 21.
433 2291 689 2348 Pluribus
708 2291 825 2364 ipsa
846 2290 1053 2346 licentia
1074 2289 1331 2362 placebat,
1356 2309 1418 2346 ac
1436 2297 1612 2347 tamen
1634 2291 1801 2346 hono·-

194 2377 273 2426 sta
293 2368 514 2426 nomina
533 2365 966 2440 praetendebant:
1008 2367 1241 2424 Maiores
1268 2383 1471 2436 quoque
1487 2383 1590 2421 non
1608 2369 1800 2420 ablior-

192 2449 363 2502 ruisse
386 2445 801 2514 spectaculorum
829 2445 1234 2506 oblectamentis,
1268 2459 1370 2510 pro
1396 2446 1625 2511 fortuna,
1666 2457 1801 2512 quae

195 2529 300 2576 tum
327 2527 474 2588 erat,·
513 2535 671 2588 eoque
700 2537 736 2573 a
767 2519 948 2572 Tuscis
974 2521 1170 2572 accitos
1199 2520 1491 2580 histriones,
1521 2534 1558 2571 a
1592 2517 1801 2570 Thuriis

194 2611 443 2666 equorum
466 2595 781 2649 certamina.-
819 2601 892 2657 et,
910 2609 1149 2661 possessa
1166 2592 1367 2646 Achaia
1384 2592 1623 2660 Asiaque,
1650 2593 1799 2646 ludos

196 2675 433 2726 curatius
451 2671 641 2724 editos:
680 2685 772 2722 nec
792 2685 1098 2738 quemquam
1118 2667 1321 2730 Romae,
1352 2668 1557 2721 honesto
1578 2669 1693 2730 loco·
1707 2684 1799 2721 or-

193 2755 317 2813 tum,
341 2749 415 2802 ad
435 2745 715 2801 theatrales
733 2751 874 2797 artes
891 2745 1299 2811 deqeneravisse.
1322 2743 1555 2798 diecentis
1572 2745 1678 2797 iam
1696 2757 1797 2796 an-

4 2785 12 2995 t
