2081 3038
200 239 252 277 A.
280 238 329 278 c.
355 221 449 296 19.)
616 233 657 274 L
676 231 699 274 1
716 233 771 276 s.
810 233 879 276 11.
924 233 961 277 c
980 232 1025 289 4
1045 233 1098 278 Ρ.
1129 233 1206 290 ω
1224 235 1386 278 -σ4,
1732 226 1796 280 87

198 327 526 402 stallumque
546 330 695 386 iuxta
712 331 897 385 situm.
965 331 1179 388 Veteres
1197 331 1310 388 illic
1327 332 1624 390 Suevorum
1645 350 1799 405 prae-

200 405 318 470 dae,
332 411 384 460 et
401 404 598 461 nostris
610 421 640 460 e
657 404 949 476 provinciis
969 404 1109 462 lixae
1127 423 1190 461 ac
1208 407 1552 480 negotiatores
1571 409 1764 481 reperti
1779 426 1793 478 3

200 495 340 552 quos
368 479 456 534 ius
492 479 795 535 commercii
810 521 825 546 ,
867 479 993 536 dein
1020 480 1215 552 cupido
1242 482 1471 556 augendi
1488 485 1794 556 pecuniam,

202 561 532 627 postremum
568 553 767 610 oblivio
802 553 1003 626 patriae
1029 555 1148 611 suis
1173 571 1444 630 quemque
1481 559 1550 613 ab
1576 557 1798 616 sedibus

204 628 455 686 hostilem
474 631 534 684 in
553 647 743 704 agrum
764 629 1123 686 transtulerat.

314 708 399 760 63.
440 703 760 760 Maroboduo
776 703 1017 776 undique
1035 703 1244 760 deserto
1267 722 1374 761 non
1394 704 1542 762 aliud
1561 706 1799 763 subsidi-

203 797 321 844 um,
344 796 510 851 quam
542 779 902 836 misericordia
921 779 1182 846 Caesaris,
1211 779 1332 836 fuit.
1411 781 1798 856 Transgressus

202 853 530 920 Danubium,
552 870 661 927 qua
678 854 923 910 Noricam
941 855 1274 927 provinciam
1298 853 1562 927 praefluit,
1583 857 1801 928 scripsit

205 929 435 995 Tiberio,
467 946 571 987 non
601 936 663 985 ut
679 928 941 1004 profugus
960 937 1053 986 aut
1070 929 1319 1002 supplex,
1342 931 1438 986 sed
1455 947 1524 986 ex
1543 932 1798 986 memoria

202 1004 398 1076 prioris⁴
423 1003 687 1061 fortunae:
743 1022 868 1062 nam
894 1008 1071 1070 multis
1095 1009 1416 1070 nationibus,
1451 1009 1800 1068 clarissimum

202 1083 462 1150 quondam
486 1095 657 1151 reqem
681 1083 754 1136 ad
775 1097 831 1135 se
853 1083 1171 1144 vocantibus,
1201 1081 1486 1136 Romanam
1509 1086 1800 1138 amicitiam

195 1158 522 1225 praetulisse.
598 1155 934 1228 Responsum
962 1173 993 1210 a
1020 1154 1262 1222 Caesare,
1304 1165 1471 1217 tutam
1494 1161 1545 1212 ei
1570 1159 1799 1212 honora-

202 1239 407 1300 tamque
432 1234 601 1286 sedem
623 1236 683 1284 in
707 1231 872 1286 Italia
894 1235 1024 1301 sore,
1053 1236 1102 1286 si
1119 1239 1346 1286 maneret
1359 1251 1378 1286 .·
1413 1235 1500 1287 sin
1516 1233 1670 1286 robus
1687 1235 1800 1285 eius

200 1308 350 1361 aliud
368 1309 689 1369 conduceret,
709 1307 975 1362 abiturum
990 1308 1107 1375 fido,
1127 1323 1234 1376 qua
1250 1310 1485 1362 venisset.
1549 1305 1797 1362 Ceterum
1855 1355 1860 1359 ,

200 1379 346 1452 apud
370 1387 615 1436 senatum
642 1379 917 1444 ffisseruit,
945 1397 1049 1434 non
1075 1381 1366 1449 Philippum
1388 1380 1794 1444 Atheniensibus,

200 1473 305 1511 non
342 1457 599 1525 Pyrrhum
632 1463 727 1510 aut
760 1453 1084 1518 Antiochum,
1109 1458 1302 1525 populo
1336 1455 1564 1510 Romano
1582 1459 1800 1525 perinde

200 1534 493 1586 metuendos
508 1534 684 1600 [uisse.
758 1528 947 1585 Exstat
963 1529 1148 1595 oratio,
1168 1546 1278 1602 qua
1295 1534 1701 1599 maqnitudinem
1715 1534 1799 1585 vi·-

200 1610 271 1671 ri,
300 1608 600 1661 violentiam
624 1606 973 1660 subiectarum
999 1608 1050 1658 ei
1076 1607 1319 1673 centium,
1341 1613 1389 1659 et
1409 1619 1566 1673 quam
1577 1610 1798 1674 propin-

202 1697 336 1751 quus
354 1681 545 1735 Italiae
568 1682 744 1741 hostis,
767 1694 967 1749 suaque
991 1683 1048 1733 in
1064 1682 1370 1735 destruendo
1389 1696 1446 1733 eo
1468 1682 1688 1734 consilia
1705 1696 1800 1735 exq

202 1754 344 1810 tulit.
421 1754 491 1809 Et
516 1752 871 1810 Maroboduus
896 1753 1119 1826 quidem
1147 1754 1430 1809 Ravennae
1456 1753 1676 1809 habitus
1692 1796 1706 1820 ,
1749 1755 1799 1809 si

203 1826 420 1901 quando
438 1827 811 1884 insolescerent
818 1826 1001 1895 Suevi,
1015 1829 1173 1902 quasi
1194 1828 1462 1885 rediturus
1473 1829 1532 1884 in
1547 1846 1795 1905 regnum,

203 1902 579 1980 ostentabatur.
656 1902 761 1959 Sed
779 1921 883 1960 non
903 1904 1131 1959 excessit
1149 1903 1296 1960 Italia
1312 1922 1409 1977 per
1432 1903 1798 1979 duodeviginti

206 1995 401 2047 annos3
443 1980 851 2051 consenuitque,
890 1978 1124 2036 multum
1150 1980 1438 2035 imminuta
1463 1978 1696 2055 claritate
1730 1980 1800 2035 ob

205 2054 429 2110 nimiam
470 2052 687 2111 vivendi
722 2053 1047 2125 cupidinem.
1125 2054 1271 2109 Idem
1300 2053 1584 2111 Catualdae
1618 2070 1796 2119 casus,

204 2146 379 2203 neque
398 2127 546 2185 aliud
562 2124 888 2202 perfugium.
965 2129 1162 2185 Pulsus
1182 2128 1328 2185 haud
1345 2128 1516 2184 multo
1532 2135 1652 2199 post
1668 2128 1801 2183 Her-

203 2204 597 2261 mundurorum
614 2202 808 2275 opibus
828 2211 880 2258 et
895 2203 1093 2261 Vibilio
1109 2204 1246 2260 duce
1259 2246 1274 2271 ,
1295 2210 1647 2276 receptusque
1660 2244 1674 2268 ,
1697 2204 1801 2258 Fo-

203 2296 327 2335 rum
356 2277 555 2334 Iulium
570 2320 583 2344 ,
616 2278 974 2335 Narbonensis
994 2278 1196 2335 Galliae
1215 2277 1476 2336 coloniam
1492 2278 1526 2344 ,'
1548 2278 1794 2333 mittitur.

199 2354 419 2411 Barbari
438 2362 729 2427 utrumque
748 2354 1007 2421 comitati,
1038 2372 1108 2410 ne
1134 2355 1344 2429 quietas
1374 2353 1677 2426 provincias
1693 2352 1799 2407 im-

193 2430 359 2486 mixti
378 2430 668 2496 turbarent,
692 2429 996 2485 Danubium
1016 2430 1173 2496 ultra,
1195 2431 1334 2485 inter
1352 2428 1574 2486 flumina
1589 2428 1796 2483 Marum

200 2513 254 2563 et
263 2503 490 2571 Cusum,
504 2504 759 2570 locantur,
774 2499 900 2559 ‘dato
918 2522 1039 2579 rege
1047 2506 1272 2571 Vannio,
1282 2504 1458 2579 gentis
1467 2502 1794 2571 Quadorum.

313 2580 398 2635 64.
439 2578 611 2635 Simul
648 2580 909 2645 nuntiato,
948 2597 1119 2651 regem
1152 2580 1437 2635 Artaxiam
1470 2578 1727 2633 Armeniis
1763 2596 1798 2632 a

205 2655 517 2711 Germanico
534 2658 729 2720 datum,
752 2654 1029 2711 decrevere
1048 2661 1225 2727 patres
1241 2696 1254 2719 ,
1276 2662 1336 2709 ut
1359 2652 1696 2710 Germanicus
1714 2661 1797 2707 at—

202 2747 303 2801 que
322 2731 525 2788 Drusus
543 2738 755 2787 ovantes
770 2734 949 2787 urbem
970 2734 1264 2787 introirent.
1341 2726 1536 2786 Structi
1567 2735 1618 2785 et
1641 2742 1797 2784 arcus
