2081 3038
315 220 413 273 336
624 240 639 249 ·
790 219 889 267 DE
930 218 1440 267 oRA‘ronums

238 332 253 343 ‘
316 335 490 382 tamen
531 322 749 381 illorum
788 331 1092 395 temporum
1121 321 1480 397 eloquentiam
1509 330 1561 378 et
1587 325 1800 397 magnis
1823 342 1917 382 cu·-

316 401 523 457 mulare
569 402 823 473 praemiis
868 399 1215 455 videbantur:
1276 402 1406 472 quia
1449 408 1650 470 quanto
1685 401 1919 473 quisque

316 477 439 549 plus
460 477 683 531 dicendo
702 483 921 547 poterat,
952 483 1094 528 tanto
1117 473 1325 529 facilius
1346 474 1571 530 honores
1589 474 1921 547 adsequeba-

317 562 420 618 tur,
445 560 589 606 tanto
618 552 790 623 magis
810 552 867 605 in
889 550 1024 620 ipsis
1046 550 1338 605 honoribus
1362 549 1610 623 conlegas
1629 567 1756 623 suas
1775 562 1922 607 ante-

316 629 443 694 ibat,
471 626 753 698 tanto‘plus
772 626 914 697 apud
936 627 1206 697 principes
1223 627 1440 699 gratiae,
1453 624 1580 696 plus
1597 627 1921 683 auctoritatis

316 703 461 775 apud
480 712 674 774 patre5‚
706 700 829 772 plus
859 701 1072 756 notitiae
1096 718 1157 755 ac
1177 702 1412 755 nominis
1431 700 1577 772 apud
1595 699 1806 772 plebem
1827 719 1922 773 pa-

316 780 481 833 rabat.
551 779 615 831 Hi
637 775 895 831 clientelis
916 776 1075 830 etiam
1096 784 1398 830 exterarum
1419 777 1694 831 nationum
1721 776 1922 833 redun-

316 854 535 909 dabant:
580 853 677 907 hos
699 853 825 905 ituri
846 853 901 905 in
920 852 1224 922 provincias
1243 852 1585 925 magistratus
1604 852 1921 909 revereban-

318 938 423 993 tur,
450 928 547 982 hos
576 928 776 982 reversi
807 926 1072 982 colebant:
1115 926 1214 982 hos
1242 933 1292 982 et
1311 935 1588 999 praeturae
1605 934 1657 981 et
1673 927 1922 984 consula-

318 1013 404 1059 tus
424 1020 610 1058 vocare
631 1002 769 1057 ultro
789 1002 1136 1058 videbantur:
1179 1001 1238 1056 hi
1259 1020 1326 1057 ne
1345 1004 1538 1074 privati
1557 1003 1780 1075 quidem
1801 1005 1922 1059 sine

315 1087 567 1151 potestate
588 1086 735 1132 erant
750 1119 763 1142 ,
793 1093 918 1131 cum
940 1085 989 1132 et
1010 1076 1272 1149 populum
1291 1085 1342 1132 et
1361 1086 1607 1133 senatum
1628 1078 1851 1134 consilio
1871 1087 1922 1135 et

316 1156 618 1210 auctoritate
637 1159 894 1225 regerent.
938 1152 1254 1218 Quinimmo
1273 1154 1378 1208 sibi
1399 1154 1502 1225 ipsi
1523 1162 1917 1225 persuaserant,

317 1231 585 1282 neminem
616 1228 732 1281 sine
758 1224 1059 1299 eloquentia
1091 1238 1184 1282 aut
1208 1229 1430 1301 adsequi
1458 1231 1690 1300 possein
1710 1232 1922 1286 civitate

316 1312 409 1359 aut
436 1303 572 1359 tueri
604 1303 954 1373 conspicuum
986 1313 1037 1359 et
1065 1305 1387 1359 eminentem
1410 1304 1606 1361 locum.
1685 1306 1796 1360 Nec
1814 1306 1920 1361 mi-

316 1398 460 1446 rum,
502 1396 629 1434 cum
669 1379 829 1434 etiam
867 1380 1025 1435 inviti
1063 1380 1131 1435 ad
1169 1378 1434 1452 populum
1471 1380 1916 1452 producerentur:

316 1474 441 1512 cum
462 1473 651 1528 parum
674 1463 831 1522 esset,
862 1456 921 1511 in
948 1463 1136 1511 senatu
1157 1455 1388 1511 breviter
1407 1474 1641 1523 censere,
1666 1458 1771 1512 nisi
1793 1458 1921 1532 quis

318 1533 532 1607 ingenio
552 1541 603 1587 et
622 1530 921 1604 eloquentia
949 1534 1265 1588 sententiam
1287 1549 1440 1586 suam
1463 1541 1725 1589 tueretur:
1768 1551 1916 1600 cum,

317 1611 372 1663 in
412 1607 648 1679 aliquam
679 1608 941 1663 invidiam
968 1615 1062 1662 aut
1089 1609 1292 1662 crimen
1324 1609 1512 1673 vocati,
1553 1626 1652 1664 sua
1682 1626 1812 1664 voce
1837 1627 1924 1666 re·-

314 1683 686 1754 spondendum
703 1682 1106 1747 haberent,cum
1119 1684 1420 1738 testimonia
1431 1701 1648 1756 quoque
1660 1685 1716 1740 in
1727 1684 1925 1740 iudici-

314 1758 361 1812 is
380 1775 483 1814 non
504 1759 747 1814 absentes
770 1776 867 1814 nec
881 1776 975 1830 per
989 1758 1235 1813 tabellam
1247 1759 1391 1824 dare,
1405 1759 1498 1813 scd
1510 1777 1686 1814 coram
1699 1768 1750 1814 et
1767 1777 1925 1831 prae-

314 1843 491 1889 sentes
527 1835 705 1889 dicere
740 1843 1066 1908 cogerentur.
1145 1835 1220 1888 Ita
1249 1835 1316 1889 ad
1341 1853 1554 1889 summa
1585 1835 1926 1908 eloquentiae

313 1912 549 1981 praemia
572 1927 763 1984 magna
786 1912 944 1965 etiam
966 1911 1254 1965 necessitas
1275 1911 1578 1965 accedebat:
1621 1919 1673 1965 et
1691 1929 1925 1982 quomo-

314 1987 381 2040 do
408 1986 667 2040 disertum
701 1986 903 2051 haberi,
932 1985 1184 2057 pulcrum
1205 1994 1256 2040 et
1273 1984 1598 2060 gloriosum:
1640 1987 1721 2041 sic
1741 1997 1924 2044 contra

314 2070 526 2116 mutum
550 2069 599 2115 et
620 2061 890 2134 elinguem
912 2061 1103 2125 videri,
1131 2060 1368 2116 deforme
1390 2061 1702 2116 habebatur.

364 2137 371 2140 ’
424 2139 507 2191 37.
549 2137 691 2210 Ergo
710 2154 815 2192 non
838 2138 1021 2192 minus
1039 2137 1250 2201 rubore,
1265 2155 1429 2210 quam
1451 2138 1705 2208 praemiis
1725 2139 1927 2195 stimu-

316 2212 577 2276 labantur‚
612 2229 678 2266 ne
705 2212 1078 2268 clientulorum
1104 2212 1224 2268 -loco
1249 2215 1449 2284 potius,
1480 2230 1644 2284 quam
1673 2223 1926 2284 patrono-

314 2305 455 2351 rum,
496 2298 933 2356 numerarentur3
976 2305 1044 2342 ne
1071 2287 1290 2342 traditae
1315 2307 1344 2342 a
1367 2288 1660 2344 maioribus
1685 2293 1926 2346 necessi-

316 2363 525 2416 tudines
545 2362 611 2416 ad
630 2363 763 2418 alios
784 2364 1092 2431 transirent3
1121 2381 1190 2418 ne
1207 2373 1480 2436 tamquam
1499 2365 1714 2428 inerteS,
1738 2373 1793 2419 et
1815 2384 1924 2421 non

314 2437 585 2492 suffecturi
615 2438 929 2505 honoribus,
962 2448 1054 2493 aut
1079 2457 1186 2494 non
1207 2440 1550 2511 inpetrarent,
1573 2447 1666 2494 aut
1685 2441 1927 2512 inpetra-

313 2519 391 2566 tos
420 2511 561 2566 male
588 2521 877 2571 tuerentur.
956 2515 1148 2570 Nescio
1173 2533 1240 2570 an
1261 2516 1505 2570 venerint
1531 2516 1586 2570 in
1609 2533 1807 2571 manus
1830 2534 1926 2571 ve-

313 2594 449 2639 stras
479 2586 608 2641 haec
636 2597 832 2656 vetera,
874 2607 1013 2662 quae
1038 2599 1090 2644 et
1107 2591 1165 2645 in
1187 2592 1610 2662 antiquariorum
1633 2590 1926 2646 bibliothe-

312 2658 389 2712 cis
419 2659 596 2716 adhuc
624 2673 859 2729 manent,
904 2673 954 2720 et
979 2682 1105 2719 cum
1134 2666 1368 2720 maxime
1395 2683 1424 2719 a
1444 2666 1690 2720 Muciano
1711 2675 1928 2721 contra-

310 2729 543 2788 ι-Ἶιηιινε
586 2751 649 2788 ac
665 2739 775 2792 iam
798 2738 1069 2808 undecim,
1099 2743 1384 2811 ut'opinor,
1415 2741 1668 2796 Actorum
1693 2741 1850 2796 libris
1871 2749 1925 2796 et
