2081 3038
591 221 1008 275 AGR-ICOLA.
1053 225 1208 275 cAP.
1252 227 1297 273 5.
1341 228 1391 273 6.
1686 220 1786 277 275

193 346 258 383 ne
297 326 427 383 alias
467 328 795 384 exercitatior
831 330 1113 403 magisque
1150 329 1205 383 in
1238 329 1488 402 ambiguo
1518 329 1783 383 Britannia

191 403 311 458 fuit.
391 402 658 479 Trucidati
683 404 933 469 veterani,
967 405 1215 459 incensae
1234 403 1483 469 coloniae,
1514 405 1787 475 intercepti

193 479 484 534 exercitus:
527 486 643 533 tum
667 478 733 533 de
760 478 948 545 salute,
991 497 1119 535 mox
1138 479 1205 533 de
1225 479 1459 545 victoria,
1502 487 1780 535 certavere.

192 553 339 620 Quae
358 560 544 609 cuncta
565 555 664 609 etsi
685 554 924 609 consiliis
944 555 1218 627 ductuque
1237 554 1454 609 alterius
1474 554 1781 628 agebantur,

194 648 252 683 ac
271 647 483 684 summa
505 648 684 685 rerum
705 638 755 684 et
774 630 1089 701 reciperatae
1106 630 1409 702 provinciae
1426 629 1593 703 gloria
1614 631 1671 698 in·
1685 630 1787 683 du-

193 722 308 759 cem
328 706 511 774 cessit3
536 713 701 760 artem
723 714 770 759 et
791 724 953 760 usum
975 715 1025 759 et
1046 704 1291 760 stimulos
1308 704 1555 759 addidere
1569 705 1782 759 iuveni:

191 780 514 852 intravitque
539 780 781 836 animum
821 780 1066 835 militaris
1092 781 1289 854 gloriae
1326 779 1539 852 cupido,
1582 780 1787 853 ingrata

194 856 540 927 temporibuS,
562 856 764 928 quibus
784 856 1000 911 sinistra
1020 874 1143 929 erga
1164 858 1457 910 eminentes
1475 856 1787 927 interpreta-

194 932 291 996 tio,
329 948 426 986 nec
453 931 635 986 minus
669 931 968 1003 periculum
1000 948 1066 985 ex
1097 948 1288 1005 magna
1318 930 1484 996 fama,
1526 948 1691 1003 quam
1720 948 1785 985 ex

195 1009 349 1062 mala.

299 1086 348 1137 6.
391 1082 527 1137 Hinc
554 1082 621 1137 ad
650 1081 998 1154 capessendos
1028 1082 1367 1156 magistratus
1397 1082 1451 1136 in
1484 1082 1670 1145 urbem
1702 1080 1785 1135 ‹li-

189 1176 424 1233 gressuS‚
467 1158 750 1213 Domitiam
792 1158 1151 1222 Decidianam‚
1194 1157 1487 1229 splendidis
1521 1157 1783 1211 natalibus

190 1242 374 1299 ortam,
399 1234 504 1290 sibi
524 1234 718 1299 iunxit.
787 1232 952 1304 quue
973 1234 1372 1288 matrimonium
1394 1234 1460 1287 ad
1480 1234 1677 1288 ma10ra
1699 1234 1784 1287 ni-

193 1310 317 1363 tenti
346 1308 509 1364 decus
537 1325 597 1362 ac
625 1307 788 1363 robur
813 1306 930 1362 fuit.
1009 1308 1378 1380 Vixeruntque
1406 1311 1541 1362 mira
1569 1325 1784 1363 concor-

190 1384 295 1448 dia,
319 1400 414 1454 per
433 1390 677 1437 mutuam
699 1383 964 1435 caritatem
991 1390 1043 1435 et
1060 1383 1291 1436 invicem
1313 1399 1369 1436 se
1389 1382 1751 1453 anteponendo
1775 1400 1787 1433 :

195 1459 296 1513 nisi
337 1457 480 1530 quod
519 1458 576 1511 in
603 1457 741 1511 bona
771 1473 934 1511 uxore
965 1463 1109 1511 tanto
1138 1458 1305 1511 maior
1335 1457 1469 1523 laus,
1502 1466 1698 1530 quanto
1725 1458 1782 1510 in

192 1533 330 1589 mala
365 1533 491 1606 plus
529 1532 716 1604 culpae
763 1539 860 1586 est.
940 1529 1065 1586 Sors
1104 1539 1418 1603 quaesturae
1453 1533 1782 1602 provinciam

192 1609 394 1675 Asiam,
421 1606 794 1680 proconsulem
819 1605 1063 1663 Salvium
1083 1607 1371 1671 Titianum,
1398 1607 1559 1662 dedit.
1640 1605 1785 1674 Quo-

188 1691 313 1740 ‘rum
334 1692 519 1739 neutro
538 1691 828 1754 conruptus
848 1689 952 1738 est:
995 1699 1324 1754 quamquam
1345 1690 1395 1736 et
1411 1683 1683 1754 provincia
1698 1681 1784 1737 di-

191 1778 284 1816 ves
315 1777 376 1814 ac
401 1767 578 1831 parata
597 1758 957 1830 peccantibuS,
986 1767 1036 1812 et
1055 1757 1339 1830 proconsul
1359 1758 1416 1813 in
1434 1776 1645 1814 omnem
1668 1759 1783 1814 avi-

191 1835 405 1890 ditatem
430 1852 651 1906 pronus,
679 1833 1008 1907 quantalibet
1035 1832 1282 1889 facilitate
1304 1832 1676 1906 redempturus
1696 1851 1783 1888 es-

190 1919 270 1966 set
288 1918 531 1964 mutuam
550 1908 1027 1964 dissimulationem
1048 1909 1193 1964 mali.
1235 1908 1438 1964 Auctus
1458 1917 1537 1964 est
1555 1909 1631 1964 ibi
1648 1909 1776 1974 filia,

189 1988 245 2040 in
268 1985 571 2040 subsidium
595 1992 644 2039 et
663 1983 909 2040 solatium
929 1984 1124 2040 simul:
1167 2003 1291 2039 nam
1320 1983 1491 2040 filium
1512 1993 1629 2038 ante
1649 1984 1782 2038 sub-

190 2061 355 2116 latum
377 2060 528 2116 brevi
546 2061 742 2114 amisit.
803 2061 928 2115 Mox
945 2061 1083 2115 inter
1100 2069 1441 2132 quaesturam
1462 2078 1522 2115 ac
1540 2061 1781 2115 tribuna-

186 2146 303 2192 tum
323 2136 496 2209 plebis
515 2143 674 2207 atque
691 2137 848 2190 etiam
870 2135 1050 2207 ipsum
1080 2135 1379 2190 tribunatus
1403 2153 1604 2190 annum
1627 2137 1782 2208 quie-

187 2221 237 2268 te
256 2220 310 2268 et
325 2212 430 2268 otio
449 2212 674 2276 transiit,
687 2227 887 2284 gnarus
905 2211 1009 2265 sub
1019 2211 1225 2265 Nerone
1245 2220 1563 2284 temporum,
1578 2211 1779 2283 quibus

184 2289 375 2343 inertia
400 2303 499 2358 pro
529 2286 783 2357 sapientia
810 2285 928 2340 suit.
1007 2286 1153 2340 Idem
1173 2295 1447 2358 praeturae
1468 2295 1615 2342 tenor
1635 2294 1685 2341 et
1706 2287 1782 2340 si-

185 2363 439 2418 lentium:
494 2379 590 2416 nec
625 2361 770 2415 enim
810 2360 1107 2416 iurisdictio
1144 2361 1446 2418 obvenerat.
1524 2361 1703 2417 Ludos
1730 2370 1781 2416 et

185 2439 366 2493 inania
395 2437 612 2492 honoris
639 2435 1010 2492 moderationis
1042 2445 1199 2508 atque
1226 2437 1579 2493 abundantiae
1603 2438 1775 2504 duxit,

187 2515 263 2568 uti
293 2513 447 2587 longe
467 2531 496 2568 a
517 2511 750 2578 luxuria,
783 2511 855 2566 ita
875 2510 1046 2566 famae
1063 2513 1292 2585 propior.
1374 2512 1511 2568 Tum
1533 2512 1729 2568 electus
1750 2531 1779 2566 a

184 2587 355 2644 Galba
382 2588 450 2644 ad
470 2587 607 2645 dona
625 2585 943 2662 templorum
964 2589 1401 2662 recognoscenda,
1429 2587 1779 2664 diligentissi-

183 2681 274 2718 ma
313 2663 698 2736 conquisitione
735 2662 876 2731 fecit,
916 2681 985 2720 ne
1009 2665 1166 2722 cuius
1194 2663 1411 2720 alterius
1438 2665 1775 2740 sacrilegium

180 2739 506 2812 respublica,
529 2758 694 2816 quam
713 2741 938 2799 Neronis
957 2741 1231 2800 sensisset.
1248 2815 1287 2874 S
1324 2819 1358 2877 2
