2081 3038
188 285 237 319 A.
264 282 311 319 c.
336 264 429 338 23.)
620 273 779 318 [ΑΒ.
818 272 918 318 1v.
962 272 1358 322 calna-3.
1699 267 1794 322 ⁴45

184 373 426 502 {flantia
458 373 605 428 haud
632 373 819 428 minus
848 374 1057 438 noxiae,
1091 373 1336 444 quotiens
1366 371 1600 444 parando
1630 387 1795 446 regno

204 456 482 518 inpuntur.

264 489 347 578 D2.
390 523 513 578 Vim
562 521 946 593 praefecturae,
1002 520 1268 576 modicam
1314 528 1462 576 antea
1479 563 1492 587 ,
1542 521 1790 583 intendit,

183 597 457 669 dispersas
482 613 579 670 per
606 597 795 652 urbem
823 597 1062 654 cohortes
1092 614 1198 651 una
1230 597 1287 650 in
1307 602 1474 650 castra
1494 596 1794 652 conducen-

184 673 281 741 do;
315 679 375 728 ut
394 671 559 728 simul
580 671 803 743 imperia
824 671 1150 744 acciperent,
1179 673 1516 742 'numeroque
1541 677 1592 724 et
1611 671 1794 726 robore

186 757 241 802 et
261 749 384 803 visu
404 748 541 802 inter
560 763 619 802 se
647 747 841 804 fiducia
867 748 1032 820 ipsiS,
1067 748 1124 802 in
1156 754 1354 803 ceteros
1385 753 1564 804 metus
1587 744 1795 800 didere-

186 831 296 877 tur.
360 820 767 889 ,Praetendebau
791 827 1034 878 lascivire
1052 826 1267 878 militem
1287 825 1582 876 diductum.-
1601 824 1651 877 at·
1669 823 1795 889 quid

183 899 413 954 subitum
440 901 677 965 inqrnat,
716 902 915 954 maiore
941 901 1150 954 auxilio
1177 903 1384 966 parite-r
1413 899 1681 950 subveniri
1691 913 1709 948 .·
1747 903 1794 948 et

184 975 417 1028 severius
442 981 652 1028 actm-oe
666 1013 681 1038 ,
712 976 761 1028 si
786 977 982 1030 vallum
1006 981 1274 1031 statuatur
1288 974 1478 1042 procul
1495 973 1642 1026 urbis
1660 972 1794 1024 inle-

187 1049 369 1108 cebris.
446 1047 513 1104 Ut
548 1043 779 1120 perfecta
814 1056 945 1104 eunt
982 1056 1152 1104 castra
1167 1089 1180 1114 ,
1231 1048 1476 1120 inrepere
1511 1044 1792 1119 paullatim

182 1121 445 1178 militares
471 1124 677 1180 animos
692 1165 707 1189 ,
739 1123 1008 1188 adeunde,
1038 1121 1379 1197 adpellando:
1420 1120 1587 1178 simul
1607 1128 1794 1176 centu—

182 1198 363 1254 riones
382 1216 445 1256 ac
460 1199 705 1256 tribunos
723 1199 841 1270 ipse
860 1197 1112 1272 deligere.
1188 1199 1378 1271 Neque
1395 1197 1659 1254 senatorio
1675 1215 1792 1254 am-

182 1272 303 1328 bitu
324 1273 647 1339 abstinebat,
678 1274 896 1332 clientes
926 1290 1054 1330 suos
1074 1271 1370 1330 honoribus
1388 1280 1482 1329 aut
1497 1274 1792 1346 provinciis

182 1348 410 1408 ornandi
424 1391 437 1415 ,
460 1347 603 1407 facili
624 1349 835 1404 Tiberio
854 1357 1015 1420 atque
1032 1347 1106 1407 ita
1123 1365 1292 1420 prono
1305 1387 1320 1414 ,
1348 1356 1410 1403 ut
1425 1353 1626 1405 socium
1643 1351 1794 1404 labo-

181 1441 331 1488 rum,
362 1441 468 1480 non
486 1423 643 1482 modo
663 1423 722 1478 in
742 1421 1082 1478 sermonibus
1099 1463 1113 1488 ,
1143 1422 1239 1478 sed
1268 1421 1412 1494 apud
1430 1430 1608 1493 patres
1628 1430 1680 1477 et
1697 1439 1794 1493 po-

182 1497 379 1571 pulum
411 1497 725 1564 celebraret,
767 1497 977 1570 colique
1004 1513 1101 1568 per
1130 1497 1330 1553 theatra
1356 1503 1410 1553 ct
1435 1494 1547 1555 fora
1589 1495 1793 1570 effigies

183 1575 325 1639 ciue,
347 1574 594 1645 interque
613 1572 877 1644 principia
896 1572 1172 1646 legionum
1192 1572 1407 1629 sineret.

298 1652 351 1703 3.
372 1646 376 1653 ’
394 1646 643 1703 Ceterum
664 1646 817 1719 plena
838 1647 1126 1705 Caesarum
1145 1646 1338 1706 domus
1353 1691 1366 1713 ,
1389 1648 1602 1707 iuvenis
1621 1646 1790 1713 filius,

185 1731 405 1797 nepotes
424 1720 621 1788 adulti,
654 1740 851 1778 moram
872 1724 1071 1800 cupitis
1091 1722 1422 1782 adferebant:
1465 1732 1542 1789 et,
1575 1723 1706 1796 quia
1736 1724 1792 1781 vi
1838 1731 1848 1738 “

186 1805 263 1855 tot
283 1796 451 1855 simul
468 1798 729 1869 corripere
748 1798 983 1855 intutum
998 1840 1012 1865 ,
1045 1798 1200 1855 dolus
1227 1799 1504 1856 intervalla
1523 1798 1788 1855 ‘scelerum

186 1873 455 1946 poscebat.
534 1873 735 1929 Placuit
759 1882 933 1931 tamen
960 1870 1214 1932 occultior
1242 1877 1328 1931 via
1343 1917 1356 1941 ,
1387 1884 1440 1931 et
1462 1893 1496 1931 a
1515 1876 1688 1934 Druso
1706 1876 1794 1929 in-

184 1950 393 2021 cipere,
424 1949 482 2005 in
510 1966 671 2022 quem
702 1951 896 2027 recenti
922 1950 999 2005 ira
1030 1949 1313 2007 ferebatur.
1393 1952 1528 2011 Nam
1560 1952 1788 2014 Drusus,

185 2024 475 2095 impatiens
502 2024 699 2082 aemuli
730 2034 781 2080 et
810 2026 988 2085 animo
1008 2027 1344 2092 commotior,
1374 2035 1487 2082 orto
1513 2025 1646 2081 forte
1677 2025 1794 2079 iur-

182 2100 275 2173 gio
289 2141 304 2165 ‚
344 2099 638 2157 intenderat
664 2098 853 2159 Seiano
880 2119 1077 2159 manus
1091 2144 1106 2168 ,
1147 2111 1200 2157 et
1227 2110 1406 2157 contra
1439 2099 1701 2155 tendentis
1729 2115 1790 2155 os

173 2174 571 2245 ‚verberaverat
650 2176 817 2251 Igitur
844 2186 1033 2233 cuncta
1065 2177 1284 2233 tentanti
1323 2173 1790 2246 promptissimum

188 2250 371 2313 visum
386 2290 401 2317 ,
420 2250 491 2313 ,ad
508 2266 731 2310 uxorem
752 2252 869 2307 eius
890 2253 1102 2309 Liviam
1121 2258 1460 2311 convertere:
1485 2266 1626 2321 quae
1643 2266 1792 2305 soror

187 2324 522 2393 Germanici,
554 2324 754 2383 formae
779 2327 933 2383 initio
962 2327 1146 2381 aetatis
1175 2324 1479 2391 indecorae,
1509 2342 1643 2379 mox
1660 2322 1794 2395 'pul-

184 2398 489 2467 chritudine
521 2400 893 2471 praecellebat.
969 2398 1145 2467 Hanc,
1195 2407 1258 2455 ut
1297 2416 1476 2455 amore
1512 2400 1788 2463 incensus,

186 2472 447 2531 adulterio
474 2474 720 2547 pellexit:
764 2484 843 2541 et,
873 2483 1158 2547 postquam
1187 2475 1351 2546 primi
1376 2472 1564 2546 flagitii
1594 2473 1792 2545 potitus

186 2556 287 2614 est,
310 2547 506 2621 (neque
525 2547 745 2616 femina,
762 2550 961 2606 amissa
980 2550 1257 2629 pudicitia,
1281 2547 1384 2603 alia
1405 2547 1696 2621 abnuerit);
1727 2547 1794 2605 acl

188 2624 425 2698 coniugii
444 2642 596 2697 spem
610 2667 633 2691 „
656 2626 982 2685 consortium
1004 2625 1184 2697 regni,
1215 2632 1268 2677 et
1286 2638 1470 2677 necem
1491 2624 1794 2680 mariti-im-

186 2698 345 2770 pulit.
424 2700 602 2773 Atque
622 2700 742 2767 illa,
766 2700 854 2756 eui
872 2698 1178 2756 avunculus
1197 2696 1478 2770 Augustus
1495 2740 1508 2763 ,
1537 2714 1683 2756 socer
1704 2699 1796 2753 Ti-

187 2774 373 2902 berlius
390 2817 403 2842 ,
431 2776 704 2903 ex1Druso
734 2773 915 2839 liberi,
946 2790 1114 2846 seque
1141 2790 1202 2827 ac
1226 2773 1452 2899 maigres
1482 2782 1533 2829 et
1559 2782 1684 2845 post*

311 2868 476 2905 Aen-us
548 2890 559 2903 .
