2081 3038
279 208 376 261 338
751 214 854 259 DE
893 212 1399 259 ORATORIBUS

275 315 460 386 pserit,
495 318 636 369 tanto
664 312 815 371 altior
835 320 888 369 et
905 312 1163 369 excel-ior
1182 323 1233 369 et
1256 313 1367 369 illis
1388 313 1663 369 nobilitata
1684 314 1879 371 discri-

275 389 516 443 minibus
545 389 602 444 in
629 406 722 445 ore
747 390 1030 447 hominum
1058 391 1185 463 agit,
1228 406 1460 462 quorum
1481 406 1542 445 ea
1565 398 1759 445 natura
1778 399 1877 458 est,

275 474 335 519 ut
353 482 538 519 secura
561 463 748 520 nolint.

385 544 470 595 38.
514 540 746 597 Transeo
766 538 834 596 ad
859 538 1085 595 formam
1104 547 1157 594 et
1172 538 1611 595 consuetudinem
1632 548 1881 596 veterum

275 615 627 672 iudiciorum:
669 634 808 689 quae
825 618 924 671 etsi
947 632 1093 671 nunc
1108 616 1277 686 aptior
1295 616 1604 679 estcivitati,
1618 614 1884 687 eloquen-

275 693 403 746 tiam
435 700 610 763 tamen
637 691 772 747 illud
801 690 975 747 forum
1001 693 1174 763 magis
1195 690 1485 753 exercebat,
1510 692 1567 745 in
1586 708 1696 763 quo
1716 708 1881 748 nemo

275 768 412 822 intra
445 769 796 837 paucissimas
826 766 980 822 horas
1001 782 1245 838 perorare
1261 766 1563 838 cogebatur,
1604 775 1657 820 et
1677 765 1881 821 liberae

276 844 852 914 comperendinationes
872 850 1038 905 erant,
1053 848 1105 896 et
1124 840 1344 895 modum
1363 840 1573 895 dicendi
1592 841 1698 896 sibi
1718 844 1881 914 quis-

275 937 382 993 que
409 919 672 982 sumebat,
711 928 763 974 et
789 936 1051 975 numerus
1080 933 1255 988 neque
1272 916 1482 971 dierum
1503 934 1679 988 neque
1698 927 1880 989 patro-

277 1014 464 1051 norum
501 995 799 1049 finiebatur.
880 994 1096 1049 Primus
1126 992 1256 1047 baec
1282 992 1436 1047 tertio
1460 990 1739 1047 consulatu
1772 992 1874 1049 Cn.

277 1073 559 1141 Pompeius
599 1069 908 1133 adstrinxit,
960 1068 1309 1139 inposuitque
1344 1066 1507 1122 veluti
1546 1066 1723 1122 frenos
1766 1068 1880 1123 elo-

273 1148 538 1216 quentiae,
582 1147 650 1197 ita
676 1154 870 1207 tamen,
913 1151 973 1197 ut
995 1144 1177 1197 omnia
1198 1143 1255 1197 in
1277 1141 1405 1208 foro,
1427 1142 1607 1197 omnia
1636 1142 1874 1217 legibus,

273 1220 448 1273 omnia
489 1218 630 1287 apud
671 1227 934 1289 praetores
971 1226 1310 1291 gererentur:
1352 1217 1496 1289 apud
1514 1235 1653 1290 quos
1672 1228 1879 1290 quanto

273 1294 468 1346 maiora
513 1295 717 1366 negotia
754 1292 886 1348 olim
915 1294 1150 1348 exerceri
1180 1291 1333 1349 solita
1360 1294 1487 1358 sint,
1527 1294 1675 1365 quod
1695 1295 1876 1349 maius

273 1378 646 1441 argumentum
675 1379 772 1432 est,
812 1386 980 1441 quam
1009 1368 1158 1441 quod
1186 1386 1406 1424 caussae
1436 1370 1872 1437 centumvitales,

273 1462 410 1516 quae
434 1462 576 1499 nunc
596 1446 826 1515 primum
846 1444 1089 1500 obtinent
1109 1444 1303 1509 locum,
1326 1444 1455 1499 adeo
1474 1442 1755 1515 splendore
1776 1444 1877 1500 ali-

271 1539 424 1576 orum
447 1521 763 1576 iudiciorum
784 1522 1167 1586 obruebantur,
1194 1529 1252 1576 ut
1270 1537 1444 1592 neque
1463 1521 1754 1586 Ciceronis,
1780 1540 1877 1578 ne·-

272 1614 380 1667 que
411 1597 670 1660 CaesariS,
703 1615 876 1669 neque
904 1598 1075 1662 Bruti,
1100 1613 1275 1668 neque
1294 1595 1477 1661 Coelii,
1500 1613 1677 1668 neque
1696 1597 1871 1664 Calvi,

272 1689 374 1724 non
407 1671 639 1742 denique
672 1672 834 1727 ullius
861 1675 1045 1746 magni
1072 1673 1293 1728 oratoris
1314 1671 1448 1726 liber
1466 1671 1610 1744 apud
1627 1680 1876 1728 centum-

273 1748 415 1800 viros
441 1747 616 1800 dictus
651 1747 870 1820 legatur,
901 1750 1137 1820 exceptis
1157 1747 1485 1804 orationibus
1503 1748 1697 1813 Asinii,
1732 1765 1876 1820 quae

267 1841 367 1890 pro
409 1826 712 1877 haeredibus
737 1825 983 1878 Urbiniae
1011 1824 1402 1888 inscribuntur,
1450 1822 1517 1878 ab
1546 1824 1665 1894 ipso
1694 1832 1875 1879 tamen

272 1897 504 1952 Pollione
526 1898 715 1953 mediis
735 1899 844 1952 divi
867 1899 1099 1973 Augusti
1120 1898 1449 1971 temporibus
1468 1897 1695 1963 habitae,
1726 1909 1877 1970 post-

269 1991 434 2045 quam
467 1972 620 2046 longa
651 1983 947 2044 temporum
975 1976 1133 2047 quies
1161 1983 1213 2028 et
1230 1974 1541 2028 continuum
1564 1974 1751 2044 populi
1774 1976 1877 2030 oti-

271 2067 364 2103 um
386 2060 436 2102 et
455 2049 676 2104 adsidua
697 2059 911 2104 senatus
931 2049 1292 2122 tranquillitas
1308 2058 1361 2104 et
1374 2050 1597 2103 maximi
1608 2051 1875 2120 principis

267 2123 548 2194 disciplina
572 2125 744 2196 ipsam
760 2141 976 2197 quoque
991 2125 1371 2200 eloquentiam,
1386 2124 1526 2179 sicut
1543 2125 1724 2179 omnia
1746 2125 1871 2193 alia,

307 2209 563 2254 acaverat.

267 2217 304 2270 p
381 2278 464 2328 39.
508 2276 736 2330 Parvum
766 2283 819 2330 et
851 2272 1139 2330 ridiculum
1172 2273 1389 2332 fortasse
1416 2273 1704 2340 videbitur,
1725 2275 1877 2346 quod

267 2349 509 2404 dicturus
557 2369 712 2406 sum:
773 2349 948 2406 dicam
991 2360 1187 2417 tamen,
1229 2349 1314 2406 vel
1338 2349 1473 2414 ideo,
1516 2357 1576 2403 ut
1612 2349 1871 2405 rideatur.

269 2424 541 2490 Quantum
582 2423 901 2480 humilitatis
944 2435 1197 2497 putamus
1242 2425 1574 2498 eloquentiae
1612 2424 1877 2480 adtulisse

265 2499 524 2569 paenulas
545 2503 692 2565 istas,
717 2502 918 2572 quibus
937 2501 1173 2556 adstricti
1194 2510 1245 2557 et
1262 2501 1409 2557 velut
1428 2499 1627 2556 inclusi
1645 2517 1772 2555 cum
1784 2502 1878 2556 iu·-

265 2572 478 2628 dicibus
518 2572 857 2630 fabulamur?
890 2585 1153 2647 quantum
1198 2578 1398 2632 virium
1425 2576 1720 2632 detraxisse
1752 2593 1877 2631 ora-

263 2646 394 2699 tioni
423 2646 683 2702 auditoria
704 2657 756 2704 et
774 2649 1033 2704 tabularia
1051 2650 1339 2715 credimus,
1362 2651 1419 2704 in
1440 2649 1646 2722 quibus
1663 2651 1775 2705 iam
1796 2650 1877 2706 fe-

275 2732 321 2768 ·13
354 2718 624 2786 plurimae
647 2739 868 2779 caussae
894 2723 1261 2796 explicantur?
1305 2725 1439 2780 Nam
1474 2725 1748 2798 quomodo
1776 2743 1878 2782 no-
