2081 3038
308 210 407 263 346
784 214 881 259 DE
922 212 1432 260 ORATORIBUS

308 326 359 371 et
394 317 513 386 ipse
540 317 671 371 satis
699 311 1015 371 manifestus
1045 322 1125 369 est
1153 314 1469 371 iamdudum
1498 316 1554 370 in
1587 318 1917 373 contrarium

306 392 532 465 accingi,
577 408 675 445 nec
711 407 882 463 aequo
922 390 1102 445 animo
1129 388 1361 462 perferre
1387 390 1528 447 hanc
1555 399 1787 447 nostram
1819 410 1919 464 pro

307 467 651 538 antiquorum
673 466 829 521 laude
847 466 1202 522 concordiam.

415 541 534 598 Non
562 543 726 606 enim,
768 542 947 613 inquit
973 540 1134 612 Aper,
1175 539 1478 596 inauditum
1503 548 1553 596 et
1572 540 1916 599 indefensum

306 616 582 672 saeculum
611 622 851 671 nostrum
880 618 1050 687 patiar
1082 614 1180 669 hac
1200 623 1372 671 vestra
1402 617 1792 689 conspiratione
1821 618 1914 673 da-

307 694 504 748 mnari.
560 690 663 746 Sed
684 690 784 746 hoe
802 692 1042 763 primum
1065 690 1416 765 interrogabo,
1441 708 1578 763 quos
1601 693 1798 747 vocetis
1820 711 1918 748 an-

308 771 506 840 tiquos,
548 784 712 839 quam
742 776 1008 821 oratorum
1038 773 1259 820 aetatem
1287 766 1585 839 signatione
1611 767 1712 821 ista
1743 768 1917 823 deter-

310 840 563 899 minetis?
596 842 711 915 Ego
740 844 882 897 enim
915 859 1040 896 cum
1070 840 1228 896 audio
1247 842 1515 915 antiquoS,
1538 843 1800 915 quosdam
1825 862 1916 897 ve-

306 928 442 973 teres
482 925 535 972 et
566 916 696 973 olim
736 924 886 972 natos
925 915 1194 990 intelligo;
1235 934 1297 971 ac
1323 917 1462 971 mihi
1485 924 1763 973 versantur
1794 927 1915 974 ante

304 993 487 1050 oculos
517 992 739 1066 Ulysses
776 1001 827 1046 et
855 992 1063 1057 Nestor,
1107 1010 1339 1063 quorum
1377 1000 1517 1047 aetas
1547 991 1696 1047 mille
1726 992 1836 1048 fere
1865 1003 1914 1049 et

308 1068 434 1125 CCC
477 1070 633 1121 annis
670 1065 945 1121 saeculum
985 1073 1227 1121 nostrum
1265 1066 1548 1123 antecedit:
1613 1086 1705 1122 vos
1733 1078 1912 1123 autem

307 1142 713 1199 Demosthenem
743 1150 793 1194 et
822 1140 1148 1215 Hyperidem
1177 1140 1443 1212 profertiS,
1475 1160 1612 1214 quos
1637 1143 1766 1198 satis
1787 1162 1914 1199 con-

304 1225 406 1273 stat
434 1214 669 1288 Philippi
698 1222 748 1270 et
779 1215 1065 1271 Alexandri
1096 1217 1425 1289 temporibus
1453 1214 1715 1284 floruisse,
1741 1220 1814 1273 ita
1837 1228 1914 1274 ta-

308 1310 451 1358 men,
493 1298 553 1348 ut
580 1292 796 1363 utrique
824 1291 1136 1363 superstites
1162 1300 1354 1346 essent.
1435 1292 1517 1346 Ex
1544 1311 1652 1364 quo
1673 1294 1910 1365 adparet,

306 1386 412 1425 non
451 1365 619 1422 mutto
658 1367 859 1439 plureS,
904 1384 1070 1440 quam
1101 1365 1271 1422 CCCC
1301 1385 1466 1423 annos
1497 1369 1752 1423 interesse
1777 1370 1913 1425 inter

308 1452 541 1500 nostram
564 1451 614 1497 et
632 1443 1001 1501 Demosthenis
1022 1448 1263 1497 aetatem.
1343 1441 1496 1509 Quod
1523 1444 1754 1515 spatium
1781 1452 1912 1501 tem-

306 1523 450 1593 poris
480 1521 526 1574 si
558 1518 626 1573 ad
656 1518 1015 1574 infirmitatem
1048 1536 1328 1590 corporum
1360 1527 1659 1575 nostrorum
1689 1519 1908 1586 νεῖαι-38,

309 1596 527 1652 fortasse
568 1595 786 1667 longum
819 1595 1087 1661 videatur3
1130 1594 1197 1649 ad
1224 1603 1466 1649 naturam
1497 1595 1833 1651 saeculorum
1862 1607 1912 1652 et

306 1678 606 1742 respectum
646 1669 880 1725 inmensi
922 1669 1087 1725 huius
1125 1670 1241 1725 aevi
1280 1687 1540 1741 perquam
1580 1670 1742 1725 breve
1773 1681 1823 1725 et
1854 1673 1910 1727 in

303 1743 549 1817 proximo
570 1751 666 1798 est.
748 1744 884 1799 Nam
916 1745 983 1809 si,
1024 1751 1084 1798 ut
1105 1743 1287 1799 Cicero
1317 1745 1373 1799 in
1400 1746 1674 1802 Hortensio
1701 1747 1908 1813 scribit,

305 1827 351 1876 is
371 1829 444 1876 est
464 1835 683 1890 maqnus
702 1830 750 1874 et
772 1837 923 1876 verus
943 1837 1129 1883 (mmm,
1161 1838 1261 1890 quo
1281 1825 1456 1874 eadem
1472 1824 1665 1892 positio
1687 1825 1816 1876 coeli
1835 1829 1912 1877 si-

303 1902 599 1966 derumque,
633 1913 766 1965 quae
796 1913 909 1949 cum
939 1899 1167 1950 maxime
1187 1903 1277 1958 est,
1307 1913 1518 1950 rursum
1539 1900 1741 1960 existet,
1766 1902 1912 1967 isque

303 1990 473 2026 annus
508 1975 707 2034 horum,
751 1988 879 2040 quos
917 1987 1008 2024 nos
1047 1988 1304 2033 vocamus,
1350 1989 1608 2024 annorum
1642 1975 1911 2028 duodecim

304 2051 471 2102 millia
515 2055 793 2114 nonqentos
834 2050 1213 2114 quinquaqinta
1261 2054 1488 2114 quatuor
1526 2049 1910 2117 complectitur,-

306 2122 493 2194 incipit
520 2121 899 2175 Demosthenes
924 2129 1117 2185 vester,
1149 2137 1313 2192 quem
1335 2139 1430 2175 vos
1453 2128 1682 2176 veterem
1705 2129 1754 2177 et
1773 2125 1910 2178 anti-

305 2216 477 2270 quum
501 2196 722 2270 fingitis,
748 2213 851 2250 uon
874 2195 1049 2250 solum
1071 2197 1253 2251 eodem
1275 2213 1414 2251 anno
1433 2214 1542 2269 quo
1562 2198 1788 2263 nos,sed
1809 2197 1910 2252 fer-

306 2291 392 2326 me
412 2271 595 2327 eodem
618 2288 801 2326 mense
822 2271 1106 2326 exstitisse.

417 2348 498 2402 ⁴7.
541 2345 643 2402 Sed
669 2354 874 2401 transeo
901 2346 968 2400 ad
989 2346 1202 2401 Latinos
1221 2353 1469 2412 oratoreS,
1503 2347 1557 2402 in
1579 2346 1783 2420 quibus
1805 2366 1908 2404 uon

304 2423 635 2487 Menenium,
670 2430 728 2476 ut
746 2429 895 2493 puto,
927 2421 1242 2494 Agrippam,
1275 2423 1371 2493 qui
1392 2429 1562 2493 potest
1581 2421 1751 2478 videri
1773 2427 1910 2480 anti-

304 2514 469 2567 quus,
494 2503 794 2552 nostrorum
818 2506 1118 2568 temporum
1139 2496 1350 2551 disertis
1371 2505 1687 2569 anteponere
1705 2497 1906 2563 soletiS,

305 2570 398 2625 sed
419 2570 725 2627 Ciceronem
765 2579 815 2625 et
843 2571 1122 2627 Caesarem
1163 2578 1212 2625 et
1241 2570 1482 2629 Coelium
1521 2579 1571 2626 et
1589 2570 1819 2628 Calvum
1862 2583 1913 2628 et

304 2643 529 2700 Brutum
568 2653 619 2699 et
646 2645 894 2702 Asinium
938 2656 987 2702 et
1016 2645 1319 2702 Messalam.
1399 2647 1544 2714 Quos
1569 2647 1792 2720 quidem
1814 2667 1912 2704 cur

306 2718 542 2789 antiquis
572 2721 901 2792 temporibus
925 2722 1107 2794 potius
1126 2720 1457 2790 adscribatis,
1499 2738 1665 2796 quam
1687 2723 1906 2791 nostriS,

2028 2755 2036 2798 Σ

2027 2848 2044 2937 t

2019 2968 2044 2981 L
