<?xml version="1.0" encoding="UTF-8"?>
<!DOCTYPE html PUBLIC "-//W3C//DTD XHTML 1.0 Transitional//EN"
    "http://www.w3.org/TR/xhtml1/DTD/xhtml1-transitional.dtd">
<html xmlns="http://www.w3.org/1999/xhtml" xml:lang="en" lang="en">
 <head>
  <title>
</title>
<meta http-equiv="Content-Type" content="text/html;charset=utf-8" />
  <meta name='ocr-system' content='tesseract 3.04.00' />
  <meta name='ocr-capabilities' content='ocr_page ocr_carea ocr_par ocr_line ocrx_word'/>
</head>
<body>
  <div class='ocr_page' id='page_1' title='image "./operaquoadextan03tacigoog_0730.png"; bbox 0 0 2081 3038; ppageno 0'>
   <div class='ocr_carea' id='block_1_1' title="bbox 332 220 1452 273">
    <p class='ocr_par' dir='ltr' id='par_1_1' title="bbox 332 220 1452 273">
     <span class='ocr_line' id='line_1_1' title="bbox 332 220 1452 273; baseline -0.003 -2"><span class='ocrx_word' id='word_1_1' title='bbox 332 220 429 273; x_wconf 72' lang='lat'>320</span> <span class='ocrx_word' id='word_1_2' title='bbox 804 224 904 271; x_wconf 84' lang='lat' dir='ltr'>DE</span> <span class='ocrx_word' id='word_1_3' title='bbox 944 222 1452 271; x_wconf 78' lang='lat' dir='ltr'>ORATORIBUS</span> 
     </span>
    </p>
   </div>
   <div class='ocr_carea' id='block_1_2' title="bbox 260 323 1942 2790">
    <p class='ocr_par' dir='ltr' id='par_1_2' title="bbox 260 323 1940 2035">
     <span class='ocr_line' id='line_1_2' title="bbox 333 323 1939 398; baseline -0.001 -17"><span class='ocrx_word' id='word_1_4' title='bbox 333 334 384 381; x_wconf 86' lang='lat' dir='ltr'>et</span> <span class='ocrx_word' id='word_1_5' title='bbox 402 323 547 379; x_wconf 89' lang='lat' dir='ltr'>cultu</span> <span class='ocrx_word' id='word_1_6' title='bbox 570 324 988 398; x_wconf 79' lang='lat' dir='ltr'><strong>descriptionum</strong></span> <span class='ocrx_word' id='word_1_7' title='bbox 1008 324 1266 381; x_wconf 84' lang='lat' dir='ltr'>invitatus</span> <span class='ocrx_word' id='word_1_8' title='bbox 1285 333 1336 380; x_wconf 90' lang='lat' dir='ltr'>et</span> <span class='ocrx_word' id='word_1_9' title='bbox 1355 330 1646 396; x_wconf 88' lang='lat' dir='ltr'>conruptus</span> <span class='ocrx_word' id='word_1_10' title='bbox 1666 328 1766 389; x_wconf 85' lang='lat' dir='ltr'>est,</span> <span class='ocrx_word' id='word_1_11' title='bbox 1779 338 1939 381; x_wconf 80' lang='lat' dir='ltr'>aver-</span> 
     </span>
     <span class='ocr_line' id='line_1_3' title="bbox 330 397 1940 475; baseline -0.001 -21"><span class='ocrx_word' id='word_1_12' title='bbox 330 407 477 455; x_wconf 82' lang='lat' dir='ltr'><strong>satur</strong></span> <span class='ocrx_word' id='word_1_13' title='bbox 515 399 796 455; x_wconf 83' lang='lat' dir='ltr'><strong>dicentem.</strong></span> <span class='ocrx_word' id='word_1_14' title='bbox 876 399 1088 475; x_wconf 82' lang='lat' dir='ltr'><strong>Vulgus</strong></span> <span class='ocrx_word' id='word_1_15' title='bbox 1116 417 1334 474; x_wconf 90' lang='lat' dir='ltr'>quoque</span> <span class='ocrx_word' id='word_1_16' title='bbox 1359 399 1732 455; x_wconf 81' lang='lat' dir='ltr'><strong>adsistentium</strong></span> <span class='ocrx_word' id='word_1_17' title='bbox 1757 406 1812 454; x_wconf 85' lang='lat' dir='ltr'>et</span> <span class='ocrx_word' id='word_1_18' title='bbox 1840 397 1940 454; x_wconf 85' lang='lat' dir='ltr'>ad·-</span> 
     </span>
     <span class='ocr_line' id='line_1_4' title="bbox 331 474 1937 550; baseline 0 -21"><span class='ocrx_word' id='word_1_19' title='bbox 331 474 501 530; x_wconf 86' lang='lat' dir='ltr'>fluens</span> <span class='ocrx_word' id='word_1_20' title='bbox 532 483 583 530; x_wconf 89' lang='lat' dir='ltr'>et</span> <span class='ocrx_word' id='word_1_21' title='bbox 613 493 781 550; x_wconf 83' lang='lat' dir='ltr'>vagus</span> <span class='ocrx_word' id='word_1_22' title='bbox 806 476 1013 532; x_wconf 82' lang='lat' dir='ltr'><strong>auditor</strong></span> <span class='ocrx_word' id='word_1_23' title='bbox 1040 476 1284 532; x_wconf 87' lang='lat' dir='ltr'>adsuevit</span> <span class='ocrx_word' id='word_1_24' title='bbox 1310 477 1415 532; x_wconf 89' lang='lat' dir='ltr'>iam</span> <span class='ocrx_word' id='word_1_25' title='bbox 1447 476 1660 549; x_wconf 81' lang='lat' dir='ltr'>exigere</span> <span class='ocrx_word' id='word_1_26' title='bbox 1680 474 1937 539; x_wconf 75' lang='lat' dir='ltr'>laetitiam</span> 
     </span>
     <span class='ocr_line' id='line_1_5' title="bbox 329 547 1940 625; baseline -0.001 -20"><span class='ocrx_word' id='word_1_27' title='bbox 329 558 379 605; x_wconf 84' lang='lat' dir='ltr'>et</span> <span class='ocrx_word' id='word_1_28' title='bbox 407 549 865 622; x_wconf 87' lang='lat' dir='ltr'>pulchritudinem</span> <span class='ocrx_word' id='word_1_29' title='bbox 895 552 1175 620; x_wconf 85' lang='lat' dir='ltr'>orationis;</span> <span class='ocrx_word' id='word_1_30' title='bbox 1218 567 1317 607; x_wconf 88' lang='lat' dir='ltr'>nec</span> <span class='ocrx_word' id='word_1_31' title='bbox 1345 552 1518 625; x_wconf 82' lang='lat' dir='ltr'>magis</span> <span class='ocrx_word' id='word_1_32' title='bbox 1543 547 1744 622; x_wconf 81' lang='lat' dir='ltr'>perfert</span> <span class='ocrx_word' id='word_1_33' title='bbox 1769 549 1827 605; x_wconf 92' lang='lat' dir='ltr'>in</span> <span class='ocrx_word' id='word_1_34' title='bbox 1849 551 1940 605; x_wconf 88' lang='lat' dir='ltr'>iu-</span> 
     </span>
     <span class='ocr_line' id='line_1_6' title="bbox 328 624 1938 699; baseline -0.002 -18"><span class='ocrx_word' id='word_1_35' title='bbox 328 626 485 681; x_wconf 88' lang='lat' dir='ltr'>diciis</span> <span class='ocrx_word' id='word_1_36' title='bbox 514 626 717 681; x_wconf 80' lang='lat' dir='ltr'>tristem</span> <span class='ocrx_word' id='word_1_37' title='bbox 750 634 802 681; x_wconf 90' lang='lat' dir='ltr'>et</span> <span class='ocrx_word' id='word_1_38' title='bbox 829 628 1081 699; x_wconf 86' lang='lat' dir='ltr'>inpexam</span> <span class='ocrx_word' id='word_1_39' title='bbox 1111 625 1500 699; x_wconf 71' lang='lat' dir='ltr'>antiquitatem,</span> <span class='ocrx_word' id='word_1_40' title='bbox 1541 642 1705 697; x_wconf 88' lang='lat' dir='ltr'>quam</span> <span class='ocrx_word' id='word_1_41' title='bbox 1733 625 1784 680; x_wconf 85' lang='lat' dir='ltr'>si</span> <span class='ocrx_word' id='word_1_42' title='bbox 1809 624 1938 698; x_wconf 87' lang='lat' dir='ltr'>quis</span> 
     </span>
     <span class='ocr_line' id='line_1_7' title="bbox 328 700 1939 774; baseline -0.001 -18"><span class='ocrx_word' id='word_1_43' title='bbox 328 702 387 756; x_wconf 91' lang='lat' dir='ltr'>in</span> <span class='ocrx_word' id='word_1_44' title='bbox 417 719 575 756; x_wconf 85' lang='lat' dir='ltr'>scena</span> <span class='ocrx_word' id='word_1_45' title='bbox 603 702 780 758; x_wconf 87' lang='lat' dir='ltr'>Roscii</span> <span class='ocrx_word' id='word_1_46' title='bbox 810 710 902 757; x_wconf 88' lang='lat' dir='ltr'>aut</span> <span class='ocrx_word' id='word_1_47' title='bbox 930 702 1217 774; x_wconf 85' lang='lat' dir='ltr'>Turpionis</span> <span class='ocrx_word' id='word_1_48' title='bbox 1245 700 1485 755; x_wconf 87' lang='lat' dir='ltr'>Ambivii</span> <span class='ocrx_word' id='word_1_49' title='bbox 1513 701 1816 771; x_wconf 84' lang='lat' dir='ltr'>exprimere</span> <span class='ocrx_word' id='word_1_50' title='bbox 1841 716 1939 773; x_wconf 82' lang='lat' dir='ltr'>ge-</span> 
     </span>
     <span class='ocr_line' id='line_1_8' title="bbox 330 774 1935 847; baseline -0.001 -16"><span class='ocrx_word' id='word_1_51' title='bbox 330 785 445 831; x_wconf 89' lang='lat' dir='ltr'>stus</span> <span class='ocrx_word' id='word_1_52' title='bbox 466 776 611 831; x_wconf 86' lang='lat' dir='ltr'>velit.</span> <span class='ocrx_word' id='word_1_53' title='bbox 692 777 804 831; x_wconf 90' lang='lat' dir='ltr'>Iam</span> <span class='ocrx_word' id='word_1_54' title='bbox 838 794 960 833; x_wconf 88' lang='lat' dir='ltr'>vero</span> <span class='ocrx_word' id='word_1_55' title='bbox 987 777 1210 832; x_wconf 83' lang='lat' dir='ltr'>iuvenes</span> <span class='ocrx_word' id='word_1_56' title='bbox 1241 786 1292 831; x_wconf 85' lang='lat' dir='ltr'>et</span> <span class='ocrx_word' id='word_1_57' title='bbox 1312 776 1367 830; x_wconf 92' lang='lat' dir='ltr'>in</span> <span class='ocrx_word' id='word_1_58' title='bbox 1389 776 1505 847; x_wconf 89' lang='lat' dir='ltr'>ipsa</span> <span class='ocrx_word' id='word_1_59' title='bbox 1525 774 1830 831; x_wconf 88' lang='lat' dir='ltr'>studiorum</span> <span class='ocrx_word' id='word_1_60' title='bbox 1850 776 1935 830; x_wconf 91' lang='lat' dir='ltr'>in-</span> 
     </span>
     <span class='ocr_line' id='line_1_9' title="bbox 330 850 1932 924; baseline -0.002 -17"><span class='ocrx_word' id='word_1_61' title='bbox 330 852 465 907; x_wconf 92' lang='lat' dir='ltr'>cude</span> <span class='ocrx_word' id='word_1_62' title='bbox 482 851 662 923; x_wconf 89' lang='lat' dir='ltr'>positi,</span> <span class='ocrx_word' id='word_1_63' title='bbox 675 852 771 924; x_wconf 88' lang='lat' dir='ltr'>qui</span> <span class='ocrx_word' id='word_1_64' title='bbox 794 850 1060 923; x_wconf 80' lang='lat' dir='ltr'>profectus</span> <span class='ocrx_word' id='word_1_65' title='bbox 1081 852 1168 907; x_wconf 88' lang='lat' dir='ltr'>sui</span> <span class='ocrx_word' id='word_1_66' title='bbox 1189 868 1376 905; x_wconf 80' lang='lat' dir='ltr'><strong>caussa</strong></span> <span class='ocrx_word' id='word_1_67' title='bbox 1393 857 1624 907; x_wconf 83' lang='lat' dir='ltr'>oratores</span> <span class='ocrx_word' id='word_1_68' title='bbox 1643 857 1932 921; x_wconf 85' lang='lat' dir='ltr'>sectantur,</span> 
     </span>
     <span class='ocr_line' id='line_1_10' title="bbox 333 924 1934 998; baseline -0.002 -17"><span class='ocrx_word' id='word_1_69' title='bbox 333 945 437 983; x_wconf 87' lang='lat' dir='ltr'>non</span> <span class='ocrx_word' id='word_1_70' title='bbox 476 925 651 981; x_wconf 83' lang='lat' dir='ltr'>solum</span> <span class='ocrx_word' id='word_1_71' title='bbox 691 926 895 993; x_wconf 87' lang='lat' dir='ltr'>audire,</span> <span class='ocrx_word' id='word_1_72' title='bbox 938 926 1031 981; x_wconf 90' lang='lat' dir='ltr'>sed</span> <span class='ocrx_word' id='word_1_73' title='bbox 1070 928 1228 981; x_wconf 89' lang='lat' dir='ltr'>etiam</span> <span class='ocrx_word' id='word_1_74' title='bbox 1256 924 1452 981; x_wconf 80' lang='lat' dir='ltr'>referre</span> <span class='ocrx_word' id='word_1_75' title='bbox 1476 925 1698 982; x_wconf 90' lang='lat' dir='ltr'>domum</span> <span class='ocrx_word' id='word_1_76' title='bbox 1728 924 1934 998; x_wconf 86' lang='lat' dir='ltr'>aliquid</span> 
     </span>
     <span class='ocr_line' id='line_1_11' title="bbox 329 998 1934 1075; baseline -0.001 -19"><span class='ocrx_word' id='word_1_77' title='bbox 329 1002 555 1058; x_wconf 83' lang='lat' dir='ltr'>inlustre</span> <span class='ocrx_word' id='word_1_78' title='bbox 585 1009 637 1057; x_wconf 89' lang='lat' dir='ltr'>et</span> <span class='ocrx_word' id='word_1_79' title='bbox 662 1000 888 1075; x_wconf 83' lang='lat' dir='ltr'>dignum</span> <span class='ocrx_word' id='word_1_80' title='bbox 921 1001 1176 1057; x_wconf 89' lang='lat' dir='ltr'>memoria</span> <span class='ocrx_word' id='word_1_81' title='bbox 1198 998 1410 1057; x_wconf 85' lang='lat' dir='ltr'>volunt:</span> <span class='ocrx_word' id='word_1_82' title='bbox 1455 1000 1774 1073; x_wconf 85' lang='lat' dir='ltr'>traduntque</span> <span class='ocrx_word' id='word_1_83' title='bbox 1791 1001 1934 1055; x_wconf 81' lang='lat' dir='ltr'>invi-</span> 
     </span>
     <span class='ocr_line' id='line_1_12' title="bbox 329 1075 1930 1147; baseline -0.001 -16"><span class='ocrx_word' id='word_1_84' title='bbox 329 1094 466 1144; x_wconf 89' lang='lat' dir='ltr'>cem,</span> <span class='ocrx_word' id='word_1_85' title='bbox 501 1094 562 1131; x_wconf 86' lang='lat' dir='ltr'>ac</span> <span class='ocrx_word' id='word_1_86' title='bbox 590 1094 747 1147; x_wconf 84' lang='lat' dir='ltr'>saepe</span> <span class='ocrx_word' id='word_1_87' title='bbox 776 1078 832 1131; x_wconf 90' lang='lat' dir='ltr'>in</span> <span class='ocrx_word' id='word_1_88' title='bbox 863 1076 1096 1131; x_wconf 88' lang='lat' dir='ltr'>colonias</span> <span class='ocrx_word' id='word_1_89' title='bbox 1119 1093 1180 1130; x_wconf 87' lang='lat' dir='ltr'>ac</span> <span class='ocrx_word' id='word_1_90' title='bbox 1197 1076 1501 1147; x_wconf 87' lang='lat' dir='ltr'>provincias</span> <span class='ocrx_word' id='word_1_91' title='bbox 1519 1094 1648 1131; x_wconf 86' lang='lat' dir='ltr'>suas</span> <span class='ocrx_word' id='word_1_92' title='bbox 1668 1075 1930 1140; x_wconf 87' lang='lat' dir='ltr'>scribunt,</span> 
     </span>
     <span class='ocr_line' id='line_1_13' title="bbox 329 1149 1932 1223; baseline -0.001 -17"><span class='ocrx_word' id='word_1_93' title='bbox 329 1154 445 1206; x_wconf 89' lang='lat' dir='ltr'>sive</span> <span class='ocrx_word' id='word_1_94' title='bbox 484 1168 676 1205; x_wconf 88' lang='lat' dir='ltr'>sensus</span> <span class='ocrx_word' id='word_1_95' title='bbox 716 1149 915 1222; x_wconf 90' lang='lat' dir='ltr'>aliquis</span> <span class='ocrx_word' id='word_1_96' title='bbox 954 1158 1140 1223; x_wconf 85' lang='lat' dir='ltr'>arguta</span> <span class='ocrx_word' id='word_1_97' title='bbox 1169 1159 1221 1205; x_wconf 89' lang='lat' dir='ltr'>et</span> <span class='ocrx_word' id='word_1_98' title='bbox 1249 1151 1395 1207; x_wconf 87' lang='lat' dir='ltr'>brevi</span> <span class='ocrx_word' id='word_1_99' title='bbox 1427 1152 1684 1206; x_wconf 87' lang='lat' dir='ltr'>sententia</span> <span class='ocrx_word' id='word_1_100' title='bbox 1714 1150 1932 1215; x_wconf 82' lang='lat' dir='ltr'>effulsit,</span> 
     </span>
     <span class='ocr_line' id='line_1_14' title="bbox 260 1224 1935 1299; baseline 0 -20"><span class='ocrx_word' id='word_1_101' title='bbox 260 1231 268 1240; x_wconf 91' lang='grc'><strong>’</strong></span> <span class='ocrx_word' id='word_1_102' title='bbox 329 1227 445 1282; x_wconf 87' lang='lat' dir='ltr'>sive</span> <span class='ocrx_word' id='word_1_103' title='bbox 466 1224 613 1281; x_wconf 88' lang='lat' dir='ltr'>locus</span> <span class='ocrx_word' id='word_1_104' title='bbox 634 1226 901 1297; x_wconf 85' lang='lat' dir='ltr'>exquisito</span> <span class='ocrx_word' id='word_1_105' title='bbox 932 1234 982 1280; x_wconf 90' lang='lat' dir='ltr'>et</span> <span class='ocrx_word' id='word_1_106' title='bbox 1005 1226 1209 1298; x_wconf 90' lang='lat' dir='ltr'>poetico</span> <span class='ocrx_word' id='word_1_107' title='bbox 1230 1225 1377 1281; x_wconf 91' lang='lat' dir='ltr'>cultu</span> <span class='ocrx_word' id='word_1_108' title='bbox 1398 1226 1606 1281; x_wconf 87' lang='lat' dir='ltr'>enituit.</span> <span class='ocrx_word' id='word_1_109' title='bbox 1685 1226 1935 1299; x_wconf 80' lang='lat' dir='ltr'>Exigitur</span> 
     </span>
     <span class='ocr_line' id='line_1_15' title="bbox 330 1300 1936 1375; baseline -0.001 -20"><span class='ocrx_word' id='word_1_110' title='bbox 330 1301 476 1356; x_wconf 91' lang='lat' dir='ltr'>enim</span> <span class='ocrx_word' id='word_1_111' title='bbox 496 1300 603 1355; x_wconf 87' lang='lat' dir='ltr'>iam</span> <span class='ocrx_word' id='word_1_112' title='bbox 624 1300 691 1356; x_wconf 88' lang='lat' dir='ltr'>ab</span> <span class='ocrx_word' id='word_1_113' title='bbox 710 1308 911 1356; x_wconf 89' lang='lat' dir='ltr'>oratore</span> <span class='ocrx_word' id='word_1_114' title='bbox 932 1301 1092 1356; x_wconf 91' lang='lat' dir='ltr'>etiam</span> <span class='ocrx_word' id='word_1_115' title='bbox 1109 1302 1349 1375; x_wconf 87' lang='lat' dir='ltr'>poeticus</span> <span class='ocrx_word' id='word_1_116' title='bbox 1369 1300 1544 1366; x_wconf 90' lang='lat' dir='ltr'>decor,</span> <span class='ocrx_word' id='word_1_117' title='bbox 1570 1318 1674 1357; x_wconf 90' lang='lat' dir='ltr'>non</span> <span class='ocrx_word' id='word_1_118' title='bbox 1693 1300 1825 1357; x_wconf 83' lang='lat' dir='ltr'>Attii</span> <span class='ocrx_word' id='word_1_119' title='bbox 1846 1308 1936 1355; x_wconf 86' lang='lat' dir='ltr'>aut</span> 
     </span>
     <span class='ocr_line' id='line_1_16' title="bbox 329 1374 1936 1449; baseline -0.001 -19"><span class='ocrx_word' id='word_1_120' title='bbox 329 1376 549 1431; x_wconf 83' lang='lat' dir='ltr'>Pacuvii</span> <span class='ocrx_word' id='word_1_121' title='bbox 570 1384 785 1433; x_wconf 86' lang='lat' dir='ltr'>veterno</span> <span class='ocrx_word' id='word_1_122' title='bbox 803 1377 1140 1449; x_wconf 59' lang='lat' dir='ltr'>inquinatura,</span> <span class='ocrx_word' id='word_1_123' title='bbox 1165 1376 1258 1431; x_wconf 89' lang='lat' dir='ltr'>sed</span> <span class='ocrx_word' id='word_1_124' title='bbox 1278 1393 1344 1431; x_wconf 89' lang='lat' dir='ltr'>ex</span> <span class='ocrx_word' id='word_1_125' title='bbox 1363 1376 1562 1431; x_wconf 87' lang='lat' dir='ltr'>Horatii</span> <span class='ocrx_word' id='word_1_126' title='bbox 1581 1383 1632 1431; x_wconf 89' lang='lat' dir='ltr'>et</span> <span class='ocrx_word' id='word_1_127' title='bbox 1649 1374 1865 1449; x_wconf 84' lang='lat' dir='ltr'>Virgilii</span> <span class='ocrx_word' id='word_1_128' title='bbox 1888 1383 1936 1429; x_wconf 87' lang='lat' dir='ltr'>et</span> 
     </span>
     <span class='ocr_line' id='line_1_17' title="bbox 330 1450 1936 1526; baseline 0 -21"><span class='ocrx_word' id='word_1_129' title='bbox 330 1451 532 1507; x_wconf 90' lang='lat' dir='ltr'>Lucani</span> <span class='ocrx_word' id='word_1_130' title='bbox 552 1452 781 1508; x_wconf 87' lang='lat' dir='ltr'>sacrario</span> <span class='ocrx_word' id='word_1_131' title='bbox 800 1452 1056 1526; x_wconf 76' lang='lat' dir='ltr'>prolatuS.</span> <span class='ocrx_word' id='word_1_132' title='bbox 1123 1453 1325 1507; x_wconf 88' lang='lat' dir='ltr'>Horum</span> <span class='ocrx_word' id='word_1_133' title='bbox 1348 1452 1512 1526; x_wconf 85' lang='lat' dir='ltr'>igitur</span> <span class='ocrx_word' id='word_1_134' title='bbox 1530 1450 1752 1506; x_wconf 87' lang='lat' dir='ltr'>auribus</span> <span class='ocrx_word' id='word_1_135' title='bbox 1775 1459 1827 1506; x_wconf 90' lang='lat' dir='ltr'>et</span> <span class='ocrx_word' id='word_1_136' title='bbox 1851 1451 1936 1505; x_wconf 90' lang='lat' dir='ltr'>iu-</span> 
     </span>
     <span class='ocr_line' id='line_1_18' title="bbox 330 1527 1935 1601; baseline -0.001 -19"><span class='ocrx_word' id='word_1_137' title='bbox 330 1527 486 1585; x_wconf 87' lang='lat' dir='ltr'>diciis</span> <span class='ocrx_word' id='word_1_138' title='bbox 504 1529 875 1601; x_wconf 87' lang='lat' dir='ltr'>obtemperans</span> <span class='ocrx_word' id='word_1_139' title='bbox 899 1537 1200 1585; x_wconf 90' lang='lat' dir='ltr'>nostrorum</span> <span class='ocrx_word' id='word_1_140' title='bbox 1220 1535 1487 1582; x_wconf 89' lang='lat' dir='ltr'>oratorum</span> <span class='ocrx_word' id='word_1_141' title='bbox 1507 1535 1670 1593; x_wconf 87' lang='lat' dir='ltr'>aetas,</span> <span class='ocrx_word' id='word_1_142' title='bbox 1699 1527 1935 1599; x_wconf 80' lang='lat' dir='ltr'>pulcrior</span> 
     </span>
     <span class='ocr_line' id='line_1_19' title="bbox 331 1601 1936 1676; baseline -0.001 -19"><span class='ocrx_word' id='word_1_143' title='bbox 331 1611 382 1657; x_wconf 89' lang='lat' dir='ltr'>et</span> <span class='ocrx_word' id='word_1_144' title='bbox 408 1605 639 1660; x_wconf 87' lang='lat' dir='ltr'>ornatior</span> <span class='ocrx_word' id='word_1_145' title='bbox 665 1605 884 1660; x_wconf 88' lang='lat' dir='ltr'>exstitit.</span> <span class='ocrx_word' id='word_1_146' title='bbox 963 1606 1152 1676; x_wconf 89' lang='lat' dir='ltr'>Neque</span> <span class='ocrx_word' id='word_1_147' title='bbox 1181 1603 1298 1658; x_wconf 93' lang='lat' dir='ltr'>ideo</span> <span class='ocrx_word' id='word_1_148' title='bbox 1331 1604 1513 1658; x_wconf 89' lang='lat' dir='ltr'>minus</span> <span class='ocrx_word' id='word_1_149' title='bbox 1540 1601 1782 1657; x_wconf 81' lang='lat' dir='ltr'>efficaces</span> <span class='ocrx_word' id='word_1_150' title='bbox 1807 1610 1936 1657; x_wconf 88' lang='lat' dir='ltr'>sunt</span> 
     </span>
     <span class='ocr_line' id='line_1_20' title="bbox 329 1677 1937 1752; baseline 0.001 -21"><span class='ocrx_word' id='word_1_151' title='bbox 329 1679 591 1734; x_wconf 87' lang='lat' dir='ltr'>orationes</span> <span class='ocrx_word' id='word_1_152' title='bbox 620 1687 849 1746; x_wconf 86' lang='lat' dir='ltr'>nostrae,</span> <span class='ocrx_word' id='word_1_153' title='bbox 886 1680 1013 1752; x_wconf 90' lang='lat' dir='ltr'>quia</span> <span class='ocrx_word' id='word_1_154' title='bbox 1045 1678 1109 1733; x_wconf 89' lang='lat' dir='ltr'>ad</span> <span class='ocrx_word' id='word_1_155' title='bbox 1137 1695 1292 1733; x_wconf 89' lang='lat' dir='ltr'>aures</span> <span class='ocrx_word' id='word_1_156' title='bbox 1318 1677 1672 1735; x_wconf 88' lang='lat' dir='ltr'>iudicantium</span> <span class='ocrx_word' id='word_1_157' title='bbox 1694 1695 1822 1732; x_wconf 90' lang='lat' dir='ltr'>cum</span> <span class='ocrx_word' id='word_1_158' title='bbox 1844 1695 1937 1734; x_wconf 86' lang='lat' dir='ltr'>vo-</span> 
     </span>
     <span class='ocr_line' id='line_1_21' title="bbox 330 1751 1935 1826; baseline 0.001 -20"><span class='ocrx_word' id='word_1_159' title='bbox 330 1751 530 1824; x_wconf 87' lang='lat' dir='ltr'>luptate</span> <span class='ocrx_word' id='word_1_160' title='bbox 556 1755 894 1826; x_wconf 87' lang='lat' dir='ltr'>perveniunt.</span> <span class='ocrx_word' id='word_1_161' title='bbox 975 1752 1116 1821; x_wconf 89' lang='lat' dir='ltr'>Quid</span> <span class='ocrx_word' id='word_1_162' title='bbox 1145 1754 1312 1820; x_wconf 89' lang='lat' dir='ltr'>enim,</span> <span class='ocrx_word' id='word_1_163' title='bbox 1354 1753 1403 1808; x_wconf 88' lang='lat' dir='ltr'>si</span> <span class='ocrx_word' id='word_1_164' title='bbox 1426 1752 1719 1809; x_wconf 85' lang='lat' dir='ltr'>infirmiora</span> <span class='ocrx_word' id='word_1_165' title='bbox 1739 1753 1935 1808; x_wconf 92' lang='lat' dir='ltr'>horum</span> 
     </span>
     <span class='ocr_line' id='line_1_22' title="bbox 330 1826 1938 1900; baseline 0 -18"><span class='ocrx_word' id='word_1_166' title='bbox 330 1837 631 1900; x_wconf 82' lang='lat' dir='ltr'>temporum</span> <span class='ocrx_word' id='word_1_167' title='bbox 651 1829 846 1900; x_wconf 85' lang='lat' dir='ltr'>templa</span> <span class='ocrx_word' id='word_1_168' title='bbox 866 1829 1069 1894; x_wconf 76' lang='lat' dir='ltr'>credaS,</span> <span class='ocrx_word' id='word_1_169' title='bbox 1084 1829 1211 1900; x_wconf 87' lang='lat' dir='ltr'>quia</span> <span class='ocrx_word' id='word_1_170' title='bbox 1233 1846 1336 1884; x_wconf 93' lang='lat' dir='ltr'>non</span> <span class='ocrx_word' id='word_1_171' title='bbox 1360 1826 1482 1884; x_wconf 89' lang='lat' dir='ltr'>rudi</span> <span class='ocrx_word' id='word_1_172' title='bbox 1501 1835 1773 1885; x_wconf 87' lang='lat' dir='ltr'>caemento</span> <span class='ocrx_word' id='word_1_173' title='bbox 1791 1828 1938 1883; x_wconf 89' lang='lat' dir='ltr'>etin-</span> 
     </span>
     <span class='ocr_line' id='line_1_23' title="bbox 330 1902 1938 1978; baseline 0 -21"><span class='ocrx_word' id='word_1_174' title='bbox 330 1902 594 1961; x_wconf 82' lang='lat' dir='ltr'>formibus</span> <span class='ocrx_word' id='word_1_175' title='bbox 622 1903 818 1978; x_wconf 85' lang='lat' dir='ltr'>tegulis</span> <span class='ocrx_word' id='word_1_176' title='bbox 853 1910 1223 1970; x_wconf 85' lang='lat' dir='ltr'>exstruuntur,</span> <span class='ocrx_word' id='word_1_177' title='bbox 1266 1903 1362 1959; x_wconf 89' lang='lat' dir='ltr'>sed</span> <span class='ocrx_word' id='word_1_178' title='bbox 1392 1920 1654 1960; x_wconf 87' lang='lat' dir='ltr'>marmore</span> <span class='ocrx_word' id='word_1_179' title='bbox 1682 1904 1854 1959; x_wconf 85' lang='lat' dir='ltr'>nitent</span> <span class='ocrx_word' id='word_1_180' title='bbox 1887 1910 1938 1957; x_wconf 86' lang='lat' dir='ltr'>et</span> 
     </span>
     <span class='ocr_line' id='line_1_24' title="bbox 330 1977 790 2035; baseline -0.002 -2"><span class='ocrx_word' id='word_1_181' title='bbox 330 1996 460 2035; x_wconf 87' lang='lat' dir='ltr'>auro</span> <span class='ocrx_word' id='word_1_182' title='bbox 479 1977 790 2035; x_wconf 73' lang='lat' dir='ltr'>radiantur?</span> 
     </span>
    </p>

    <p class='ocr_par' dir='ltr' id='par_1_3' title="bbox 330 2051 1942 2790">
     <span class='ocr_line' id='line_1_25' title="bbox 440 2051 1939 2127; baseline -0.001 -17"><span class='ocrx_word' id='word_1_183' title='bbox 440 2057 524 2112; x_wconf 72' lang='lat'>2⁴.</span> <span class='ocrx_word' id='word_1_184' title='bbox 566 2053 833 2127; x_wconf 88' lang='lat' dir='ltr'>Equidem</span> <span class='ocrx_word' id='word_1_185' title='bbox 875 2052 1034 2107; x_wconf 80' lang='lat' dir='ltr'>fateor</span> <span class='ocrx_word' id='word_1_186' title='bbox 1064 2053 1218 2109; x_wconf 88' lang='lat' dir='ltr'>vobis</span> <span class='ocrx_word' id='word_1_187' title='bbox 1259 2051 1590 2125; x_wconf 78' lang='lat' dir='ltr'>simpHciter,</span> <span class='ocrx_word' id='word_1_188' title='bbox 1622 2069 1710 2107; x_wconf 91' lang='lat' dir='ltr'>me</span> <span class='ocrx_word' id='word_1_189' title='bbox 1736 2053 1792 2108; x_wconf 91' lang='lat' dir='ltr'>in</span> <span class='ocrx_word' id='word_1_190' title='bbox 1813 2054 1939 2124; x_wconf 92' lang='lat' dir='ltr'>qui-</span> 
     </span>
     <span class='ocr_line' id='line_1_26' title="bbox 330 2127 1937 2201; baseline -0.001 -18"><span class='ocrx_word' id='word_1_191' title='bbox 330 2129 560 2184; x_wconf 91' lang='lat' dir='ltr'>busdam</span> <span class='ocrx_word' id='word_1_192' title='bbox 590 2129 934 2200; x_wconf 87' lang='lat' dir='ltr'>antiquorum</span> <span class='ocrx_word' id='word_1_193' title='bbox 964 2129 1060 2184; x_wconf 84' lang='lat' dir='ltr'>vix</span> <span class='ocrx_word' id='word_1_194' title='bbox 1086 2129 1280 2194; x_wconf 84' lang='lat' dir='ltr'>risum,</span> <span class='ocrx_word' id='word_1_195' title='bbox 1321 2129 1376 2184; x_wconf 90' lang='lat' dir='ltr'>in</span> <span class='ocrx_word' id='word_1_196' title='bbox 1408 2127 1737 2201; x_wconf 87' lang='lat' dir='ltr'>quibusdam</span> <span class='ocrx_word' id='word_1_197' title='bbox 1759 2135 1937 2184; x_wconf 88' lang='lat' dir='ltr'>autem</span> 
     </span>
     <span class='ocr_line' id='line_1_27' title="bbox 331 2201 1934 2275; baseline -0.001 -17"><span class='ocrx_word' id='word_1_198' title='bbox 331 2204 426 2258; x_wconf 84' lang='lat' dir='ltr'>vix</span> <span class='ocrx_word' id='word_1_199' title='bbox 446 2221 696 2260; x_wconf 89' lang='lat' dir='ltr'>somnum</span> <span class='ocrx_word' id='word_1_200' title='bbox 716 2211 911 2258; x_wconf 89' lang='lat' dir='ltr'>tenere.</span> <span class='ocrx_word' id='word_1_201' title='bbox 990 2204 1102 2258; x_wconf 91' lang='lat' dir='ltr'>Nec</span> <span class='ocrx_word' id='word_1_202' title='bbox 1120 2221 1293 2259; x_wconf 89' lang='lat' dir='ltr'>unum</span> <span class='ocrx_word' id='word_1_203' title='bbox 1315 2201 1382 2258; x_wconf 90' lang='lat' dir='ltr'>de</span> <span class='ocrx_word' id='word_1_204' title='bbox 1399 2201 1618 2275; x_wconf 88' lang='lat' dir='ltr'>populo,</span> <span class='ocrx_word' id='word_1_205' title='bbox 1646 2201 1934 2259; x_wconf 85' lang='lat' dir='ltr'>Canutium</span> 
     </span>
     <span class='ocr_line' id='line_1_28' title="bbox 331 2276 1938 2351; baseline -0.001 -18"><span class='ocrx_word' id='word_1_206' title='bbox 331 2287 423 2334; x_wconf 83' lang='lat' dir='ltr'>aut</span> <span class='ocrx_word' id='word_1_207' title='bbox 450 2278 667 2335; x_wconf 82' lang='lat' dir='ltr'>Arrium</span> <span class='ocrx_word' id='word_1_208' title='bbox 694 2279 1049 2346; x_wconf 88' lang='lat' dir='ltr'>Furniumve,</span> <span class='ocrx_word' id='word_1_209' title='bbox 1091 2277 1396 2344; x_wconf 89' lang='lat' dir='ltr'>nominabo,</span> <span class='ocrx_word' id='word_1_210' title='bbox 1439 2295 1686 2351; x_wconf 87' lang='lat' dir='ltr'>quosque</span> <span class='ocrx_word' id='word_1_211' title='bbox 1717 2276 1852 2333; x_wconf 87' lang='lat' dir='ltr'>alios</span> <span class='ocrx_word' id='word_1_212' title='bbox 1881 2279 1938 2332; x_wconf 92' lang='lat' dir='ltr'>in</span> 
     </span>
     <span class='ocr_line' id='line_1_29' title="bbox 331 2352 1936 2424; baseline 0.001 -17"><span class='ocrx_word' id='word_1_213' title='bbox 331 2354 516 2409; x_wconf 86' lang='lat' dir='ltr'>eodem</span> <span class='ocrx_word' id='word_1_214' title='bbox 544 2353 927 2410; x_wconf 88' lang='lat' dir='ltr'>valetudinario</span> <span class='ocrx_word' id='word_1_215' title='bbox 954 2354 1087 2410; x_wconf 88' lang='lat' dir='ltr'>haec</span> <span class='ocrx_word' id='word_1_216' title='bbox 1111 2370 1231 2410; x_wconf 89' lang='lat' dir='ltr'>ossa</span> <span class='ocrx_word' id='word_1_217' title='bbox 1257 2360 1308 2408; x_wconf 89' lang='lat' dir='ltr'>et</span> <span class='ocrx_word' id='word_1_218' title='bbox 1326 2353 1458 2408; x_wconf 88' lang='lat' dir='ltr'>haec</span> <span class='ocrx_word' id='word_1_219' title='bbox 1474 2355 1671 2409; x_wconf 91' lang='lat' dir='ltr'>macies</span> <span class='ocrx_word' id='word_1_220' title='bbox 1689 2352 1936 2424; x_wconf 85' lang='lat' dir='ltr'>probant.</span> 
     </span>
     <span class='ocr_line' id='line_1_30' title="bbox 334 2424 1939 2503; baseline 0.001 -22"><span class='ocrx_word' id='word_1_221' title='bbox 334 2430 453 2500; x_wconf 88' lang='lat' dir='ltr'>lpse</span> <span class='ocrx_word' id='word_1_222' title='bbox 471 2429 607 2484; x_wconf 88' lang='lat' dir='ltr'>mihi</span> <span class='ocrx_word' id='word_1_223' title='bbox 629 2429 846 2496; x_wconf 76' lang='lat' dir='ltr'>CalvuS,</span> <span class='ocrx_word' id='word_1_224' title='bbox 874 2447 999 2487; x_wconf 91' lang='lat' dir='ltr'>cum</span> <span class='ocrx_word' id='word_1_225' title='bbox 1019 2447 1191 2485; x_wconf 89' lang='lat' dir='ltr'>unum</span> <span class='ocrx_word' id='word_1_226' title='bbox 1214 2437 1265 2484; x_wconf 87' lang='lat' dir='ltr'>et</span> <span class='ocrx_word' id='word_1_227' title='bbox 1284 2428 1495 2503; x_wconf 83' lang='lat' dir='ltr'>viginti,</span> <span class='ocrx_word' id='word_1_228' title='bbox 1519 2435 1748 2499; x_wconf 88' lang='lat' dir='ltr'>utputo,</span> <span class='ocrx_word' id='word_1_229' title='bbox 1772 2424 1939 2483; x_wconf 85' lang='lat' dir='ltr'>libros</span> 
     </span>
     <span class='ocr_line' id='line_1_31' title="bbox 333 2501 1936 2575; baseline 0.001 -19"><span class='ocrx_word' id='word_1_230' title='bbox 333 2503 627 2575; x_wconf 85' lang='lat' dir='ltr'>reliquerit,</span> <span class='ocrx_word' id='word_1_231' title='bbox 671 2506 764 2560; x_wconf 82' lang='lat' dir='ltr'>vix</span> <span class='ocrx_word' id='word_1_232' title='bbox 791 2506 849 2560; x_wconf 88' lang='lat' dir='ltr'>in</span> <span class='ocrx_word' id='word_1_233' title='bbox 883 2523 991 2561; x_wconf 88' lang='lat' dir='ltr'>una</span> <span class='ocrx_word' id='word_1_234' title='bbox 1018 2511 1111 2562; x_wconf 88' lang='lat' dir='ltr'>aut</span> <span class='ocrx_word' id='word_1_235' title='bbox 1128 2504 1288 2559; x_wconf 86' lang='lat' dir='ltr'>altera</span> <span class='ocrx_word' id='word_1_236' title='bbox 1309 2501 1640 2561; x_wconf 87' lang='lat' dir='ltr'>oratiuncula</span> <span class='ocrx_word' id='word_1_237' title='bbox 1661 2501 1936 2558; x_wconf 81' lang='lat' dir='ltr'>satisfacit.</span> 
     </span>
     <span class='ocr_line' id='line_1_32' title="bbox 332 2576 1941 2644; baseline 0.001 -14"><span class='ocrx_word' id='word_1_238' title='bbox 332 2578 441 2631; x_wconf 92' lang='lat' dir='ltr'>Nec</span> <span class='ocrx_word' id='word_1_239' title='bbox 460 2579 745 2636; x_wconf 87' lang='lat' dir='ltr'>dissentire</span> <span class='ocrx_word' id='word_1_240' title='bbox 764 2590 961 2637; x_wconf 89' lang='lat' dir='ltr'>ceteros</span> <span class='ocrx_word' id='word_1_241' title='bbox 980 2581 1049 2635; x_wconf 83' lang='lat' dir='ltr'>ab</span> <span class='ocrx_word' id='word_1_242' title='bbox 1068 2579 1170 2635; x_wconf 91' lang='lat' dir='ltr'>hoc</span> <span class='ocrx_word' id='word_1_243' title='bbox 1188 2596 1308 2635; x_wconf 90' lang='lat' dir='ltr'>meo</span> <span class='ocrx_word' id='word_1_244' title='bbox 1327 2578 1527 2635; x_wconf 88' lang='lat' dir='ltr'>iudicio</span> <span class='ocrx_word' id='word_1_245' title='bbox 1547 2577 1721 2633; x_wconf 77' lang='lat' dir='ltr'>video·</span> <span class='ocrx_word' id='word_1_246' title='bbox 1793 2576 1941 2644; x_wconf 90' lang='lat' dir='ltr'>Quo-</span> 
     </span>
     <span class='ocr_line' id='line_1_33' title="bbox 332 2651 1942 2726; baseline 0.002 -22"><span class='ocrx_word' id='word_1_247' title='bbox 332 2658 420 2704; x_wconf 86' lang='lat' dir='ltr'>tus</span> <span class='ocrx_word' id='word_1_248' title='bbox 451 2655 596 2708; x_wconf 85' lang='lat' dir='ltr'>enim</span> <span class='ocrx_word' id='word_1_249' title='bbox 624 2657 862 2726; x_wconf 89' lang='lat' dir='ltr'>quisque</span> <span class='ocrx_word' id='word_1_250' title='bbox 890 2655 1039 2711; x_wconf 88' lang='lat' dir='ltr'>Calvi</span> <span class='ocrx_word' id='word_1_251' title='bbox 1067 2654 1125 2710; x_wconf 89' lang='lat' dir='ltr'>in</span> <span class='ocrx_word' id='word_1_252' title='bbox 1146 2653 1378 2709; x_wconf 85' lang='lat' dir='ltr'>Asitium</span> <span class='ocrx_word' id='word_1_253' title='bbox 1407 2661 1499 2709; x_wconf 90' lang='lat' dir='ltr'>aut</span> <span class='ocrx_word' id='word_1_254' title='bbox 1524 2653 1581 2708; x_wconf 88' lang='lat' dir='ltr'>in</span> <span class='ocrx_word' id='word_1_255' title='bbox 1601 2651 1843 2708; x_wconf 90' lang='lat' dir='ltr'>Drusum</span> <span class='ocrx_word' id='word_1_256' title='bbox 1864 2651 1942 2707; x_wconf 88' lang='lat' dir='ltr'>le—</span> 
     </span>
     <span class='ocr_line' id='line_1_34' title="bbox 333 2723 1942 2790; baseline 0.004 -14"><span class='ocrx_word' id='word_1_257' title='bbox 333 2723 447 2790; x_wconf 72' lang='lat' dir='ltr'>qit‘?</span> <span class='ocrx_word' id='word_1_258' title='bbox 504 2727 571 2779; x_wconf 82' lang='lat' dir='ltr'>At</span> <span class='ocrx_word' id='word_1_259' title='bbox 607 2727 833 2784; x_wconf 89' lang='lat' dir='ltr'>Hercule</span> <span class='ocrx_word' id='word_1_260' title='bbox 869 2730 929 2786; x_wconf 90' lang='lat' dir='ltr'>in</span> <span class='ocrx_word' id='word_1_261' title='bbox 968 2729 1250 2787; x_wconf 85' lang='lat' dir='ltr'>hominum</span> <span class='ocrx_word' id='word_1_262' title='bbox 1290 2727 1652 2786; x_wconf 78' lang='lat' dir='ltr'>studiosorum</span> <span class='ocrx_word' id='word_1_263' title='bbox 1684 2727 1942 2784; x_wconf 88' lang='lat' dir='ltr'>manibus</span> 
     </span>
    </p>
   </div>
  </div>
 </body>
</html>
