2081 3038
153 166 216 219 36
283 217 287 225 ,
629 164 1284 219 ΗῙεΤοΒιΑΒυΜ
1486 164 1755 237 (Α.σ.823.

151 290 211 328 ro
246 270 506 329 coloniam
536 271 1021 345 Agripppinensem
1062 286 1189 329 cum
1226 273 1505 345 equitibus
1530 272 1758 345 legionis

151 346 667 419 auxiliariorumque
717 349 1029 420 ingressum
1077 352 1439 416 imperatorem
1460 346 1754 403 'Vitelli-um

151 422 516 477 consalutavit.
595 420 815 477 Secutae
841 422 1046 495 ingenti
1066 422 1353 477 certamine
1372 422 1613 477 eiusdem
1634 440 1757 494 pro-

153 498 359 551 vinciae
380 496 642 569 legiones:
685 505 738 551 et
755 498 998 567 superior
1019 498 1303 561 exercitus,
1324 498 1580 567 speciosis
1601 516 1755 553 sena-

151 579 240 625 tus
273 571 570 642 populique
595 571 822 626 Romani
861 570 1177 625 nominibus
1212 571 1427 635 relieti5‚
1465 572 1551 626 111.
1578 573 1756 627 Nonas

151 647 423 700 Ianuarias
449 645 660 701 Vitellio
691 646 928 700 accessit.
1011 645 1184 699 Scires
1215 645 1371 699 illum
1398 650 1572 716 priore
1591 646 1756 702 biduo

149 738 256 775 non
278 738 442 791 penes
463 720 849 791 rempublicam
872 718 1061 774 tuisse.
1140 719 1397 775 Ardorem
1424 722 1753 776 exercituum

149 795 593 869 Agrippinenses,
625 794 862 858 Treveri,
897 794 1165 867 Lingones
1191 794 1507 866 aequabant,
1531 796 1751 860 auxilia,

151 888 338 942 equos,
371 888 537 933 arma,
571 870 830 940 pecunias
857 868 1153 932 offerenteS,
1186 877 1245 923 ut
1263 871 1499 941 quisque
1517 887 1752 941 corpore,

149 945 364 1015 opibuS,
388 944 603 1017 ingenio
623 943 856 998 validus,
929 944 1038 997 Nec
1058 944 1328 1014 principes
1349 944 1505 999 modo
1525 944 1757 999 colonia-

150 1037 274 1074 rum
303 1028 393 1074 aut
421 1026 736 1081 castrorum,
771 1017 974 1089 quibus
1003 1019 1299 1089 praesentia
1328 1032 1394 1073 ex
1420 1018 1671 1079 adfluenti
1704 1028 1757 1073 et

148 1102 297 1164 parta
327 1093 543 1147 victoria
583 1109 808 1165 magnae
833 1109 987 1163 spes:
1031 1092 1127 1147 sed
1166 1093 1429 1163 manipuli
1458 1111 1677 1166 quoque
1705 1102 1755 1148 et

148 1167 426 1241 gregarius
457 1166 614 1221 miles
642 1167 835 1221 viatica
861 1184 962 1221 sua
982 1176 1033 1221 et
1054 1167 1253 1222 balteos
1272 1168 1645 1240 phalerasque,
1669 1170 1757 1224 in·-

149 1243 322 1315 signia
353 1258 624 1295 armorum
652 1249 868 1314 arge'nto
902 1242 1116 1307 decora,
1160 1242 1269 1297 loco
1298 1245 1557 1315 pecuniae
1584 1243 1755 1298 trade-
1822 1306 1828 1313 ¹

149 1318 294 1381 bant,
321 1318 574 1371 instinctu
596 1325 646 1371 et
665 1318 852 1387 inpetu
872 1325 922 1373 et
941 1318 1180 1372 avaritia.
1206 1354 1219 1364 -.

259 1394 345 1447 58.
389 1394 575 1465 Igitur,
599 1390 807 1447 laudata
829 1392 1063 1447 militum
1087 1392 1369 1459 alacritate,
1387 1392 1631 1449 Vitellius
1650 1394 1756 1447 mi-

151 1469 368 1523 nisteria
397 1469 750 1540 principatus.
790 1485 887 1540 per
911 1467 1127 1522 libertos
1146 1468 1232 1541 agi
1253 1468 1424 1534 solita,
1468 1468 1524 1523 in
1546 1470 1755 1540 equites

150 1542 414 1599 Romanos
445 1543 703 1614 disponit:
758 1545 1056 1599 vacationes
1092 1544 1493 1598 centurionibus
1530 1559 1597 1598 ex
1628 1543 1754 1600 fiseo

151 1627 422 1672 numerat:
447 1619 722 1674 saevitiam
747 1617 1002 1683 militum,
1027 1617 1310 1690 plerosque
1328 1617 1393 1672 ad
1418 1623 1637 1689 poenam
1660 1637 1755 1673 ex-

147 1694 502 1764 poscentium,
527 1694 741 1762 saepius
763 1693 1034 1762 adprobat,
1058 1694 1251 1764 partim
1272 1692 1613 1748 simulatione
1636 1695 1755 1748 vin-

149 1766 392 1822 culorum
422 1766 725 1822 frustratur.
807 1769 1094 1838 Pompeius
1116 1768 1473 1840 Propinquus,
1504 1785 1752 1838 procura—

150 1851 229 1896 tor
265 1841 522 1914 Belgicae,
566 1842 744 1896 statim
785 1841 1112 1897 interfectus.
1196 1842 1391 1897 Iulium
1428 1843 1749 1907 Burdonem,

151 1917 496 1973 Germanicae
525 1916 712 1971 classis
743 1915 1099 1986 praefectum,
1136 1927 1253 1971 astu
1283 1917 1563 1972 subtraxit.
1643 1917 1753 1972 Ex-

149 2000 347 2046 arserat
376 1994 430 2046 in
460 2009 584 2046 eum
615 1991 891 2046 iracundia
919 1993 1203 2058 exercitus,
1248 2000 1519 2063 tamquam
1550 1993 1749 2046 crimen

149 2084 212 2122 ae
247 2085 373 2122 mox
411 2067 636 2122 insidias
677 2067 896 2121 Fonteio
931 2067 1173 2137 Capitoni
1213 2068 1513 2122 struxisset.
1594 2067 1750 2122 Grata

149 2150 259 2195 erat
297 2143 551 2198 memoria
589 2141 891 2211 Capitonis:
935 2151 986 2196 et
1011 2141 1155 2212 apud
1191 2143 1485 2196 saevientes
1517 2141 1753 2196 occidere
1788 2197 1798 2207 ‚

146 2215 346 2287 palam,
370 2217 642 2289 ignoscere
662 2233 767 2270 non
790 2216 898 2272 nisi
924 2215 1169 2279 fallendo,
1199 2215 1407 2270 licebat.
1492 2217 1559 2268 lta
1580 2217 1637 2270 in
1658 2233 1755 2269 cu·-

148 2290 317 2345 stodia
347 2290 592 2346 habitus:
633 2298 685 2344 et
715 2298 834 2362 post
859 2291 1132 2346 victoriam
1164 2291 1403 2353 demum,
1436 2292 1613 2344 stratis
1646 2291 1751 2344 iam

149 2364 383 2420 militum
423 2365 580 2430 odiis,
620 2366 882 2420 dimissus
911 2374 1011 2420 est.
1053 2366 1327 2430 ‚Inter-im,
1372 2373 1429 2418 ut
1455 2363 1748 2435 piaculum,

149 2438 396 2493 obiicitur
415 2440 654 2495 centurio
673 2440 976 2512 Crispinus,
1000 2440 1096 2512 qui
1116 2457 1177 2494 se
1200 2439 1463 2512 sanguine
1482 2439 1753 2510 Capitonis

151 2521 539 2568 cruentaverat:
602 2531 772 2586 eoque
811 2513 1291 2585 etpostulautibus
1339 2513 1664 2568 manifestior
1702 2522 1753 2568 et

147 2586 394 2653 punienti
415 2587 570 2642 vilior
591 2588 710 2643 fuit.

259 2661 344 2711 59.
388 2660 557 2714 Iulius
584 2663 776 2717 deinde
795 2662 984 2718 Civilis
1011 2663 1252 2738 periculo
1274 2669 1575 2735 exemptus,
1601 2678 1752 2733 prae-
