2081 3038
164 248 220 288 ι.
240 247 291 288 c.
314 229 412 305 ετ.)
551 239 593 286 L
612 241 637 286 1
654 241 709 288 Β.
750 239 900 288 va
943 241 983 288 c
1002 241 1049 288 A
1068 241 1123 289 Ρ.
1164 241 1246 289 21.
1287 241 1375 314 32.
1667 236 1765 290 443

164 341 223 396 in
241 340 504 398 Neronem
530 342 840 415 composita,
864 342 933 398 ad
953 350 1176 398 mortem
1195 342 1563 411 damnabatur,
1590 345 1768 400 mitio-

163 434 222 472 ra
242 418 452 473 censuit
466 417 831 491 obtinuitque:
853 425 923 483 et,
936 435 1063 473 oum
1081 418 1242 474 deum
1262 418 1487 474 honores
1496 419 1767 492 Poppaeae
1865 467 1868 472 .

162 491 600 560 decernerentur,
646 501 835 566 sponte
872 493 1095 560 absens,
1142 493 1329 549 funeri·
1362 511 1467 550 non
1502 495 1763 550 interfuit.

163 566 322 634 Quae·
340 566 627 624 oblitterari
656 586 761 624 non
782 569 991 625 sinebat
1010 568 1195 641 Capito
1216 568 1583 635 Cossutianus,
1614 586 1768 642 prae-

162 651 242 698 ter
260 644 505 699 animum
530 643 595 699 ad
617 643 813 734 flagitia
836 645 1181 716 praecipitem
1209 644 1463 699 inimicus
1479 645 1763 711 Thraseae,

163 717 311 792 quod
337 720 643 775 auctoritate
669 737 789 776 ems
817 719 1152 786 concidisset,
1185 719 1421 775 iuvantis
1437 717 1672 775 Cilicum
1693 720 1769 775 le-

162 801 332 868 gatos,
354 793 487 849 dum
508 793 816 867 Capitonem
836 795 1251 868 repetundarum
1271 794 1613 870 interrogant.

272 871 360 926 22.
398 867 547 936 Quin
586 879 637 926 et
673 869 765 927 iila
802 870 1121 928 obieetabat:
1161 874 1425 940 principio
1449 876 1580 926 anni
1601 876 1770 927 intare

167 945 448 1000 mascam
465 947 692 1002 sollenne
708 951 1105 1004 iusiurandum:
1133 949 1606 1016 nuncupationibus
1622 955 1769 1002 voto-

160 1035 281 1074 rum
316 1019 421 1076 non
457 1025 661 1088 adesse,
709 1026 947 1092 quamvis
983 1025 1440 1094 quindecimvirali
1475 1025 1767 1079 sacerdotio

155 1098 482 1166 praeditum.-
519 1115 786 1170 nunquam
804 1113 908 1171 pro
934 1100 1106 1154 saluts
1128 1101 1405 1167 principis,
1437 1107 1530 1152 aut
1561 1101 1770 1153 caelesti

160 1187 284 1226 voco
318 1174 674 1228 innwlavisse:
730 1177 1010 1228 adsiduum
1048 1175 1173 1228 oiim
1211 1179 1260 1227 et
1295 1177 1630 1244 indefessum,
1677 1177 1768 1243 qui

160 1249 465 1316 vulyaribus
494 1265 695 1321 quoque
710 1257 929 1318 patrum
958 1251 1208 1304 consultis
1225 1257 1380 1304 semet
1398 1254 1654 1318 fautorem
1673 1257 1768 1303 aut

160 1326 523 1379 adversarium
549 1325 851 1389 ostenderet,
875 1327 1102 1380 triennio
1119 1341 1224 1378 non
1248 1327 1510 1378 introiisse
1531 1328 1762 1380 curiam:

158 1403 572 1470 nuperrimeque,
612 1415 730 1454 oum
756 1403 829 1454 ad
858 1402 1164 1456 coercendos
1191 1397 1433 1460 Silanum
1459 1407 1510 1454 et
1545 1399 1768 1452 Veterem

40 1503 57 1516 1
162 1477 401 1529 certatim
418 1481 835 1538 concurreretur,
840 1479 1074 1543 privatis
1079 1477 1257 1543 potius
1277 1474 1540 1529 climium
1550 1477 1770 1543 neqotiis

156 1552 445 1605 vacavisse.
522 1548 867 1606 Secessiomm
903 1552 1014 1604 iam
1047 1552 1120 1613 id,
1163 1558 1212 1603 et
1228 1555 1422 1617 partes,
1463 1557 1529 1614 et,
1559 1553 1612 1603 si
1634 1552 1768 1603 idem

158 1627 313 1679 multi
336 1628 582 1688 audeant,
614 1626 801 1679 beilum
820 1640 941 1693 esse.
1024 1623 1092 1679 Ut
1110 1628 1370 1694 quondam
1395 1622 1448 1680 G.
1474 1622 1764 1689 Gaesarem,

159 1700 361 1772 inquit,
390 1707 440 1753 et
466 1699 541 1754 M.
580 1698 841 1763 Catonem,
872 1703 951 1755 ita
979 1716 1119 1754 nunc
1148 1707 1213 1763 te,
1236 1698 1394 1763 Nero,
1417 1707 1466 1754 et
1487 1700 1768 1755 Thraseam

158 1778 323 1830 avida
348 1776 736 1832 discordiarum
764 1776 949 1831 civitas
968 1777 1217 1846 loquitur.
1293 1774 1362 1829 Et
1379 1776 1528 1833 habet
1545 1783 1769 1830 sectato-

156 1866 268 1913 res,
292 1850 375 1903 vd
397 1852 573 1917 potius
595 1850 861 1914 satellites,
892 1854 1228 1920 qainondam
1255 1855 1632 1913 contumaciam
1649 1867 1768 1905 sen-

161 1926 460 2000 tentiarum„
481 1926 573 1978 sed
589 1926 821 1979 habitum
837 1928 1137 1997 vultumque
1161 1930 1272 1981 eius
1298 1934 1582 1989 sectantur,
1606 1928 1769 1995 riqidi

160 2007 211 2053 et
239 2002 429 2064 tristes,
458 2016 561 2069 quo
586 2002 682 2055 tibi
705 2002 977 2055 lasciviam
1002 2004 1328 2079 exprobrent.
1407 2001 1546 2055 Huic
1563 2004 1658 2055 uni
1683 2004 1769 2054 in-

161 2076 437 2129 columitas
452 2082 565 2139 tua,
590 2084 711 2131 tuae
730 2084 891 2139 artes,
912 2078 1026 2131 sine
1043 2080 1252 2133 nonore.
1317 2076 1601 2149 Prosperes
1613 2079 1768 2144 prin-

161 2155 296 2219 cipis
321 2167 408 2206 res
434 2154 662 2219 spernit:
699 2156 921 2207 etiamne
951 2154 1174 2209 luctibus
1203 2160 1252 2207 et
1273 2154 1541 2208 doloribus
1557 2168 1661 2223 non
1678 2168 1770 2205 sa-

160 2224 367 2282 tiatur?
422 2226 667 2281 Eiusdem
693 2230 859 2283 ammi
880 2235 971 2292 est,
1011 2228 1301 2296 Poppaeam
1320 2230 1496 2284 divam
1522 2244 1626 2281 non
1654 2242 1769 2280 cre-

158 2305 299 2369 dere,
344 2306 511 2367 cuius,
549 2306 608 2357 in
644 2310 768 2359 aeta
798 2307 856 2356 d.
878 2302 1101 2373 Auqusti
1127 2312 1174 2357 et
1202 2307 1252 2357 d.
1284 2302 1412 2358 Iulii
1439 2318 1544 2357 non
1568 2306 1767 2357 iurare.

159 2376 373 2447 Spernit
394 2379 686 2446 reiiyiones,
709 2380 930 2448 abroyat
949 2380 1096 2455 leqes.
1137 2376 1346 2435 Diurna
1359 2378 1770 2447 populiRomani

154 2470 254 2522 per
270 2456 598 2535 provincias,
623 2472 723 2523 per
748 2456 1028 2517 emercitus,
1061 2457 1297 2509 curatius
1319 2456 1576 2523 leyuntur,
1599 2460 1658 2507 ut
1673 2469 1770 2505 no-

158 2536 359 2593 scatur,
400 2531 529 2598 'quid
562 2530 790 2585 Thrasea
817 2546 922 2583 non
952 2532 1148 2599 fecerit.
1225 2528 1329 2583 Aut
1356 2533 1681 2583 transeamus
1699 2532 1771 2583 ad

160 2606 261 2659 itta
288 2605 545 2669 instituta,
576 2610 625 2659 si
636 2608 849 2673 potiora
873 2612 1023 2659 sunt.-
1063 2612 1158 2658 aut
1175 2621 1312 2657 nova
1331 2606 1654 2672 cupientibus
1670 2621 1771 2657 au-·

158 2685 369 2751 seratur
386 2683 500 2733 dux
520 2688 568 2734 et
585 2689 786 2735 auctor.
865 2680 976 2734 Ista
1002 2689 1145 2735 secta
1169 2680 1455 2733 Tuberones
1475 2688 1522 2733 et
1540 2680 1770 2735 Favoni-

97 2796 101 2800 »
162 2772 237 2819 os,
266 2759 429 2809 veteri
456 2770 656 2825 quoque
678 2760 807 2825 reip.
830 2758 1043 2826 inorata
1062 2758 1290 2819 nentina,
1311 2760 1502 2825 genuit.
1587 2754 1654 2809 Ut
1669 2759 1770 2810 im·-
