2081 3038
233 225 331 281 146
434 230 437 239 ·
706 195 1386 284 matronnnun'
1557 199 1828 296 (aman.

227 348 423 403 rosque
442 329 547 385 sibi
566 328 721 398 fidos,
742 332 978 404 apertius
999 333 1225 387 monuit.
1294 332 1447 403 lique
1463 348 1652 387 omnes
1667 330 1736 385 de
1757 330 1831 385 fe·-

226 408 509 462 stinatione
538 406 703 462 Primi
728 424 791 463 ac
808 407 933 463 Vari
960 408 1196 473 sinistre,
1237 413 1290 461 et
1312 408 1560 463 Muciano
1581 405 1827 472 volentia,

226 484 563 553 rescripsere.
638 482 851 549 Quibus
872 482 1112 554 epistolis
1134 483 1460 553 Vespasiano
1480 484 1684 547 missis,
1707 481 1832 537 effe-

226 566 387 621 cerat,
411 566 471 613 ut
500 574 604 614 non
624 575 723 630 pro
747 575 845 630 spe
864 559 1086 613 Antonii
1104 557 1326 613 consilia
1345 557 1589 629 factaque
1606 558 1725 613 eius
1744 574 1832 611 ae-

224 634 587 689 stimarentur.

334 712 423 764 53.
446 710 619 782 Aegre
638 706 693 763 id
710 708 819 783 p'ati
841 706 1124 772 Antonius,
1137 715 1188 763 et
1205 705 1420 779 eulpam
1442 708 1498 761 in
1519 707 1829 763 Mucianum

226 782 493 848 conferre,
538 786 698 839 cuius
734 784 1200 839 criminationibus
1241 783 1558 838 eviluissent
1593 782 1829 853 pericula

225 875 343 913 sua.
422 859 533 912 Nec
560 859 901 913 sermonibus
931 858 1273 930 temperabat,
1297 859 1600 915 inmodicus
1623 858 1827 931 lingua,

224 943 274 988 et
292 934 537 1004 obsequii
560 933 814 989 insolens.
875 934 1100 989 Litteras
1121 936 1188 987 ad
1207 934 1594 1005 Vespasianum
1613 950 1834 1004 compo-

224 1010 353 1072 suit,
377 1010 657 1062 iactantius
678 1025 841 1079 quam
864 1009 933 1063 ad
948 1010 1268 1080 principem,
1295 1026 1392 1063 nec
1409 1010 1528 1063 sine
1545 1008 1750 1063 occulta
1773 1009 1828 1061 in

222 1083 533 1137 Mucianum
564 1082 905 1138 insectatione
919 1103 945 1143 ε,
973 1101 1029 1137 se
1056 1086 1384 1139 Pannonicas
1414 1088 1636 1152 legiones
1655 1088 1713 1137 in
1733 1101 1832 1137 ar-

222 1174 309 1211 ma
327 1162 514 1225 eyisse:
560 1163 666 1211 suis
681 1162 908 1211 stimulis
927 1160 1362 1215 excitosMoesiae
1381 1164 1564 1213 duces:
1585 1177 1684 1213 sua
1705 1176 1834 1213 con-

220 1236 419 1286 stancia
444 1242 725 1300 perruptas
754 1234 924 1301 Alpes,
956 1244 1263 1302 occupatam
1288 1236 1518 1298 Italiam,
1549 1239 1834 1301 intersepta

228 1306 606 1361 Germanorum
648 1308 1059 1378 Rhaetorumque
1077 1313 1306 1364 auxilia.
1390 1310 1538 1374 Quod
1561 1314 1834 1363 discordes

220 1386 584 1451 dispersasque
616 1384 803 1439 Vitellii
824 1386 1046 1453 legiones
1073 1389 1297 1454 equestri
1313 1388 1564 1452 procella,
1591 1402 1716 1439 mox
1735 1402 1834 1452 pe-

220 1462 387 1513 ditum
406 1464 477 1521 vi,
496 1476 593 1527 per
618 1462 753 1513 diem
780 1469 1076 1530 noctemque
1093 1464 1328 1529 fudisset,
1352 1464 1407 1513 id
1422 1462 1836 1529 pulcherrimum

220 1544 267 1588 et
288 1541 372 1589 sui
396 1541 583 1606 operis.
640 1535 827 1590 Casum
851 1536 1130 1590 Cremonae
1149 1539 1280 1590 bello
1301 1540 1658 1604 inputandam.
1707 1537 1836 1590 Ma—

220 1615 331 1664 iore
348 1615 554 1671 damno,
570 1613 805 1677 plurium
823 1614 1031 1665 urbium
1051 1615 1274 1666 excidiis
1295 1621 1487 1666 veteres
1507 1617 1699 1666 civium
1719 1615 1834 1664 dis-

222 1689 432 1739 cordias
451 1688 769 1754 reipublicae
787 1692 1001 1741 stetisse.
1025 1687 1144 1741 Non
1160 1704 1215 1740 se
1239 1691 1439 1740 nuntiis
1455 1703 1618 1755 neque
1637 1691 1834 1754 episto-

221 1763 305 1822 iis,
336 1764 426 1814 sed
453 1777 611 1814 manu
641 1771 689 1816 et
718 1769 884 1816 armis
912 1767 1220 1830 imperatori
1245 1779 1341 1826 suo
1368 1765 1626 1816 militare.-
1667 1779 1834 1830 neque

219 1839 425 1905 officere
440 1840 643 1905 glor-iae
670 1854 863 1898 eorum,
892 1843 983 1906 qui
1006 1842 1188 1890 Asiam
1205 1842 1412 1892 interim
1433 1842 1829 1904 composuerint.

218 1911 337 1965 Illis
356 1913 585 1966 Moesiae
599 1929 798 1979 pacem,
826 1915 927 1966 sibi
944 1915 1166 1966 salutem
1189 1917 1618 1980 securitatemque
1639 1912 1832 1966 Italiae

220 1992 367 2041 cordi
394 1993 569 2056 [uisse.
646 1985 773 2042 Suis
799 1990 1249 2042 exhortationibus
1283 1987 1488 2041 Gallias
1518 1988 1832 2054 Hispanias-

220 2079 336 2131 que,
375 2066 753 2116 validissimam
794 2072 1058 2118 terrarum
1077 2072 1300 2130 partem,
1341 2067 1412 2115 ad
1461 2062 1832 2129 Vespasianum

220 2155 509 2194 conversus.
576 2136 681 2192 Sed
702 2143 945 2194 cecidisse
969 2143 1025 2192 in
1045 2143 1263 2192 inritum
1283 2140 1501 2200 labores,
1523 2141 1572 2191 si
1586 2141 1832 2204 prae-mia

216 2216 571 2281 periculorum
595 2216 697 2270 soli
723 2219 1096 2283 adsequantur,
1129 2217 1221 2282 qui
1241 2215 1495 2281 periculis
1522 2229 1624 2266 non
1643 2216 1831 2279 adsue-

219 2294 345 2341 rint.
424 2287 533 2342 Nec
553 2287 785 2345 fefellere
804 2307 864 2344 ea
884 2290 1216 2344 Mucianum.
1277 2287 1404 2346 Inde
1421 2303 1614 2360 graves
1633 2285 1832 2342 simul-

220 2371 379 2416 tates:
442 2380 580 2433 quas
620 2365 883 2420 Antonius
920 2364 1246 2434 simplicius,
1287 2363 1570 2418 Mucianus
1615 2361 1827 2424 callide,

221 2451 391 2507 eoque
412 2438 807 2507 inplacabilius,
832 2439 1114 2494 nutriebat.

331 2514 417 2564 54.
460 2513 528 2566 At
569 2513 811 2569 Vitellius
826 2555 839 2578 ,
880 2513 1061 2568 fractis
1101 2511 1246 2583 apud
1285 2511 1600 2568 Cremonam
1642 2512 1828 2576 rebuS,

222 2586 437 2639 nuntios
456 2586 624 2642 cladis
643 2590 933 2652 occultans,
964 2587 1125 2642 stulta
1145 2587 1572 2642 dissimulatione
1593 2586 1832 2640 remedia

220 2663 399 2726 potius
420 2661 703 2725 malorum,
732 2681 895 2736 quam
918 2662 1077 2725 mala,
1097 2661 1389 2718 differebat.
1469 2660 1683 2732 Quippe
1701 2678 1834 2716 oon-

220 2732 389 2786 fitenti
426 2735 855 2810 consultantique
882 2747 1196 2809 supererant
1222 2751 1348 2808 spes
1377 2737 1656 2806 viresque:
1700 2753 1832 2790 eum
