2081 3038
298 289 396 345 160
855 297 1332 345 ANNALIUM
1619 289 1901 361 (ntum.

296 397 482 462 traxit,
522 396 631 451 iam
669 396 929 469 trepidam
946 440 959 463 ‚
999 397 1069 453 ob
1111 395 1506 452 multitudinem
1547 395 1900 464 familiarum,

297 489 437 545 quae
454 469 712 544 gliscebat
729 473 1035 527 inmensum
1047 515 1060 538 ,
1075 473 1342 527 minorein
1353 473 1468 530 dies
1478 469 1900 544 plebeingenua.

410 550 494 603 28,
538 545 733 602 Iisdem
772 546 1086 604 consulibus
1102 589 1114 612 ,
1167 547 1504 602 miseriarum
1552 564 1614 601 ao
1648 547 1906 600 saevitiae

298 620 607 692 exemplum
634 631 809 687 atrox,
841 639 965 678 reus
994 630 1167 692 pater,
1201 629 1472 677 aecusator
1505 621 1649 676 filius
1681 620 1902 693 (nomen

300 697 517 770 utrique
532 697 727 753 Vibius
754 695 1005 769 Serenus)
1032 697 1090 750 in
1119 703 1363 751 senatum
1394 696 1597 750 inducti
1631 703 1787 750 sunt:
1831 695 1904 748 ab

298 771 459 829 exilio
478 778 732 828 retractus
747 812 761 838 ‚
792 770 1108 842 inluvieque
1136 787 1199 825 ac
1221 769 1470 842 squalore
1485 770 1691 825 obsitus
1713 774 1764 824 et
1783 776 1903 823 tum

299 854 481 902 catena
508 845 721 902 vinctus
740 852 913 916 pater,
943 851 1125 899 orante
1153 845 1282 901 filio.
1359 845 1705 917 Praeparatus
1727 843 1907 899 adole-

300 939 455 977 scens
473 919 660 976 multis
680 919 961 974 munditiis
974 961 988 984 ‚
1020 918 1178 973 alacri
1202 917 1384 974 vultu:
1425 927 1654 974 structas
1670 923 1907 988 principi

299 1001 547 1058 insidias,
569 1000 751 1049 missos
771 998 827 1049 in
852 993 1082 1048 Galliam
1104 997 1388 1048 concitores
1404 995 1547 1056 belli,
1575 990 1739 1047 index
1758 992 1905 1047 idem

300 1080 351 1125 et
368 1069 519 1126 testis
536 1067 767 1136 diceban
809 1067 1225 1139 adnectebatque
1239 1109 1252 1133 ,
1291 1067 1572 1122 Caecilium
1597 1067 1902 1132 Cornutum,

298 1147 645 1214 praetorium,
683 1145 1060 1198 ministravisse
1081 1147 1386 1211 pecuniam.-
1422 1143 1520 1214 qui
1547 1141 1718 1198 taedio
1749 1159 1906 1198 cura-

302 1234 425 1272 rum
438 1257 453 1282 ,
476 1225 527 1271 et
539 1258 554 1283 ,
575 1218 706 1289 quia
724 1217 1024 1288 periculum
1046 1233 1143 1288 pro
1160 1218 1321 1272 exitio
1339 1216 1652 1282 habebatur,
1677 1225 1904 1272 mortem

302 1293 357 1346 in
387 1307 447 1346 se
474 1289 761 1347 festinavit.
840 1291 909 1346 At
934 1301 1114 1347 contra
1139 1307 1265 1346 reus
1295 1290 1432 1347 nihii
1457 1290 1680 1347 infracto
1700 1293 1900 1356 anime,

298 1367 558 1422 obversus
578 1367 637 1422 in
654 1365 849 1433 filium,
861 1375 1080 1440 quatere
1101 1366 1334 1433 vincula,
1352 1383 1534 1423 vocare
1549 1370 1746 1422 ultores
1764 1371 1901 1430 deos,

300 1450 357 1495 ut
377 1445 479 1496 sibi
496 1443 701 1512 quidem
718 1445 989 1498 redderent
1008 1445 1280 1507 caecilium,
1311 1445 1403 1497 ubi
1423 1445 1613 1511 procul
1639 1444 1737 1497 tali
1761 1457 1906 1495 more

301 1526 501 1587 aqeret,
530 1519 697 1588 filium
724 1526 897 1573 autem
926 1522 1232 1589 quandoque
1255 1521 1516 1587 supplicia
1547 1526 1901 1588 sequerentur.

301 1592 787 1666 Adseverabatque,
810 1598 1130 1649 innocentem
1155 1593 1438 1648 Cornutum
1458 1602 1506 1647 οι
1521 1596 1657 1664 falso
1673 1597 1924 1665 extera-¹

304 1678 426 1723 tum.
504 1669 665 1737 quue
688 1672 847 1739 facile
872 1672 1160 1732 intellectu,
1192 1673 1242 1723 si
1264 1672 1611 1737 proderentur
1637 1671 1765 1723 alii.-
1799 1682 1906 1721 non

302 1746 439 1797 enim
453 1759 509 1797 se
528 1744 730 1797 caedem
745 1747 1005 1811 principis
1022 1752 1071 1797 ec
1083 1759 1169 1797 res
1185 1760 1348 1797 novas
1363 1760 1468 1797 uno
1482 1746 1625 1798 socio
1639 1744 1902 1811 cogitasse.

416 1818 502 1872 29.
544 1814 684 1870 Tum
712 1824 982 1872 accusator
1000 1816 1102 1872 Cn.
1125 1816 1412 1873 Lentulum
1445 1822 1496 1872 et
1521 1818 1708 1873 Seium
1729 1816 1906 1872 Tube-

302 1906 489 1946 ronem
508 1891 773 1960 nominat3
796 1906 991 1965 magno
1008 1890 1212 1964 pudore
1231 1892 1491 1958 Caesaris,
1502 1908 1627 1948 cum
1643 1893 1904 1965 primores

302 1966 535 2022 civitatis
549 2007 563 2032 ,
594 1965 773 2023 intimi
790 1967 967 2038 ipsius
987 1968 1147 2022 amici
1163 2008 1176 2031 ,
1209 1967 1469 2023 Lentulus
1497 1968 1785 2023 senectutis
1811 1982 1905 2023 ex-

302 2048 502 2096 tremae
516 2083 529 2107 ,
564 2040 773 2097 Tubero
787 2083 800 2107 ,
832 2040 1032 2097 defecto
1059 2058 1276 2115 corpore
1289 2084 1302 2109 ,
1331 2042 1599 2099 tumultus
1627 2041 1836 2099 hostilis
1854 2049 1906 2097 et

306 2116 599 2171 turbandae
626 2115 757 2188 reip.
791 2126 1200 2173 arcesserentur.
1280 2114 1385 2173 Sed
1407 2116 1467 2173 hi
1486 2117 1708 2190 quidem
1725 2117 1902 2175 statim

306 2190 558 2263 exempti.
637 2189 698 2247 In
717 2198 920 2262 patrem
940 2209 1007 2248 ex
1025 2192 1199 2248 servis
1219 2192 1554 2264 quaesitum:
1597 2199 1650 2248 et
1667 2193 1904 2266 quaestio

306 2265 526 2321 adversa
546 2266 837 2321 accusatori
856 2264 984 2323 fuit:
1008 2267 1128 2339 qui,
1142 2266 1338 2323 scelere
1357 2282 1561 2334 vecors,
1573 2266 1739 2340 simul
1757 2265 1902 2340 vulgi

306 2356 521 2396 rumore
540 2341 775 2406 territus,
804 2340 967 2396 robur
985 2348 1038 2397 et
1056 2358 1250 2397 saxum
1268 2350 1362 2397 sut
1377 2342 1764 2415 parricidarum
1781 2358 1906 2414 poe-

306 2432 403 2469 nas
424 2414 789 2471 minitantium
806 2457 819 2482 ,
850 2416 1009 2471 cessit
1035 2418 1187 2473 urbe.
1266 2417 1343 2472 Ac
1360 2423 1618 2473 retractus
1632 2418 1900 2481 Ravenna,

307 2490 530 2562 exsequi
551 2492 936 2547 accusationem
960 2491 1218 2564 adigitur3
1261 2508 1368 2548 non
1386 2491 1680 2547 occultante
1699 2491 1904 2546 Tiberio

308 2570 463 2617 vetus
488 2563 673 2620 odium
702 2566 963 2623 adversus
989 2565 1232 2622 exsulem
1259 2566 1538 2622 Serenum.
1617 2568 1753 2621 Nam
1789 2576 1904 2640 post

308 2636 619 2693 damnatum
638 2640 895 2697 Libonem
912 2682 927 2707 ,
957 2640 1144 2696 missis
1173 2640 1240 2695 ad
1259 2640 1536 2697 Caesarem
1566 2640 1753 2696 litteris
1768 2682 1782 2706 ,
1813 2658 1904 2697 ex-

308 2711 685 2859 23212’522'5332
703 2719 1352 2861 ’καφ
1373 2706 1904 2862 {emm

1360 2832 1371 2856 7
