2081 3038
199 248 321 287 mc.
348 232 444 307 πο.)
596 240 755 287 ΜΒ.
793 240 905 288 111.
949 242 1131 288 CAP.
1175 242 1261 289 τε.
1303 242 1387 289 73.
1707 236 1800 289 459

197 340 307 397 huc
326 340 509 413 populi
532 341 755 397 Romani
775 360 860 397 res
884 342 1209 397 sufficerent.
1288 343 1413 397 Mox
1430 340 1651 399 Servius
1671 344 1803 401 'rul-

202 414 327 479 lius,
361 418 626 472 sociorum
656 418 858 484 studi03
900 416 1024 472 dein
1046 417 1373 488 Tarquinius
1394 417 1689 489 Superbus,
1713 438 1802 475 ca-

198 502 283 564 pta
314 490 508 546 Suessa
539 494 790 556 Pometia,
824 493 1060 548 hostium
1081 492 1269 565 spoliis
1288 502 1615 549 exstruxere.
1695 495 1810 551 Sed

196 566 362 641 gloria
386 570 562 638 operis
583 568 812 622 libertati
833 577 1115 623 reservata.
1177 566 1355 621 Pulsis
1376 568 1613 640 regibuS,
1636 570 1800 625 Hora-

196 644 303 697 tius
326 642 609 707 Pulvillus,
633 645 826 697 iterum
846 643 1053 707 consul,
1076 642 1359 706 dedicavit,
1374 660 1432 696 ea
1454 644 1801 715 magnificen-

197 718 286 782 tia,
331 736 494 789 quam
524 719 797 773 inmensae
825 728 1004 789 postea
1033 718 1219 790 populi
1249 718 1472 772 Romani
1496 735 1624 789 opes
1644 736 1799 773 orna-

198 802 312 848 rent
343 795 540 864 potiuS,
571 812 736 866 quam
767 803 1040 867 augerent.
1120 793 1314 848 Iisdem
1345 810 1535 847 rursus
1558 794 1798 866 vestigiis

197 869 361 923 situm
390 878 488 934 est,
528 834 871 941 postquam?
877 870 1147 925 interiecto
1178 868 1507 923 CCCCXXV
1534 886 1797 923 annorum

194 944 386 1031 spatio,
408 944 469 999 L.
493 943 758 1016 Scipione,
782 945 842 999 C.
866 946 1113 1000 Norbano
1131 962 1267 999 coss.
1292 944 1619 1019 flagraverat.
1688 944 1799 999 Cu-

195 1036 308 1073 ram
336 1019 500 1075 victor
519 1020 665 1075 Sulla
685 1022 938 1091 suscepit,
969 1038 1145 1092 neque
1165 1028 1340 1075 tamen
1359 986 1652 1074 dedicavit:
1698 1020 1797 1073 hoc

191 1093 366 1149 solum
398 1096 631 1151 felicitati
661 1099 780 1151 eius
813 1105 1084 1169 negatum.
1164 1096 1359 1150 Lutatii
1382 1095 1554 1151 Catuli
1580 1112 1792 1157 nomen,

192 1170 328 1225 inter
349 1180 486 1225 tanta
509 1172 794 1227 Caesarum
813 1190 990 1243 opera,
1008 1189 1181 1243 usque
1200 1172 1267 1226 ad
1282 1172 1550 1225 Vitellium
1577 1173 1790 1225 mansit.

299 1248 384 1301 73.
425 1248 500 1301 Ea
533 1258 659 1302 tunc
686 1248 840 1301 aedes
869 1248 1221 1301 cremabatur.
1302 1246 1403 1301 Sed
1434 1247 1559 1317 plus
1580 1250 1793 1318 pavoris

189 1320 444 1381 obsessis,
467 1340 632 1393 quam
659 1323 1051 1384 obsessoribuS,
1075 1322 1273 1375 intulit.
1354 1321 1566 1391 Quippe
1590 1322 1793 1376 Vitelli-

189 1413 326 1451 anus
349 1397 504 1451 miles
525 1413 699 1468 neque
719 1406 837 1450 astu
860 1413 1034 1467 neque
1054 1396 1344 1450 constantia
1362 1397 1500 1448 inter
1524 1396 1686 1449 dubia
1708 1398 1795 1451 in-'-

189 1470 420 1557 digebat.
486 1471 570 1526 Ex
589 1472 802 1526 diverso
821 1470 1012 1541 trepidi
1035 1470 1252 1533 milites,
1277 1470 1389 1524 dux
1410 1472 1591 1542 segnis
1612 1482 1663 1524 et
1683 1470 1794 1524 vel-

191 1547 267 1599 uti
291 1555 476 1616 captus
497 1546 684 1610 animi,
718 1563 821 1600 non
853 1545 1057 1617 lingua,
1092 1562 1194 1598 non
1222 1545 1443 1598 auribus
1465 1556 1788 1615 competere:

189 1637 368 1691 neque
395 1619 584 1674 alienis
612 1620 852 1675 consiliis
881 1621 1013 1693 regi,
1047 1636 1223 1692 neque
1248 1637 1343 1674 sua
1366 1622 1640 1691 expedire:
1686 1621 1793 1675 huc

189 1695 320 1750 illuc
359 1694 680 1772 clamoribus
721 1697 954 1750 hostium
993 1697 1317 1768 circumagi:
1368 1713 1507 1767 quae
1541 1697 1786 1760 iusserat,

187 1781 384 1833 vetare,
417 1788 555 1842 quae
579 1779 828 1833 vetuerat,
861 1771 1061 1825 iubere.
1143 1773 1285 1832 Mox,
1320 1771 1464 1842 quod
1494 1772 1548 1824 in
1572 1773 1790 1842 perditis

186 1846 352 1902 rebus
371 1847 578 1908 accidit,
618 1863 804 1901 omnes
825 1849 1145 1918 praecipere,
1190 1864 1346 1901 nemo
1364 1848 1608 1916 exsequi.
1692 1847 1791 1900 Po-

187 1931 405 1984 stremo,
431 1922 652 1976 abiectis
673 1923 856 1984 armis,
891 1921 1070 1995 fugam
1092 1931 1143 1977 et
1164 1920 1377 1976 fallendi
1400 1931 1537 1976 artes
1558 1923 1791 1975 circum-

185 1997 510 2068 spectabant.
591 1998 912 2068 Inrumpunt
936 1996 1197 2052 Vitelliani
1226 2007 1275 2051 et
1294 2006 1479 2051 cuncta
1501 1999 1784 2069 sanguine,

185 2071 343 2136 ferro,
368 2070 708 2144 flammisque
727 2075 971 2126 miscent.
1014 2073 1174 2127 Pauci
1195 2073 1505 2127 militarium
1527 2079 1784 2137 virorum,

182 2149 322 2204 inter
351 2165 488 2219 quos
517 2151 753 2203 maxime
789 2149 1030 2221 insignes
1060 2147 1339 2202 Cornelius
1368 2145 1651 2208 Martialis,
1685 2149 1789 2200 Ae-

183 2223 372 2278 milius
403 2224 668 2286 Pacensis»,
699 2223 983 2295 Casperius
1013 2223 1195 2296 Niger,
1229 2224 1416 2278 Didius
1444 2223 1658 2286 Scaeva,
1683 2239 1787 2293 pu-

180 2316 344 2372 gnam
373 2301 514 2363 ausi,
555 2299 956 2354 obtruncantur.
1037 2299 1285 2354 Flavium
1320 2298 1603 2362 Sabinum,
1643 2300 1787 2352 iner-

181 2391 326 2428 mem
350 2392 523 2446 neque
546 2373 726 2448 fugam
748 2381 1095 2445 coeptantem,
1118 2376 1541 2436 circumsistunt,
1554 2372 1785 2439 etQuin-

179 2450 349 2503 otium
387 2451 642 2514 Atticum,
684 2450 980 2512 consulem,
1023 2451 1214 2504 umbra
1253 2451 1471 2505 honoris
1498 2459 1549 2504 et
1575 2456 1785 2504 suamet

181 2525 412 2579 vanitate
432 2534 803 2589 monstratum,
827 2525 972 2597 quod
989 2525 1157 2580 edicta
1178 2527 1233 2580 in
1255 2523 1537 2597 populum,
1563 2542 1662 2613 pro
1682 2525 1784 2580 Ve-

178 2601 430 2668 spasiano
453 2602 750 2675 magnilica,
776 2602 1026 2690 probrosa
1050 2601 1307 2656 adversus
1331 2600 1621 2665 Vitellium,
1648 2602 1783 2655 iece-

175 2683 278 2728 rat.
361 2643 572 2730 Ceterio
563 2695 655 2748 per
687 2680 858 2732 varios
895 2695 1055 2732 casus
1088 2676 1286 2749 elapsi·
1338 2677 1561 2748 quidam
1598 2675 1780 2731 servili

175 2747 388 2816 habitu,
409 2749 501 2808 alii
518 2751 621 2807 fide
639 2751 915 2810 clientium
933 2756 1175 2820 contecti,
1197 2763 1251 2810 et
1268 2753 1404 2810 inter
1422 2753 1659 2809 sarcinas
1685 2753 1781 2808 ab·
