2081 3038
201 268 441 342 A.c.53.)
578 277 742 322 Lis.
783 279 912 324 xii.
953 277 1130 324 cAP.
1175 277 1418 323 53-55,
1640 249 1646 254 ’
1704 271 1803 324 277

198 395 501 450 possessor,
540 379 814 451 antiquae
861 378 1221 449 parcimoniae
1269 377 1519 434 laudibus
1560 379 1806 436 cumula-

198 453 373 508 batur.
1101 458 1110 464 ’

191 513 196 518 ’
307 529 393 592 54.
436 525 504 582 At
522 545 628 582 non
651 525 808 582 frater
825 527 963 608 sip,
988 534 1335 601 cognomento
1355 529 1525 594 Felix,
1553 532 1671 602 pari
1689 549 1805 587 mo-

197 601 466 659 deratione
501 601 714 676 agebat,
760 603 866 657 iam
904 602 1113 674 pridem
1152 603 1375 658 Iudaeae
1413 605 1703 676 inpositus,
1755 615 1805 662 et

199 685 390 734 cuncta
408 677 682 733 malefacta
701 678 806 732 sibi
828 679 1030 752 inpune
1053 686 1198 734 ratus
1216 721 1232 744 ,
1262 686 1404 734 tanta
1424 681 1655 751 potentia
1673 683 1806 737 sub-

199 753 344 810 nim.
424 753 562 808 Sane
597 753 950 826 praebuerant
981 753 1164 808 Iudaei
1204 756 1439 826 speciem
1479 762 1659 810 motus
1695 764 1807 812 orta

197 828 482 895 seditione,
521 836 805 902 postquam
845 828 905 884 C.
945 827 1158 886 Caesari
1200 829 1346 884 haud
1382 830 1803 902 obtemperatum

197 911 376 980 esset,
395 905 605 980 cognita
622 904 780 960 caede
803 905 940 970 eiuS,
961 905 1159 960 sedata.
1238 905 1485 960 Manebat
1503 913 1679 960 metus
1696 949 1709 972 ,
1738 925 1805 962 ne

195 981 323 1052 quis
358 980 668 1053 principum
707 979 891 1036 eadem
937 979 1281 1052 imperitaret.
1364 981 1540 1052 Atque
1588 982 1803 1037 interim

193 1052 348 1112 Felix
368 1056 758 1128 intempestivis
774 1055 1025 1130 remediis
1042 1053 1227 1110 delicta
1244 1056 1579 1121 accendebat,
1594 1057 1805 1114 aemulo

193 1132 260 1188 ad
298 1131 578 1187 deterrima
611 1129 858 1187 Ventidio
898 1131 1166 1196 Cumano,
1208 1133 1296 1186 cui
1336 1149 1460 1204 pars
1498 1133 1805 1204 provinciae

193 1207 516 1263 habebatur:
557 1208 630 1262 ita
649 1207 861 1271 divisiS,
886 1213 946 1262 ut
965 1206 1095 1262 huic
1113 1206 1474 1264 Galilaeorum
1496 1208 1667 1275 narie,
1702 1210 1804 1266 Fe-

193 1282 284 1338 lici
313 1278 603 1338 Samaritae
629 1281 904 1354 pai-erent,
934 1281 1206 1338 discordes
1234 1282 1393 1349 olim,
1426 1291 1479 1338 et
1496 1291 1642 1350 tum,
1675 1302 1804 1341 con-

193 1365 397 1429 temptu
426 1358 728 1432 regentium
743 1399 756 1422 ‚
797 1357 983 1412 minus
1017 1358 1257 1412 coercitis
1284 1358 1443 1414 odiis,
1522 1359 1691 1433 Igitur
1718 1379 1801 1415 ra-

192 1441 342 1505 ptare
368 1433 504 1487 inter
533 1449 618 1498 se,
647 1432 917 1487 inmittere
945 1431 1213 1486 latronum
1230 1432 1445 1506 globos;
1487 1450 1803 1506 componere

193 1506 448 1572 insidiae,
477 1514 528 1563 et
551 1505 840 1579 aliquando
869 1505 1087 1579 proeliis
1114 1506 1393 1581 congredi,
1435 1508 1716 1583 spoliaque
1752 1519 1803 1566 et

193 1582 418 1655 praedas
438 1582 504 1637 ad
522 1590 886 1655 procuratores
907 1580 1119 1637 referre.
1200 1584 1375 1655 Hique
1394 1584 1571 1655 primo
1599 1584 1800 1651 laetari,

194 1658 323 1715 mox
348 1657 604 1733 gliscente
631 1658 867 1729 pernicie
883 1699 895 1722 ‚
928 1674 1055 1711 cum
1083 1675 1229 1712 arma
1252 1658 1487 1715 militum
1508 1660 1805 1717 interiecis-

130 1790 150 1803 ,
193 1740 340 1797 sent,
383 1733 525 1789 caesi
553 1732 769 1787 milites.
849 1730 1191 1805 Arsissetque
1222 1734 1359 1789 bello
1394 1736 1701 1808 provincia,
1744 1738 1802 1793 ni

129 1804 144 1815 ⁹
193 1807 525 1877 Quadratus,
557 1806 743 1882 Syriae
775 1816 970 1873 rector,
1010 1810 1370 1865 subvenisset.
1450 1812 1562 1867 Nec
1586 1810 1682 1867 diu
1708 1813 1805 1867 ad·-

194 1900 384 1941 versus
411 1882 660 1948 Iudaeos,
701 1884 799 1955 qui
836 1884 894 1939 in
935 1902 1117 1939 necem
1158 1882 1393 1941 militum
1428 1882 1797 1959 proruperant,

192 1959 524 2025 dubitatum,
559 1959 702 2031 quin
729 1960 898 2030 capite
923 1976 1121 2031 poenas
1160 1960 1392 2017 luerent:
1434 1961 1711 2019 Cumanus
1750 1969 1803 2017 et

192 2034 348 2093 Felix
369 2035 756 2089 cunctationem
777 2032 1109 2097 adferebant,
1133 2038 1261 2107 quia
1282 2030 1541 2091 Claudius
1555 2078 1569 2102 ‚
1592 2037 1800 2093 caussis

193 2108 498 2166 rebellionis
525 2108 751 2174 auditis,
781 2110 870 2165 ius
899 2108 1164 2165 statuendi
1184 2112 1343 2167 etiam
1362 2111 1430 2166 de
1445 2113 1802 2185 procuratori·-

191 2186 296 2243 bus
336 2184 566 2240 dederat.
645 2183 750 2239 Sed
787 2182 1089 2250 Quadratus
1129 2186 1359 2241 Felicem
1409 2188 1547 2243 inter
1592 2185 1799 2241 iudices

190 2262 500 2327 ostentavit,
530 2267 802 2332 receptum
830 2261 888 2315 in
919 2260 1151 2315 tribunal
1169 2303 1181 2327 ,
1213 2280 1321 2333 quo
1342 2260 1518 2317 studia
1537 2262 1801 2318 adcusan-

191 2338 331 2393 tium
369 2336 786 2391 deterrerentur:
836 2334 1229 2408 damnatusque
1268 2335 1617 2411 flagitiorum,
1660 2353 1802 2409 quae

191 2412 300 2468 duo
319 2411 671 2485 deliquerant,
685 2410 988 2471 Cumanus:
1015 2418 1065 2465 et
1084 2412 1239 2483 quies
1256 2412 1561 2483 provinciae
1575 2412 1795 2479 reddita.

301 2490 389 2543 55.
430 2488 541 2543 Nec
576 2485 748 2543 multo
781 2494 904 2559 post
942 2488 1234 2561 agrestium
1265 2486 1496 2543 Cilicum
1535 2488 1795 2552 nationeS,

192 2561 396 2635 quibus
417 2561 675 2618 Clitarum
696 2570 1104 2636 cognomentum
1120 2604 1135 2627 ,
1168 2579 1326 2633 saepe
1343 2569 1394 2616 et
1413 2560 1544 2617 alias
1564 2580 1801 2619 commo·

192 2647 275 2693 tae
290 2680 304 2703 ,
335 2644 465 2694 tunc
479 2679 492 2703 ,
519 2637 816 2695 Troxobore
845 2637 1003 2705 duce,
1039 2645 1246 2694 montes
1274 2654 1487 2709 asperos
1506 2640 1693 2695 castris
1712 2656 1800 2703 ce-

192 2728 345 2786 pere:
380 2720 538 2787 atque
556 2714 681 2769 inde
698 2713 928 2773 decursu
949 2714 1008 2770 in
1029 2713 1179 2770 litora
1200 2720 1293 2768 aut
1312 2712 1471 2771 urbes
1491 2716 1601 2770 vim
1629 2714 1802 2773 culto-

193 2788 346 2851 ribus
369 2796 419 2847 et
435 2788 808 2865 oppidanis‚ac
827 2790 1149 2870 plerumque
1168 2790 1226 2849 in
1243 2797 1555 2851 mercatores
1576 2800 1625 2849 et
1644 2791 1799 2855 navi-
