2081 3038
256 252 320 304 86
816 254 1287 303 ΛΝΝΑΜΗΜ
1572 243 1851 318 (ματη.

255 362 665 432 cognomentum
684 356 801 412 eius
822 355 1076 412 adscitos:
1100 373 1226 413 mox
1245 355 1374 410 visit
1391 361 1632 410 -veterum
1643 354 1859 410 Theba-

255 450 378 487 rum
407 449 599 505 magna
624 432 867 505 vestigia.
946 432 1015 486 Et
1042 431 1326 485 manebant
1361 431 1577 485 structis
1614 429 1856 485 molibus

254 507 455 561 litterae
464 506 771 580 Aegyptiae,
785 507 1016 578 priorem
1035 504 1360 577 opulentiam
1379 503 1711 576 complexae:
1735 505 1857 560 ius-

254 597 460 654 susque
500 597 529 635 e
568 581 869 636 senioribus
907 581 1238 636 sacerdotum
1275 581 1512 651 patrium
1548 596 1856 636 sermonem

252 657 585 727 interpretari
600 698 612 722 ‚
645 655 925 722 referebat,
956 659 1214 710 habitasse
1241 659 1500 724 quondam
1531 659 1857 724 septimenta

254 733 424 785 millia
459 740 627 786 aetate
657 734 886 786 'militari
896 749 915 785 .·
960 739 1118 800 atquo
1153 747 1212 784 eo
1251 747 1366 784 cum
1404 735 1639 785 exercitu
1682 747 1858 799 reyem

254 807 507 874 Rhamsen
532 805 720 875 Libya,
755 805 1050 874 Aethiopia,
1093 805 1361 874 Medisque
1388 813 1436 859 et
1463 805 1633 859 Persis
1667 813 1716 858 et
1741 805 1857 859 Ba·-

256 885 459 936 ctriano
483 897 549 935 ac
568 880 761 950 Scytha
784 883 1031 948 potitum3
1075 897 1306 950 quasque
1331 888 1500 934 terras
1525 879 1653 948 Syri
1669 878 1856 934 Arme-

254 959 431 1024 niique
460 963 508 1008 ot
536 959 765 1023 coueiyui
798 953 1127 1023 Cappadoces
1165 956 1364 1019 colunt,
1406 957 1525 1008 inde
1553 955 1854 1022 Bithynum,

249 1033 375 1084 hinc
394 1029 609 1097 Lycium
627 1033 699 1084 ad
716 1046 877 1092 maro,
898 1033 1114 1098 imperio
1134 1033 1368 1084 tenuisse.
1443 1027 1778 1102 Legebantur
1803 1035 1858 1082 et

254 1104 451 1159 indicta
469 1103 721 1176 gentibus
740 1103 956 1169 tributa,
977 1103 1190 1178 pondus
1208 1102 1412 1177 argenti
1429 1110 1481 1159 et
1498 1104 1637 1170 auri,
1660 1120 1858 1158 nume-

258 1195 352 1248 rus
374 1195 645 1234 armorum
664 1195 1056 1256 equorumque,
1069 1186 1121 1232 et
1137 1178 1274 1234 dona
1292 1176 1526 1250 templis,
1541 1178 1673 1234 ebur
1691 1187 1858 1250 atque

256 1252 461 1317 σάοι-οε,
475 1269 721 1326 quasque
740 1253 918 1325 copias
938 1252 1192 1308 frumenti
1211 1261 1262 1308 et
1278 1254 1522 1310 omnium
1537 1252 1856 1308 utensilium

258 1343 505 1399 quaeque
524 1328 664 1384 natio
681 1327 959 1399 penderet,
982 1327 1128 1383 haud
1147 1329 1330 1384 min'us
1349 1328 1633 1402 magnifica
1649 1369 1662 1393 ,
1683 1345 1856 1401 quam

258 1419 405 1456 nunc
423 1402 478 1456 vi
504 1402 815 1459 Parthorum
836 1410 927 1459 aut
943 1403 1172 1474 potentia
1192 1404 1427 1460 Romana
1447 1403 1718 1459 iubentur.

370 1479 427 1533 6⁴
443 1517 456 1531 .
497 1477 743 1534 Ceterum
774 1478 1124 1547 Germanicus
1163 1477 1285 1534 aliis
1324 1495 1540 1552 quoque
1577 1476 1857 1535 miraculis

256 1551 483 1609 intendit
500 1554 762 1611 animum.
822 1552 1064 1621 Quorum
1084 1554 1368 1627 praecipua
1389 1553 1534 1610 fuere
1553 1554 1856 1610 Memnonis

258 1645 415 1683 saxea
440 1627 527 1683 effi
567 1629 644 1684 ies
658 1672 671 1695 ,
694 1628 791 1685 uhi
810 1628 973 1695 radiis
993 1628 1122 1685 solis
1141 1630 1241 1684 ieta
1262 1636 1369 1697 est,
1405 1629 1637 1686 vocalem
1659 1646 1856 1685 sonum

256 1701 508 1759 reddens:
527 1646 885 1777 disiectasque
904 1704 1039 1760 inter
1059 1713 1110 1759 et
1128 1705 1223 1759 vix
1238 1705 1450 1776 pervias
1468 1721 1674 1771 arenas,
1685 1705 1858 1761 instar

260 1778 524 1833 montium
543 1776 759 1833 eductae
778 1778 1085 1851 pyramides
1100 1820 1114 1845 ,
1155 1780 1442 1835 certamine
1471 1788 1522 1834 et
1547 1780 1740 1855 opibus
1769 1796 1859 1833 re·-

258 1868 418 1925 gum:
459 1850 715 1924 lacusque
734 1852 919 1907 effossa
936 1853 1132 1909 humo:
1175 1852 1551 1925 superfluentis
1572 1854 1683 1909 Nili
1709 1870 1860 1909 rece—

258 1924 494 1997 ptacula:
520 1933 678 1999 atque
696 1925 824 1983 alibi
839 1928 1116 2001 angustiae
1134 1935 1185 1983 et
1201 1928 1462 2001 profunda
1478 1928 1715 1993 altitudo,
1730 1928 1858 1984 nul-

260 2000 327 2055 lis
369 2001 756 2073 inquirentium
796 2003 984 2075 spatiis
1018 2002 1380 2074 penetrabilis.
1458 2003 1600 2059 Exin
1632 2012 1860 2059 ventum

257 2074 645 2146 Elephantinen
663 2094 727 2133 ac
742 2076 972 2151 Syenen,
990 2076 1218 2133 claustra
1237 2077 1366 2133 olim
1375 2080 1599 2133 Romani
1617 2076 1856 2151 imperii,

260 2149 405 2223 quod
426 2168 571 2205 nunc
588 2151 813 2207 rubrum
835 2152 903 2207 ad
922 2168 1067 2208 mare
1084 2154 1321 2225 patescit.

369 2228 453 2279 62.
494 2226 632 2280 Dum
653 2243 712 2281 ea
732 2234 901 2282 aestas
913 2226 1228 2284 Germanico
1244 2228 1426 2301 plures
1445 2245 1539 2299 per
1550 2224 1858 2300 provincias

260 2299 589 2372 transigitur,
612 2299 757 2356 haud
775 2300 892 2357 leve
910 2302 1072 2358 decus
1081 2304 1286 2359 Drusus
1305 2302 1590 2375 quaesivit,
1605 2301 1858 2359 inliciens

260 2372 553 2429 Germanos
573 2374 641 2429 ad
658 2375 976 2445 discordias3
1018 2385 1188 2450 utque
1216 2376 1379 2435 fracto
1406 2378 1513 2433 iam
1531 2376 1860 2434 Maroboduo

260 2462 437 2520 usque
454 2448 513 2502 in
532 2449 756 2505 exitium
776 2451 1126 2508 insisteretur.
1202 2453 1329 2523 Erat
1355 2453 1491 2508 inter
1511 2453 1740 2509 Gotones
1759 2470 1862 2509 no-

259 2521 388 2577 bilis
406 2522 639 2590 iuvenis,
660 2527 876 2582 nomine
896 2525 1166 2593 Catualda,
1178 2526 1440 2601 profugus
1457 2526 1588 2584 olim
1608 2528 1665 2583 vi
1681 2527 1862 2584 Maro‘-

260 2594 446 2662 hedui,
470 2604 520 2651 et
537 2603 691 2667 tunc,
713 2600 895 2658 dubiis
915 2600 1076 2657 rebus
1097 2602 1214 2657 eius
1227 2643 1241 2669 ,
1263 2603 1519 2659 ultionem
1539 2620 1724 2659 ausus.
1805 2604 1860 2657 Is

261 2669 439 2725 valida
456 2688 619 2730 manu
639 2674 773 2732 fines
792 2678 1285 2734 Marcomannorum
1315 2677 1642 2751 ingreditur,
1671 2692 1862 2735 corru-

301 2745 479 2818 *isque
492 2749 823 2817 primoribus
842 2752 907 2810 ad
926 2752 1244 2821 societatem,
1267 2752 1531 2828 inrumpit
1547 2753 1748 2832 regiam
1767 2768 1863 2811 ca-
