2081 3038
296 265 397 349 222
861 265 1331 318 ANNALIUM
1496 249 1505 257 ”
1628 255 1901 338 (nuato.

405 375 490 430 45.
533 371 679 433 Idem
707 387 884 430 annus
909 372 1063 445 gravi
1092 371 1218 446 igne
1243 370 1435 426 urbem
1468 369 1671 438 adficit,
1714 371 1905 428 deusta

294 457 444 521 parte
463 447 622 514 Circi,
646 453 788 520 quae
807 445 1071 504 Aventino
1089 447 1354 520 contigua,
1378 445 1605 520 ipsoque
1612 447 1900 504 Aventino.

297 523 453 591 Quod
470 523 732 582 damnum
754 522 944 578 Caesar
963 521 1029 578 ad
1056 521 1281 595 gloriam
1309 521 1495 588 vertit,
1525 522 1781 579 exsolutis
1808 521 1906 580 do—

296 616 490 658 muum
528 606 579 654 et
613 596 916 666 insularum
959 598 1165 669 pretiis,
1244 595 1439 654 Millies
1488 598 1793 654 sestertium
1842 616 1906 654 ea

296 673 664 734 munificentia
691 673 1049 742 conlocatum;
1092 679 1237 731 tanto
1259 671 1527 746 acceptius
1555 673 1615 730 in
1647 672 1740 729 vul
1820 691 1901 741 m,

296 757 524 824 quanto,
553 748 796 806 modicus
818 748 1044 820 privatis
1065 746 1519 804 aedificationibus
1535 788 1549 814 ,
1590 765 1657 807 ne
1682 765 1721 821 p
1800 747 1906 820 lice

296 825 546 898 quidem,
570 824 675 883 nisi
696 823 804 888 duc
819 839 1003 898 opera,
1028 823 1225 882 struxit
1238 865 1251 890 ,
1275 821 1539 896 templum
1556 823 1829 898 Augusto,
1853 833 1907 882 et

295 918 511 966 scenam
532 899 838 972 Pompeiani
859 898 1077 959 theatri:
1116 915 1289 970 eaque
1310 896 1565 972 perfecta,
1596 907 1803 960 contem
1842 908 1906 959 tu

295 975 633 1044 ambitionis,
667 992 736 1033 an
754 990 851 1046 per
877 981 1203 1031 senectutem
1218 1015 1233 1040 ,
1262 971 1409 1030 haud
1435 973 1717 1032 dedicavit.

291 1049 624 1111 aestimando
669 1049 936 1120 cuiusque
980 1047 1296 1106 detrimento
1338 1056 1568 1122 quatuor
1621 1051 1905 1124 progeneri

297 1124 560 1192 Caesaris,
583 1123 682 1180 Cn.
705 1124 988 1188 Domitius,
1003 1123 1225 1180 Cassius
1234 1124 1532 1198 Longinus,
1544 1125 1619 1182 M.
1631 1124 1901 1191 Vinicius,

294 1198 580 1259 Rubellius
624 1197 862 1257 Blandus
905 1197 1093 1257 delecti
1108 1239 1122 1265 ,
1173 1197 1496 1272 additusque
1542 1201 1906 1258 nominatione

296 1273 582 1335 consulum
602 1274 662 1330 Ρ.
675 1273 970 1338 Petronius.
1011 1275 1081 1329 Et
1097 1291 1195 1346 pro
1214 1274 1431 1350 ingenio
1450 1275 1716 1349 cuiusque
1735 1293 1907 1349 quae-

295 1351 386 1406 siti
413 1349 715 1423 decretique
742 1350 801 1406 in
826 1349 1127 1422 principem
1154 1349 1401 1407 honores.
1479 1349 1626 1417 Quos
1662 1351 1907 1411 omiserit

295 1426 638 1498 receperitve,
650 1425 708 1485 in
727 1425 927 1489 incerto
946 1423 1067 1492 fuit,
1081 1424 1151 1482 ob
1167 1425 1535 1498 propinquum
1557 1427 1697 1484 vitae
1714 1426 1899 1482 finem.

295 1502 484 1575 Neque
502 1500 648 1561 enim
667 1499 837 1561 multo
855 1507 978 1575 post
993 1501 1236 1575 supremi
1263 1499 1475 1559 Tiberio
1496 1499 1743 1559 consules
1757 1545 1772 1570 ,
1798 1501 1901 1564 Cn.

295 1578 644 1645 Acerronius,
666 1576 727 1635 C.
751 1578 972 1635 Pontius
986 1618 1000 1645 ,
1030 1577 1405 1653 magistratum
1420 1594 1691 1651 occepere;
1733 1578 1903 1635 nimia

293 1656 403 1717 iam
424 1654 656 1725 potentia
673 1652 937 1711 Macronis
950 1694 966 1719 ,
995 1653 1099 1727 qui
1112 1653 1343 1728 gratiam
1362 1652 1425 1710 C.
1448 1653 1717 1721 Caesaris,
1736 1671 1905 1712 num-

293 1746 460 1802 quam
479 1728 586 1785 sibi
604 1727 917 1803 neglectam,
941 1729 1119 1785 acrius
1137 1728 1195 1786 in
1214 1728 1331 1785 dies
1350 1727 1578 1797 fovebat,
1608 1726 1905 1803 inpulerat-

293 1820 402 1877 que
416 1844 430 1870 ,
469 1811 593 1877 post
615 1810 841 1861 mortem
870 1802 1122 1861 Claudiae
1137 1846 1153 1871 ,
1195 1822 1359 1878 quam
1386 1810 1612 1879 nuptam
1641 1804 1694 1863 ei
1718 1803 1900 1872 retuli.

295 1894 518 1935 uxorem
547 1896 703 1940 suam
731 1879 964 1939 Enniam
980 1921 993 1946 ,
1036 1879 1297 1945 imitando
1322 1898 1503 1937 amore
1532 1880 1787 1937 iuvenem
1814 1882 1906 1939 in-

294 1953 452 2014 licere
464 1996 479 2021 ‚
510 1962 772 2029 pactoque
792 1956 1119 2014 matrimonii
1142 1956 1344 2015 vincire
1356 1998 1371 2023 ,
1392 1954 1529 2013 nihil
1550 1955 1901 2023 abnuentem,

293 2028 428 2087 dum
444 2029 822 2095 dominationis
847 2032 1191 2104 apisceretur.
1271 2032 1437 2099 Nam,
1472 2031 1573 2089 etsi
1600 2040 1903 2090 commotus

291 2106 529 2183 ingenio,
549 2106 953 2167 simulationum
977 2115 1154 2166 tamen
1175 2104 1309 2165 falsa
1331 2108 1389 2165 in
1409 2109 1537 2168 sinu
1554 2106 1643 2167 avi
1658 2107 1905 2181 perdidi-

293 2189 452 2240 cerat.
1054 2198 1059 2202 ·

403 2259 487 2313 46.
530 2255 774 2320 Gnarum
793 2257 895 2315 hoc
911 2258 1171 2331 principi,
1213 2274 1384 2332 eoque
1410 2257 1678 2317 dubitavit
1700 2256 1768 2315 de
1792 2266 1905 2318 tra-
1946 2310 1955 2314 ,

291 2331 464 2393 denda
484 2348 597 2404 rep.
620 2332 862 2405 primum
881 2333 1017 2397 inter
1038 2340 1277 2405 nepotes:
1301 2351 1538 2406 quorum
1554 2335 1728 2391 Druso
1742 2336 1905 2409 geni-

291 2414 401 2473 tus,
423 2407 689 2482 sanguine
703 2415 757 2465 et
774 2408 986 2466 caritate
1002 2408 1219 2480 propior
1231 2450 1247 2475 ,
1275 2409 1372 2465 sed
1388 2409 1627 2465 nondum
1647 2409 1907 2482 puberta-

293 2489 399 2535 tem
424 2482 730 2555 ingressus:
775 2482 1080 2539 Germanici
1107 2482 1218 2539 filio
1244 2483 1406 2539 robur
1434 2484 1713 2551 iuventae,
1743 2484 1905 2561 vulgi

291 2554 488 2623 studia,
511 2573 680 2629 eaque
699 2558 844 2629 apud
861 2576 1026 2614 avum
1046 2557 1153 2615 odii
1172 2576 1379 2617 caussa.
1456 2560 1632 2618 Etiam
1651 2558 1718 2617 de
1737 2556 1906 2619 Clau-

291 2628 381 2686 dio
401 2628 641 2703 agitanti,
665 2633 812 2705 quod
832 2633 900 2699 is,
913 2634 1203 2705 composita
1222 2634 1681 2699 aetatc,honarum
1696 2637 1903 2696 artium

291 2704 516 2774 cupiens
544 2714 684 2773 erat,
715 2708 983 2765 inminuta
1008 2725 1163 2764 mens
1190 2708 1309 2765 eius
1332 2708 1554 2766 obstitit.
1632 2710 1731 2767 Sin
1750 2720 1904 2770 extra

291 2775 514 2836 domum
545 2798 821 2840 successor
847 2790 1189 2857 quaereretur
1204 2825 1218 2851 ,
1258 2802 1325 2841 ne
1357 2785 1613 2843 memoria
1641 2785 1901 2861 Augusti,
