2081 3038
217 244 314 296 ⁴98
693 246 1340 296 ms'ronunun
1542 240 1812 315 (nmen.

215 347 562 404 intestabilior
589 358 638 404 et
664 355 871 405 saevior
895 360 1113 405 emortus
1140 360 1229 405 est.
1310 350 1427 405 Non
1454 354 1689 405 timemus
1724 351 1817 404 Ve-

213 428 518 493 spasianum
529 443 547 479 .·
585 442 648 480 ea
662 429 922 495 principis
940 435 1102 489 aetas,
1127 442 1188 479 ea
1205 428 1508 489 moderatio.
1578 426 1680 479 Sed
1696 430 1816 479 diu—

217 504 322 554 tius
339 503 536 553 durant
553 503 807 568 exempla,
831 519 986 569 quam
1006 510 1259 555 avectores.
1338 500 1697 569 Elonquimus,
1716 518 1818 567 pa-

219 584 322 629 tres
352 580 648 644 conscripti,
691 592 783 630 nec
811 580 918 629 iam
945 578 1035 630 ille
1053 584 1263 629 senatus
1285 592 1477 637 sumus,
1518 579 1625 644 qui,
1649 579 1817 637 occiso

217 651 437 714 Nerone,
466 654 722 705 delatores
748 660 794 703 et
814 654 1079 705 ministros
1102 667 1243 703 more
1260 654 1517 703 maiorum
1531 654 1819 717 puniendos

216 728 503 793 tlayitabat.
591 726 827 793 Optimus
871 733 946 779 est
985 733 1105 793 post
1140 726 1335 779 matum
1374 729 1663 793 principem
1708 728 1819 778 dies

216 818 434 868 primus.

331 878 413 930 43.
457 875 624 929 Tanto
649 890 774 928 cum
795 874 1023 929 adsensu
1046 881 1261 928 senatus
1281 874 1495 928 auditus
1515 881 1595 928 est
1613 875 1819 929 Monta-

217 967 342 1016 nus,
367 958 428 1005 ut
445 966 597 1021 spem
619 958 826 1020 caperet
844 948 1143 1013 Helvidius,
1160 966 1319 1020 posse
1336 950 1494 1003 etiam
1506 948 1817 1007 Marcellum

215 1025 498 1097 prosterni.
577 1024 744 1096 Igitur
771 1041 800 1077 a
833 1024 987 1078 laude
1013 1023 1192 1079 Cluvii
1213 1023 1335 1079 Rufi
1355 1041 1531 1090 orsus,
1555 1025 1671 1097 qui,
1694 1041 1817 1096 per-

216 1101 342 1155 inde
360 1100 511 1155 dives
531 1106 582 1153 et
600 1098 899 1169 eloquentia
919 1098 1115 1164 clama,
1147 1098 1284 1153 nulli
1308 1116 1565 1170 umquam
1586 1100 1689 1153 sub
1708 1101 1817 1154 Ne-

215 1192 343 1230 rone
360 1171 662 1245 periculum
682 1172 996 1237 secessisset,
1021 1174 1247 1227 crimine
1272 1174 1437 1229 simul
1464 1174 1817 1246 exemploque

215 1249 443 1321 Eprium
485 1248 723 1321 urgebat,
769 1247 1079 1303 ardentibus
1114 1256 1329 1319 patrum
1367 1250 1582 1305 animis,
1660 1248 1817 1315 Quod

220 1324 312 1379 ubi
339 1324 506 1379 sensit
536 1322 835 1389 Marcellus,
869 1322 1017 1379 veiut
1045 1323 1304 1378 excedens
1330 1326 1505 1379 curia:
1548 1326 1705 1389 Imma,
1728 1325 1817 1378 in-

214 1400 352 1472 quit,
385 1401 576 1463 Prisce,
619 1408 667 1453 et
693 1402 1034 1469 relinquimus
1060 1402 1153 1453 tibi
1169 1408 1402 1453 senatum
1425 1408 1595 1454 tuum.-
1632 1417 1815 1469 rayno,

214 1484 482 1544 praesento
505 1474 743 1530 Caesare.
804 1473 1135 1548 Sequebatur
1153 1474 1347 1529 Vibius
1365 1473 1617 1546 Crispus:
1658 1474 1816 1530 ambo

217 1550 411 1605 infensi
455 1549 608 1606 vultu
653 1550 891 1619 diverso;
953 1548 1233 1605 Marcellus
1282 1550 1583 1605 minacibus
1620 1549 1811 1612 oculiS,

217 1625 441 1696 Crispus
472 1624 748 1681 renidens:
799 1625 968 1680 donee
992 1625 1224 1680 adcursu
1258 1625 1549 1680 amicorum
1584 1625 1819 1679 retrahe-

217 1710 418 1755 rentur.
498 1699 636 1754 Cum
655 1699 900 1772 glisceret
919 1708 1203 1764 certamen,
1236 1699 1363 1754 hinc
1380 1699 1539 1754 multi
1556 1700 1812 1772 bonique,

217 1776 342 1830 inde
363 1775 519 1846 pauci
549 1782 599 1829 et
616 1774 800 1840 validi,
828 1775 1193 1846 pertinacibus
1220 1775 1359 1830 odiis
1378 1775 1665 1841 tenderent,
1689 1792 1816 1830 con-

217 1859 466 1921 sumptus
486 1867 580 1922 per
597 1850 916 1906 discordiam
940 1849 1076 1904 dies,

329 1929 411 1980 44.
455 1925 700 1981 Proximo
719 1933 925 1990 senatu,
948 1925 1229 1980 inchoante
1246 1923 1468 1980 Caesare
1487 1930 1549 1978 de
1566 1928 1815 1980 abolendo

217 2005 392 2056 dolore
420 2004 605 2070 iraque
629 2010 678 2054 et
701 2005 938 2068 priorum
958 2009 1242 2069 temporum
1266 2004 1668 2063 necessitatibus,
1690 2015 1818 2053 cen·-

217 2077 326 2131 suit
347 2077 628 2132 Mucianus
666 2073 877 2146 prolixe
906 2092 1004 2146 pro
1037 2075 1467 2130 adcusatoribus:
1510 2074 1675 2129 simul
1702 2091 1813 2140 eos,

217 2153 316 2223 qui
335 2159 592 2223 coeptam,
604 2149 796 2204 deinde
813 2151 1071 2205 omissam
1092 2151 1349 2205 actionem
1372 2157 1681 2222 repeterent,
1698 2167 1819 2205 mo·-

219 2227 338 2280 nuit
365 2242 608 2280 sermone
635 2224 782 2280 molli
811 2233 862 2280 et
888 2233 1163 2298 tamquam
1194 2234 1414 2298 rogaret.
1493 2225 1671 2280 Patres
1698 2242 1819 2279 coe—

215 2310 414 2372 ptatam
449 2301 762 2366 libertatem,
803 2309 1089 2373 postquam
1121 2300 1335 2356 obviam
1363 2300 1522 2366 itum,
1566 2301 1813 2355 omisere.
1900 2335 1905 2338 -

215 2377 518 2440 Mucianu3‚
552 2392 619 2428 ne
646 2376 828 2446 sperni
857 2384 1076 2431 senatus
1101 2375 1384 2441 iudicium,
1411 2383 1461 2429 et
1478 2376 1685 2429 cunctis
1711 2374 1817 2428 sub

215 2450 421 2505 Nerone
458 2449 710 2505 admissis
747 2450 866 2507 data
895 2452 1171 2521 inpunitas
1200 2449 1488 2514 videretur,
1530 2449 1815 2504 Octavium

215 2523 469 2596 Sagittam
507 2532 559 2579 et
591 2522 884 2580 Antistium
926 2523 1241 2588 Sosianum,
1266 2535 1270 2540 ’
1292 2525 1540 2579 senatorii
1583 2525 1809 2590 ordinis,

214 2613 456 2684 egressos
484 2597 736 2653 exsilium
754 2641 768 2665 ‚
810 2599 866 2654 in
895 2599 1111 2654 easdem
1138 2598 1345 2672 insulas
1374 2598 1593 2672 redegit.
1660 2597 1817 2654 Octa·—

213 2683 266 2702 ..-
291 2683 296 2685 ,
515 2683 520 2685 ,

744 2747 988 2816 inpotens
1013 2747 1211 2803 amoris
1231 2744 1561 2801 interfecerat
1573 2764 1585 2816 ;
1632 2745 1817 2828 ‘Sosia—

625 2673 974 2737 '‘nstumiam,
1016 2681 1202 2744 stupro
1229 2673 1493 2744 cognitam
1520 2681 1573 2726 et
1599 2675 1815 2743 nuptias
1882 2693 1889 2698 ·
