2081 3038
255 176 318 226 88
729 139 1370 226 n1sToR1ARum
1584 169 1857 244 (maan.

251 281 506 334 memoria
529 278 874 343 delationum,
897 281 1311 352 expositumque
1328 281 1395 335 ad
1416 281 1699 345 invidiam,
1717 282 1861 336 Mar-

251 354 370 409 celli
394 371 582 408 nomen
606 355 914 409 inritaverat
933 356 1234 418 Caecinam,
1262 363 1319 410 ut
1341 373 1511 411 novus
1534 356 1711 410 adhuc
1730 357 1858 410 etin

249 440 493 485 senatum
519 447 688 501 nuper
710 431 962 494 adscituS,
977 433 1187 502 magnis
1207 432 1507 486 inimicitiis
1526 431 1852 485 claresceret.

249 506 605 560 Moderatione
645 505 924 559 meliorum
965 506 1236 577 dirempti.
1318 507 1383 560 Et
1432 506 1631 562 rediere
1669 521 1857 560 omnes

251 581 561 644 Bononiam,
597 598 786 635 rursus
815 580 1175 634 consiliaturi:
1217 580 1411 644 simul,
1448 580 1631 638 medio,
1654 589 1859 650 tempo-

251 656 346 716 ris„
371 655 556 725 plures
586 657 761 710 nuntii
793 656 1163 726 sperabantur.
1242 656 1525 720 Bononiae,
1548 655 1741 710 divisis
1762 671 1858 726 per

233 730 462 800 itinera,
494 734 590 802 qui
625 732 1049 785 recentissimum
1074 746 1347 802 quemque
1365 738 1853 804 percunctarentur,

252 807 602 878 inteeratus
623 805 848 860 Othonis
875 805 1097 860 libertus
1116 823 1360 860 caussam
1379 806 1675 879 digressus,
1700 809 1861 860 habe-

247 899 307 934 re
325 899 379 935 se
403 899 648 948 suprema
667 887 778 935 eius
796 885 1049 935 mandata
1074 881 1371 952 respondit:
1414 886 1583 948 ipsum
1606 885 1859 935 viventem

249 961 456 1024 quidem
484 959 738 1016 relictum,
779 961 868 1010 sed
897 959 1011 1009 sola
1036 961 1359 1024 posteritatis
1387 973 1516 1010 cura
1543 966 1590 1009 et
1617 959 1859 1022 abruptis

248 1036 388 1084 vitae
427 1034 805 1084 blandimentis.
883 1030 1020 1084 Hinc
1056 1030 1335 1086 admiratio
1370 1039 1421 1086 et
1450 1029 1602 1100 plura
1632 1031 1857 1084 interro·

249 1104 410 1177 gandi
435 1104 632 1175 pudor:
675 1114 836 1177 atque
865 1107 1110 1159 omnium
1139 1107 1305 1160 animi
1324 1107 1383 1160 in
1403 1102 1675 1162 Vitellium
1698 1104 1857 1158 ineli-

253 1196 466 1234 navere.

361 1257 446 1308 54.
492 1253 742 1308 Intererat
767 1253 1008 1309 consiliis
1038 1252 1197 1310 frater
1224 1255 1360 1320 eius,
1394 1255 1455 1310 L.
1482 1248 1747 1318 vitellius,
1770 1272 1856 1309 se-

249 1346 358 1400 que
395 1333 500 1383 iam
539 1329 882 1385 adulantibus
910 1330 1183 1394 offerebat,
1218 1347 1343 1384 cum
1376 1337 1589 1401 repente
1620 1329 1853 1395 CoenuS,

251 1404 474 1459 libertus
514 1405 757 1469 Neronis,
799 1408 958 1461 atroci
991 1405 1267 1460 mendacio
1298 1405 1578 1460 universos
1609 1405 1836 1476 perculit

249 1480 558 1544 adfirmans,
579 1490 890 1549 superventu
911 1482 1063 1536 XIV.
1088 1483 1318 1550 leqionis,
1351 1484 1542 1536 itmctis
1562 1499 1596 1535 a
1618 1481 1859 1535 Brixello

247 1562 473 1618 viribus,
525 1574 700 1610 caesos
747 1562 994 1619 victores,
1046 1573 1248 1611 versam
1294 1561 1525 1623 partium
1573 1561 1856 1623 fortun-am.

251 1630 451 1685 Caussa
475 1631 711 1703 tingendi
736 1629 853 1696 fuit,
877 1641 936 1685 ut
953 1630 1239 1702 diplomata
1264 1629 1507 1694 Othonis,
1526 1646 1665 1701 quae
1684 1630 1859 1703 negli-

250 1706 542 1779 gebantur,
591 1704 800 1761 laetiore
837 1708 1025 1760 nuntio
1062 1704 1460 1759 revalescerent.
1539 1705 1605 1759 Et
1644 1704 1857 1759 Coenus

251 1780 470 1851 quidem
497 1781 678 1850 rapide
699 1784 752 1835 in
777 1782 966 1835 urbem
991 1789 1193 1844 vectuS,
1210 1788 1406 1851 paucos
1426 1788 1545 1851 post
1564 1780 1678 1834 dies
1698 1781 1859 1835 iussu

250 1855 448 1908 Vitellii
493 1872 687 1925 poenas
731 1856 847 1909 luit.
925 1854 1239 1910 Senatorum
1278 1854 1580 1927 periculum
1616 1862 1855 1920 auctum,

251 1930 588 1985 credentibus
608 1930 926 1985 Othonianis
957 1930 1221 1985 militibus
1245 1945 1365 1985 vera
1386 1946 1523 1995 esse,
1552 1946 1690 2001 quae
1710 1928 1863 1984 adfe-

249 2006 522 2060 rebantur.
604 2005 909 2059 Intendebat
940 2004 1300 2070 formidinem,
1333 2005 1477 2077 quod
1506 2005 1707 2077 publici
1731 2013 1863 2060 con-³

251 2081 359 2136 silii
383 2080 514 2134 facie
533 2080 831 2134 discessum
857 2081 1079 2145 Mutina,
1102 2081 1450 2152 desertaeque
1470 2089 1643 2152 partes
1668 2078 1857 2135 forent.

249 2158 363 2211 Nec
383 2156 518 2210 ultra
541 2156 594 2209 in
617 2172 901 2209 commune
919 2158 1211 2228 congressi,
1224 2156 1328 2209 sibi
1348 2157 1583 2227 quisque
1602 2156 1861 2211 consulu-

251 2250 365 2287 ere:
409 2232 576 2285 donec
605 2232 800 2285 missae
829 2246 858 2283 a
881 2230 1045 2285 Fabio
1064 2229 1281 2285 Valente
1308 2230 1559 2302 epistolae
1584 2230 1864 2285 demerent

250 2316 476 2361 metum.
556 2306 624 2358 Et
651 2322 794 2359 mors
815 2304 1062 2371 Othonis,
1082 2319 1197 2378 quo
1224 2304 1555 2370 laudabilior,
1580 2322 1641 2359 eo
1660 2304 1864 2360 veloci-

251 2398 317 2435 us
340 2380 538 2435 audita.

361 2458 446 2508 55.
491 2454 558 2508 At
576 2454 774 2509 Romae
801 2454 936 2510 nihil
959 2454 1350 2525 trepidationis:
1395 2452 1635 2509 Cereales
1656 2454 1771 2510 ludi
1794 2470 1864 2511 ex

255 2545 401 2583 more
441 2530 834 2598 spectabantur.
916 2530 982 2584 Ut
1015 2531 1246 2584 cessisse
1286 2531 1393 2584 vita
1421 2528 1704 2595 Othonem,
1744 2539 1801 2585 et
1832 2548 1865 2585 a

255 2603 440 2657 Flavio
460 2602 674 2667 Sabine,
701 2602 959 2673 praesecto
980 2604 1153 2670 urbiS,
1172 2604 1325 2676 qnod
1350 2605 1536 2660 eratin
1555 2604 1692 2659 urbe
1710 2604 1865 2660 mili-

213 2716 220 2719 .
259 2684 394 2740 tum,
417 2686 743 2733 sacramento
759 2678 959 2735 Vitellii
979 2678 1224 2733 adactum
1234 2680 1387 2745 ,ceni
1407 2686 1645 2735 auctores
1660 2678 1721 2733 in
1742 2678 1867 2734 the-
