2081 3038
233 244 335 301 292
645 245 701 292 c,
743 241 1124 290 CORNELII
1162 236 1434 283 TAclTI
1565 222 1845 297 (A.1J.837.)

234 356 371 413 niae,
412 353 550 402 inter
573 350 709 401 male
730 353 974 415 parentes
1010 351 1060 396 et
1088 344 1279 395 iniuste
1304 342 1641 407 imperantes,
1682 352 1845 402 aeyra

233 422 521 491 municipia
541 431 588 477 et
607 423 982 476 discordantia.
1050 416 1149 471 Hic
1172 418 1302 477 dux,
1331 416 1414 467 hic
1436 407 1729 465 exercitus:
1775 412 1846 461 ibi

237 503 434 555 tributa
471 506 519 553 et
548 500 760 551 metalla
787 503 833 548 et
865 503 1064 547 ceterae
1090 493 1421 545 servientium
1446 504 1671 555 poenae:
1714 501 1851 553 quas

237 580 294 629 in
321 584 586 629 aeternum
609 577 856 641 perferre,
900 577 992 622 aut
1021 570 1201 621 stat-im
1229 567 1431 625 ulcisci,
1474 567 1530 616 in
1550 564 1643 614 hoc
1667 577 1852 627 campo

237 660 328 705 est.
407 650 629 703 Proinde
658 650 789 701 ituri
816 649 874 699 in
900 648 1066 697 aciem
1086 649 1133 694 et
1151 643 1375 693 maiores
1392 646 1587 692 vestros
1609 644 1656 688 et
1673 644 1852 701 poste-

187 724 194 729 ’
239 744 328 781 ros
351 729 584 794 coqitale.
647 744 649 746 ¹

352 804 437 855 33.
479 800 747 869 Excepere
786 795 1076 849 orationem
1114 789 1313 843 alacres
1348 798 1399 843 et
1436 785 1649 841 barbari
1682 787 1852 839 moris

242 884 400 931 cantu
422 882 472 930 et
491 873 706 928 fremitu
725 869 1159 939 clamoribusque
1178 864 1431 920 dissonis.
1512 862 1736 933 Iamque
1758 876 1853 932 ag-

243 954 391 1009 mina
411 959 462 1005 et
479 965 751 1005 armorum
773 944 1026 1018 fulgorem,
1051 938 1421 996 audentissimi
1442 938 1709 1007 cuiusque
1728 953 1855 1007 pro·

243 1044 436 1082 cursu:
479 1022 644 1079 simul
666 1020 1029 1077 instruebatur
1050 1018 1219 1072 acies:
1243 1032 1367 1069 cum
1381 1010 1850 1087 Agricola‚quam-

243 1119 411 1175 quam
432 1099 629 1154 laetum
650 1104 700 1151 et
721 1097 812 1151 vix
835 1093 1187 1149 munimentis
1205 1090 1490 1146 coercitum
1512 1086 1741 1142 militem
1760 1085 1856 1141 ad-

245 1178 502 1238 hortatuS‚
544 1174 614 1227 ita
643 1170 924 1225 disseruit:
971 1168 1201 1223 Octavus
1222 1183 1393 1220 annus
1412 1172 1501 1226 est,
1547 1165 1859 1217 commilito-

243 1269 348 1313 nes,
367 1268 434 1303 ex
455 1266 557 1318 quo
576 1252 766 1302 virtute
785 1254 833 1298 et
852 1247 1107 1313 auspiciis
1128 1245 1333 1309 imperii
1346 1240 1577 1303 Romani,
1592 1241 1692 1308 fide
1700 1247 1859 1307 atque

245 1343 406 1395 opera
438 1334 613 1379 vestra
643 1324 977 1377 Britanniam
1003 1322 1217 1373 vicistis.
1303 1318 1395 1369 Tot
1422 1317 1857 1383 expeditionibus,

249 1410 320 1457 tot
336 1403 568 1470 proeliis,
589 1416 679 1453 seu
697 1400 1002 1467 fortitudine
1021 1398 1272 1448 adversus
1290 1394 1471 1453 hostes,
1494 1407 1583 1443 seu
1596 1393 1861 1457 patientia

247 1496 312 1534 ac
343 1480 536 1541 labore,
576 1491 742 1545 paene
773 1476 1024 1528 adversus
1053 1474 1219 1538 ipsam
1246 1484 1424 1522 rerum
1453 1474 1702 1519 naturam
1732 1482 1863 1534 opus

247 1558 378 1624 suit:
417 1569 578 1620 neque
599 1567 676 1604 me
696 1551 935 1612 militum,
959 1562 1121 1616 neque
1139 1560 1229 1600 vos
1248 1546 1397 1597 ducis
1410 1545 1687 1610 poenituit.
1755 1541 1862 1594 Er-

248 1646 313 1698 9⁰
341 1631 549 1696 eyressi,
583 1643 672 1694 eqo
699 1633 927 1680 veterum
959 1625 1265 1690 mancorum,
1286 1635 1377 1672 vos
1391 1620 1630 1686 priorum
1652 1620 1863 1670 eaeerci-

252 1713 396 1758 tuum
417 1705 678 1764 terminos,
709 1703 860 1770 finem
879 1699 1209 1757 Britanniae,
1230 1710 1335 1748 non
1358 1699 1499 1762 sama
1520 1709 1613 1744 nec
1630 1709 1861 1753 rumore,

249 1782 339 1834 sed
361 1781 550 1832 castris
569 1785 616 1830 et
636 1779 802 1831 armis
823 1782 1066 1828 tenemus.
1114 1771 1326 1824 Inventa
1343 1769 1642 1829 Britannia,
1674 1775 1723 1820 et
1740 1769 1859 1820 sub-

251 1863 392 1909 acta.
473 1853 724 1922 Equidem
741 1865 894 1917 saepe
913 1852 969 1901 in
987 1851 1209 1914 aym-ine,
1236 1861 1351 1899 cum
1370 1860 1460 1897 vos
1474 1845 1697 1910 paludes
1717 1860 1859 1896 mon·

255 1939 388 1984 tesve
425 1937 472 1981 et
509 1931 725 1995 {lurnina
767 1928 1068 1994 fatiqarcnt‚
1115 1923 1391 1990 fortissimi
1431 1921 1680 1986 cuiusque
1717 1935 1868 1972 voces

253 2006 557 2060 audiebam:
615 2001 875 2066 »Quando
911 1999 1128 2050 dabitur
1166 1993 1363 2050 hostis?
1420 1997 1627 2063 quando
1648 1993 1866 2047 acies&

263 2081 496 2141 Veniunt,
538 2096 564 2130 e
604 2078 818 2130 latebris
855 2077 967 2127 suis
1005 2075 1239 2126 extrusi:
1288 2078 1337 2124 et
1363 2078 1483 2123 vota
1512 2072 1784 2136 virtusque
1818 2073 1867 2120 in

255 2163 453 2223 aperte,
495 2155 768 2219 omniaque
793 2166 966 2217 prona
992 2148 1295 2208 victoribus,
1336 2152 1492 2212 atque
1517 2145 1695 2196 eadem
1715 2148 1871 2196 victis

249 2235 493 2284 adversa.
573 2227 737 2289 Nam,
787 2233 844 2278 ut
887 2238 1163 2291 superasse
1201 2229 1403 2274 tantum
1441 2221 1661 2280 itineris,
1706 2221 1872 2272 sili-as

257 2309 496 2366 evasisse,
540 2305 790 2356 transisse
815 2302 1103 2360 aestuaria,
1141 2297 1419 2364 pulchrum
1444 2310 1509 2348 ac
1538 2297 1785 2346 decorum
1816 2297 1869 2346 in

254 2385 504 2449 [rontem;
563 2382 641 2431 ita
676 2377 992 2445 suqientibus
1025 2373 1498 2440 periculosissima,
1550 2385 1684 2436 quae
1722 2370 1874 2422 hodie

253 2456 612 2521 prosperrima
631 2459 767 2504 sunt.
817 2449 994 2517 Neque
1013 2452 1148 2502 enim
1167 2447 1313 2498 nobis
1333 2453 1425 2497 aut
1448 2447 1675 2496 locorum
1695 2447 1873 2496 eadem

256 2531 461 2588 notitia,
483 2534 577 2579 aut
598 2533 968 2583 commeatuum
988 2525 1164 2576 eadem
1182 2521 1536 2574 abundantia:
1575 2521 1665 2570 sed
1686 2535 1875 2570 manus

259 2609 305 2651 et
325 2617 494 2661 arma,
517 2608 564 2652 et
587 2604 643 2653 in
661 2603 742 2653 his
762 2603 951 2653 omnia.
1035 2594 1183 2660 Quod
1202 2597 1274 2647 ad
1292 2610 1371 2645 me
1390 2595 1606 2654 adtinet,
1630 2596 1738 2644 iam
1754 2597 1869 2659 pri-

259 2676 372 2724 dem
392 2675 519 2725 mihi
538 2677 799 2726 decretum
819 2681 911 2736 est,
926 2687 1088 2739 neque
1106 2671 1372 2722 exercitus
1389 2681 1553 2734 neque
1561 2669 1715 2718 ducis
1726 2674 1875 2734 terga

260 2751 372 2795 tuta
393 2760 513 2797 esse.
595 2747 815 2800 Proinde
836 2755 882 2799 et
903 2749 1114 2798 honesta
1134 2759 1273 2796 mors
1293 2745 1438 2808 turpi
1452 2745 1563 2796 vita
1576 2744 1787 2810 potior.-
1829 2751 1876 2792 et
