2081 3038
162 199 428 278 (ruste.)
502 209 924 260 AcnrcOLA.
967 213 1123 260 cAr.
1163 211 1413 259 42—44.
1658 205 1757 260 299

161 331 302 370 esse:
345 313 776 386 obsequiumque
805 331 866 368 ac
891 313 1227 380 modestiam,
1251 314 1299 368 si
1318 314 1579 370 industria
1598 331 1661 370 ao
1678 313 1763 369 vi-

159 408 252 463 gor
281 388 476 454 adsint,
508 406 570 442 eo
598 387 772 444 laudis
799 389 1071 456 excedere,
1092 407 1204 462 quo
1222 389 1466 461 plerique
1486 403 1580 462 per
1593 390 1763 453 abru-

161 473 266 536 pta,
297 464 394 518 sed
423 465 479 518 in
511 463 723 518 nullum
745 464 1071 536 reipublicae
1088 483 1271 531 usum,
1292 465 1575 520 ambitiosa
1596 473 1763 520 morte

161 539 540 594 inclaruerunt.

271 617 356 669 43.
398 615 550 669 Finis
573 615 710 668 vitae
728 614 844 668 eius
867 615 1020 670 nobis
1042 614 1340 680 luctuosus,
1360 615 1551 670 amicis
1574 616 1762 678 tristis,

162 691 424 746 extraneis
443 690 602 744 etiam
623 690 928 762 ignotisque
947 707 1053 746 non
1074 691 1191 746 sine
1210 708 1339 746 cura
1358 689 1479 746 fuit.
1553 687 1766 761 Vulgus

163 782 396 838 quoque,
442 773 492 819 et
521 764 612 818 hic
635 762 785 818 aliud
806 781 968 838 agens
990 765 1244 837 populus,
1286 773 1339 821 et
1356 765 1682 821 ventitavere
1694 761 1769 816 ad

162 841 404 904 domum,
447 847 498 893 et
521 855 618 910 per
646 837 755 894 fora
779 847 832 895 et
857 841 1085 896 circulos
1114 841 1273 896 locuti
1300 848 1455 896 sunt:
1500 854 1597 894 nec
1614 839 1769 910 quis-

163 933 350 988 quam,
374 914 551 969 audita
569 921 735 969 morte
758 913 1053 989 Agricolae,
1077 924 1169 971 aut
1190 915 1411 972 laetatus
1432 923 1529 981 est,
1547 922 1641 970 aut
1660 922 1769 968 sta-

165 992 261 1044 tim
280 989 500 1046 oblitus,
579 989 824 1063 Augebat
851 992 1249 1048 miserationem
1282 999 1530 1047 constans
1558 1003 1763 1054 rumor.

164 1083 367 1122 veneno
395 1068 764 1138 interceptum.
845 1067 1012 1124 Nobis
1039 1067 1177 1124 nihil
1206 1067 1461 1140 comperti
1488 1065 1769 1121 adfirmare

163 1143 367 1198 ausim:
407 1149 642 1198 ceterum
663 1159 759 1214 per
781 1159 996 1200 omnem
1019 1143 1381 1200 valetudinem
1396 1143 1539 1208 ciue,
1568 1141 1771 1198 crebri-

163 1235 230 1272 us
249 1235 415 1289 quam
445 1234 513 1273 ex
541 1235 686 1274 more
704 1219 1059 1291 principatus,
1088 1233 1184 1292 per
1212 1221 1429 1276 nuntios
1450 1218 1673 1274 visentis
1718 1223 1773 1270 et

163 1292 473 1347 libertorum
512 1293 697 1362 primi,
738 1301 790 1347 et
828 1294 1159 1349 medicorum
1188 1295 1364 1349 intimi
1392 1300 1610 1348 venere:
1653 1295 1770 1347 sive
1807 1339 1818 1346 ,

165 1385 292 1421 cura
311 1366 468 1430 illud,
495 1367 612 1420 sive
630 1367 911 1438 inquisitio
931 1377 1060 1423 erat.
1138 1367 1401 1439 Supremo
1417 1368 1638 1440 quidem
1656 1367 1765 1430 die,

165 1449 432 1496 momenta
469 1438 762 1495 deficientis
797 1458 894 1512 per
931 1442 1223 1512 dispositos
1256 1459 1503 1496 cursores
1529 1441 1768 1496 nuntiata

164 1515 454 1580 constabat,
473 1513 622 1571 nullo
643 1515 904 1580 credente,
918 1515 999 1571 sic
1017 1514 1467 1589 accelerari,quae
1486 1517 1654 1572 tristis
1674 1533 1773 1569 au·-

164 1592 319 1647 diret.
399 1588 640 1661 Speciem
671 1599 844 1647 tamen
864 1591 1062 1649 doloris
1082 1592 1262 1647 animo
1282 1591 1548 1664 vultuque
1566 1608 1693 1663 prae
1713 1608 1775 1645 se

167 1666 308 1731 tulit,
324 1682 546 1721 securus
566 1666 672 1720 iam
692 1666 886 1733 odii,et
905 1668 1002 1739 qui
1024 1666 1235 1723 facilius
1255 1666 1619 1723 dissimularet
1636 1681 1773 1741 gau-

167 1743 341 1807 dium,
364 1757 527 1813 quam
549 1748 774 1797 metum.
851 1742 993 1799 Satis
1011 1742 1301 1808 constabat,
1334 1742 1467 1799 lecte
1486 1750 1773 1797 testamen-

169 1827 220 1871 ω
241 1815 532 1889 Agricolae,
547 1834 656 1888 quo
675 1818 986 1874 coheredem
1005 1818 1239 1891 optimae
1255 1818 1407 1873 uxori
1426 1826 1476 1871 et
1495 1818 1773 1888 piissimae

168 1891 310 1946 filiae
330 1892 691 1947 Domitianum
709 1894 944 1965 scripsit,
968 1894 1217 1949 laetatum
1234 1910 1385 1958 eum,
1409 1892 1556 1947 velut
1574 1892 1773 1946 honore

167 1966 495 2039 iudicioque.
575 1966 707 2022 Tam
753 1986 907 2024 caeca
951 1978 1004 2025 et
1042 1976 1299 2041 conrupta
1337 1984 1492 2023 mens
1530 1966 1771 2022 adsiduis

168 2041 566 2097 adulationibus
593 2049 724 2110 erat,
755 2051 815 2116 ut
835 2046 1081 2110 nesciret,
1098 2062 1133 2100 a
1153 2044 1293 2101 bono
1308 2052 1461 2117 patre
1481 2061 1587 2099 non
1608 2041 1772 2096 scribi

167 2118 438 2181 heredem,
468 2118 574 2173 nisi
591 2117 799 2175 malum
816 2116 1140 2191 principem.

282 2196 364 2247 44.
407 2194 576 2247 Natus
605 2203 714 2250 erat
741 2194 982 2269 Agricola
1011 2194 1139 2251 Caio
1164 2195 1387 2251 Caesare
1412 2194 1627 2251 tertium
1648 2210 1775 2247 con·-

169 2268 304 2333 sule,
329 2268 466 2323 Idib.
482 2269 679 2323 luniis:
719 2271 951 2325 excessit
969 2278 1119 2325 sexto
1134 2278 1189 2325 et
1204 2270 1659 2345 quinunesimo
1680 2285 1775 2321 an-

169 2362 240 2400 no
254 2388 267 2409 ,
317 2344 526 2399 decime
574 2343 690 2400 Kal.
741 2344 1010 2418 Septemb.
1052 2344 1267 2420 Collega
1307 2346 1595 2416 Priscoque
1633 2360 1771 2398 coss.

169 2418 374 2485 Quodsi
413 2418 656 2475 habitum
695 2438 912 2493 quoque
949 2421 1068 2476 eius
1104 2421 1301 2493 posteri
1330 2436 1547 2476 noscere
1577 2418 1771 2485 velint3

168 2494 437 2549 decentior
455 2512 622 2566 quam
641 2496 926 2553 sublimior
944 2496 1063 2551 fuit.
1142 2496 1291 2551 Nihil
1310 2504 1486 2550 metus
1506 2495 1562 2549 in
1588 2493 1740 2549 vultu
1759 2512 1770 2546 :

167 2570 338 2643 gratia
375 2571 485 2625 oris
524 2580 814 2641 supererat.
893 2571 1310 2627 Bonum-virum
1342 2569 1495 2626 facile
1510 2569 1771 2633 crederes,

169 2662 432 2718 magnum
451 2644 693 2703 libenter.
773 2646 839 2703 Et
857 2649 972 2719 ipse
989 2646 1234 2720 quidem,
1246 2660 1579 2720 quamquam
1599 2644 1777 2700 medie

171 2721 228 2775 in
249 2722 420 2793 spatio
438 2721 674 2793 integrae
693 2723 878 2781 aetatis
897 2730 1131 2799 ereptae,
1154 2730 1421 2797 quantum
1437 2722 1508 2779 ad
1522 2720 1771 2799 gioriam,
