2081 3038
277 239 374 294 276
840 243 1311 292 ANNALmM
1602 233 1879 310 (emeat.

275 343 478 418 placida
500 341 732 410 inluvie,
765 343 1057 416 spirantem
1087 363 1149 400 ac
1176 347 1312 400 vitae
1332 343 1668 405 manifestam
1688 345 1883 404 adver-

275 431 382 475 tere
409 426 647 492 pastores
663 461 675 485 ,
707 426 759 474 et
783 418 1042 493 dignitate
1072 421 1269 476 formae
1293 419 1441 477 haud
1459 419 1775 496 degenerem
1795 439 1883 476 re-

273 503 518 568 putantes
534 537 547 560 ,
577 492 816 570 obligant
844 493 1073 563 vulnus,
1107 498 1332 571 agrestia
1353 497 1705 552 medicamina
1726 496 1882 553 adhi-

273 573 426 641 bent3
468 569 784 646 cognitoque
811 572 1028 626 nomine
1055 579 1107 627 et
1134 589 1261 628 casu
1276 614 1290 638 ‚
1326 573 1384 627 in
1416 573 1600 628 urbem
1630 572 1879 628 Artaxata

273 646 469 703 ferunt.
549 645 701 702 Unde
727 645 944 720 publica
972 663 1099 702 cura
1128 647 1350 702 deducta
1376 647 1443 702 ad
1462 647 1760 716 Tiridaten,
1792 665 1881 704 co—

273 724 538 796 miterque
556 729 791 794 excepta,
817 719 963 777 cultu
984 723 1130 796 regio
1150 723 1327 777 habita
1348 730 1444 778 est.

382 801 467 857 52.
509 797 707 854 Fausto
725 795 893 862 Sulla,
915 796 1095 852 Salvio
1115 797 1320 854 Othone
1339 815 1475 853 coss.
1519 797 1718 852 Furius
1738 795 1883 853 Scri-

272 873 538 932 bonianus
556 875 614 930 in
635 872 885 929 exsilium
909 873 1085 947 agitur
1100 916 1112 938 ‚
1128 874 1300 946 ‘quasi
1322 872 1483 928 finem
1502 873 1767 945 principle
1784 889 1883 946 per

273 949 565 1006 Chaldaeos
612 957 954 1004 scrutaretur.
1033 948 1423 1004 Adnectebatur
1466 947 1682 1004 crimini
1725 948 1879 1004 Iunia

274 1034 440 1082 mater
469 1026 587 1084 eius
603 1067 616 1091 ,
649 1032 710 1080 ut
737 1040 892 1079 casus
919 1024 1115 1096 prioris
1144 1023 1289 1098 (nam
1318 1023 1546 1100 relegata
1574 1021 1701 1096 erat)
1726 1024 1882 1095 inpa-

273 1105 430 1158 tiens.
506 1101 661 1156 Pater
678 1097 1036 1165 Scriboniani,
1073 1097 1331 1155 Camillus
1346 1141 1360 1166 ‚
1388 1115 1535 1154 arma
1554 1115 1649 1170 per
1668 1096 1883 1153 Dalma-

273 1179 403 1232 tiam
432 1182 696 1232 moverat:
738 1174 901 1247 idque
930 1173 998 1230 ad
1025 1173 1360 1230 clementiam
1396 1173 1636 1230 trahebat
1663 1173 1876 1239 Caesar,

273 1251 420 1324 quod
456 1251 679 1324 stirpem
720 1249 964 1306 hostilem
1015 1250 1210 1305 iterum
1258 1257 1610 1305 conservaret.
1658 1257 1661 1264 '
1691 1250 1880 1322 Neque

273 1336 450 1382 tamen
470 1323 647 1382 exsuli
666 1325 821 1400 longa
838 1324 1060 1398 posthac
1080 1327 1187 1380 vita
1208 1323 1336 1380 fuit:
1367 1333 1533 1380 morte
1552 1323 1786 1390 fortuita,
1808 1342 1876 1380 an

273 1419 368 1475 per
387 1417 658 1459 venenum
677 1402 970 1457 exstinctus
991 1409 1148 1466 esset,
1161 1408 1221 1456 ut
1239 1400 1473 1473 quisque
1494 1399 1735 1466 credidit,
1756 1397 1883 1456 vul-

273 1495 484 1553 gavera.
555 1477 630 1534 De
649 1475 1034 1534 mathematicis
1054 1473 1202 1532 Italia
1221 1475 1483 1549 pellendis
1504 1475 1702 1531 factum
1722 1491 1880 1531 sena-

275 1566 362 1610 tus
383 1553 686 1612 consultum
702 1595 715 1620 ‚
731 1560 897 1611 ‘atrox
915 1560 964 1608 et
982 1553 1227 1621 inritum.
1308 1551 1527 1607 Laudati
1548 1549 1743 1606 dehinc
1760 1568 1881 1606 ora-

275 1633 416 1687 tione
441 1630 730 1705 principis,
763 1630 859 1701 qui
888 1628 956 1683 ob
986 1629 1261 1703 angustias
1281 1626 1567 1682 familiares
1588 1626 1775 1681 ordine
1793 1644 1881 1681 se-

276 1706 476 1761 natorio
506 1711 692 1777 sponte
719 1704 961 1759 cederent
977 1745 991 1769 ,
1023 1702 1262 1775 motique
1276 1746 1289 1770 ‚
1318 1704 1415 1776 qui
1445 1702 1765 1757 remanendo
1794 1703 1879 1757 in-

273 1779 584 1853 pudentiam
602 1778 900 1853 paupertati
917 1777 1222 1833 adiicerent.

383 1858 468 1909 53.
511 1854 652 1910 Inter
679 1870 816 1927 quae
844 1851 1069 1908 refertur
1094 1852 1161 1908 ad
1189 1837 1363 1925 patres
1384 1851 1449 1907 de
1467 1868 1635 1925 poena
1654 1850 1882 1907 femina-

274 1948 397 1987 rum
413 1934 439 1996 ,'
469 1946 609 2004 quae
645 1929 816 1985 servis
856 1929 1339 2004 coniungerentur:·
1380 1928 1737 2001 statuiturque
1752 1971 1766 1995 ‚
1819 1934 1881 1984 ut

274 2010 460 2079 ignaro
487 2004 702 2063 domino
731 2004 798 2061 ad
823 2004 881 2060 id
905 2004 1210 2077 prolapsae,
1244 2006 1300 2059 in
1330 2005 1609 2071 servitute,
1643 2004 1732 2059 sin
1752 2019 1881 2059 con-

274 2082 549 2148 sensisset,
572 2096 668 2155 pro
687 2079 890 2136 libertis
911 2080 1251 2135 haberentur.
1331 2077 1583 2145 Pallanti,
1607 2096 1771 2153 quem
1793 2096 1879 2134 re·-

273 2166 535 2230 pertorem
565 2156 682 2213 eius
710 2156 978 2212 relationis
1003 2154 1240 2211 ‘ediderat
1268 2154 1486 2221 Caesar,
1513 2156 1772 2228 praetoria
1792 2156 1879 2210 in-

273 2234 449 2307 signia
468 2240 519 2288 et
537 2232 734 2287 centies
755 2231 1117 2306 quinquagies
1137 2232 1439 2287 sestertium
1461 2230 1668 2285 censuit
1688 2228 1875 2285 consul

273 2309 582 2383 designatus
599 2349 612 2373 ‚
639 2306 799 2362 Barea
821 2307 1074 2363 Soranus.
1153 2304 1409 2362 Additum
1434 2324 1465 2361 a
1486 2302 1731 2378 Scipione
1750 2306 1880 2361 Cor-

273 2383 438 2449 neli0,
469 2392 646 2453 qrates
666 2386 874 2451 publice
903 2386 1155 2453 aqendas,
1186 2386 1348 2453 quod,
1382 2382 1591 2451 reqibus
1618 2382 1882 2437 Arcadiae

271 2466 443 2522 ortus,
473 2462 802 2513 veterrimam
829 2457 1146 2513 nobilitatem
1174 2461 1297 2513 usui
1306 2460 1517 2527 publico
1528 2466 1877 2531 postponeret,

271 2550 424 2601 seque
441 2536 580 2589 inter
596 2536 864 2591 ministros
874 2537 1136 2603 principis
1153 2531 1337 2587 haberi
1358 2536 1562 2587 sineret.
1582 2542 1587 2551 ·
1643 2530 1882 2587 Adseve—

273 2608 409 2661 ravit
427 2606 704 2674 Claudius,
731 2618 1019 2663 contentum
1039 2612 1229 2663 honore
1253 2610 1553 2671 Pallantem,
1568 2612 1710 2662 intra
1728 2614 1881 2675 prio-

274 2692 382 2732 rem
397 2691 754 2751 paupertatem
772 2688 1062 2739 subsistere.
1140 2682 1207 2737 Et
1226 2682 1395 2739 fixum
1416 2690 1495 2736 est
1514 2697 1633 2737 aere
1658 2680 1882 2753 publico

271 2761 488 2811 senatus
507 2756 811 2815 consultum
827 2800 841 2825 ,
865 2774 974 2831 quo
995 2758 1275 2813 libertinus
1291 2800 1304 2824 ‚
1334 2758 1560 2814 sestertii
1580 2764 1659 2813 ter
1678 2756 1881 2814 millies
