2081 3038
309 203 409 256 256
645 209 702 258 C'.
743 209 1180 257 CORNELIUS
1221 207 1557 258 TAOITUS
1604 207 1613 212 '
1704 204 1715 210 ’

310 327 450 383 quae
469 310 650 366 liberis
670 310 920 366 inviolata
946 329 1007 366 ac
1025 311 1185 385 digna
1205 311 1557 383 reddat,quae
1578 323 1751 366 nurus
1772 311 1912 365 aeci-

310 388 477 457 piant,
501 403 798 458 rursusque
817 386 882 440 ad
901 395 1123 457 nepotes
1140 386 1381 442 referant.

422 465 501 516 19.
543 462 686 534 Ergo
705 469 881 533 septae
900 461 1157 532 pudicitia
1176 470 1361 535 agunt,
1392 461 1561 516 nullis
1582 461 1911 532 spectacuio-

311 555 432 591 rum
454 536 756 602 inlecebriS,
793 533 958 591 nullis
977 537 1346 592 conviviorum
1366 537 1763 592 imitationibus
1784 555 1911 592 con-

309 621 512 683 ruptae.
592 613 910 666 Litterarum
959 621 1157 666 secreta
1206 613 1309 668 viri
1345 613 1541 684 pariter
1579 630 1640 666 ac
1682 610 1909 666 feminae

309 690 570 761 ignorant.
649 687 976 742 Paucissima
1007 687 1062 740 in
1096 695 1200 740 tam
1224 701 1504 742 numerosa
1529 695 1687 760 geme
1706 686 1909 742 adulte-

309 764 416 832 ria;
459 780 689 835 quorum
709 779 878 833 poena
899 779 1169 832 praesens,
1186 770 1239 816 et
1257 763 1463 816 maritis
1480 763 1762 832 permissa.
1806 762 1911 816 Ac-

310 839 437 892 cisis
477 837 736 902 crinibus,
783 835 1053 900 nudatam,
1096 855 1271 891 coram
1312 838 1649 908 propinquis,
1690 835 1911 908 expellit

310 914 466 967 domo
487 913 729 976 maritus,
752 929 812 966 ac
831 929 923 983 per
943 924 1153 966 omnem
1180 913 1360 966 vicum
1381 911 1599 966 verbere
1616 911 1745 984 agit.
1804 913 1910 966 Pu-

311 988 529 1042 blicatae
550 987 691 1041 enim
713 983 1000 1058 pudicitiae
1021 985 1167 1040 nulla
1192 988 1362 1041 venia.
1443 987 1559 1041 Non
1588 984 1777 1049 forma,
1804 1003 1905 1041 non

309 1071 490 1126 aetate,
516 1080 622 1116 non
641 1061 834 1132 opibus
855 1062 1107 1116 maritum
1131 1055 1419 1116 invenerit?
1454 1078 1617 1117 nemo
1630 1062 1774 1116 enim
1799 1061 1910 1116 illic

309 1138 437 1191 vitia
469 1137 628 1190 ridet:
674 1153 789 1200 nec,
830 1153 1181 1207 conrumpere
1206 1143 1256 1190 et
1282 1137 1585 1207 conrumpi,
1630 1136 1908 1190 saeculum

309 1218 542 1266 vocatur.
585 1209 778 1265 Melius
798 1209 1017 1282 quidem
1039 1210 1215 1266 adhuc
1234 1228 1327 1265 eae
1344 1211 1603 1276 civitates,
1626 1212 1683 1266 in
1704 1212 1909 1282 quibus

308 1294 514 1340 tantum
549 1284 782 1358 virgines
820 1285 1061 1351 nubunt,
1102 1294 1154 1340 et
1182 1303 1307 1342 cum
1341 1303 1439 1357 spe
1466 1293 1694 1357 votoque
1724 1287 1909 1340 uxoris

308 1359 472 1416 semel
496 1361 821 1434 transigitur.
883 1359 971 1416 Sic
993 1378 1167 1416 unum
1188 1361 1456 1432 accipiunt
1472 1362 1747 1424 maritum,
1772 1379 1911 1433 quo-

309 1436 465 1492 modo
491 1453 664 1492 unum
693 1452 885 1508 corpus
917 1453 1189 1508 unamque
1221 1436 1403 1502 vitam,
1446 1435 1644 1492 neulla
1664 1437 1909 1508 cogitatio

308 1512 467 1575 ultra,
499 1530 566 1568 ne
586 1509 790 1586 longIor
808 1511 1095 1585 cupiditas,
1126 1530 1193 1567 ne
1217 1519 1489 1584 tamquam
1514 1511 1790 1577 maritum,
1815 1511 1908 1567 sed

311 1598 582 1660 tamquam
605 1589 1028 1653 matrimonium,
1048 1595 1243 1643 ament.
1294 1588 1593 1643 Numerum
1613 1586 1907 1643 liberorum

311 1662 482 1727 finire,
516 1671 607 1717 aut
633 1680 962 1735 quemquam
990 1680 1058 1717 ex
1076 1664 1281 1735 agnatis
1302 1680 1506 1728 necare,
1528 1660 1791 1735 flagitium
1814 1663 1910 1717 ha-

307 1736 481 1867 betulr.
560 1734 797 1811 Plusque
815 1738 892 1794 ibi
913 1738 1043 1793 boni
1060 1754 1237 1795 mores
1255 1737 1453 1804 valent,
1478 1754 1642 1809 quam
1664 1736 1793 1791 alibi
1816 1738 1911 1793 bo-

310 1829 409 1867 nae
450 1829 592 1885 egeS.

417 1890 502 1944 20.
546 1889 605 1942 In
635 1888 782 1943 omni
804 1886 960 1943 domo
980 1887 1113 1943 nudi
1139 1904 1200 1943 ac
1218 1886 1438 1953 sordidi,
1460 1887 1519 1941 in
1538 1886 1636 1943 hos
1658 1894 1826 1953 artus,
1851 1889 1907 1943 in

308 1962 440 2018 haec
458 1978 692 2035 corpora,
716 1979 854 2034 quae
875 1963 1155 2027 miramur,
1182 1970 1513 2019 excrescunt.
1588 1960 1695 2016 Sua
1714 1979 1910 2034 quem-

307 2056 415 2110 que
435 2046 599 2093 mater
618 2037 880 2092 uberibus
896 2036 1005 2103 alit,
1019 2055 1119 2092 nec
1134 2035 1343 2093 ancillis
1362 2055 1424 2091 ac
1444 2037 1745 2093 nutricibus
1766 2036 1911 2091 dele-

305 2120 518 2187 gantur.
597 2112 886 2167 Dominum
913 2129 974 2167 ac
993 2130 1212 2169 servum
1242 2110 1413 2167 nullis
1428 2112 1755 2167 educationis
1774 2112 1912 2168 deli-

308 2188 406 2243 ciis
445 2187 724 2261 dignoscas
741 2207 758 2242 ι
803 2187 940 2242 inter
973 2187 1156 2243 eadem
1193 2204 1399 2259 peoora,
1439 2189 1499 2243 in
1526 2186 1709 2243 eadem
1740 2186 1910 2241 humo

306 2262 527 2336 degunt,
551 2262 719 2320 donec
739 2270 880 2317 aetas
901 2270 1107 2335 separet
1125 2262 1405 2335 ingenuos,
1438 2263 1611 2317 virtus
1634 2272 1906 2335 agnoscat.

307 2334 433 2392 Sera
483 2338 744 2394 iuvenum
780 2336 992 2406 Venus;
1052 2354 1223 2410 eoque
1271 2334 1587 2393 inexhausta
1630 2337 1907 2407 pubertas.

307 2411 418 2466 Nec
446 2413 681 2486 virgines
695 2411 1055 2481 ‘festinantur3
1096 2412 1281 2467 eadem
1302 2413 1537 2477 iuventa,
1566 2410 1765 2467 similis
1784 2429 1912 2483 pro-

307 2486 510 2540 ceritas.
583 2488 741 2542 Pares
763 2484 968 2543 validae
1012 2504 1077 2543 ue
1098 2488 1407 2553 miscentur,
1427 2504 1494 2541 ac
1511 2486 1698 2542 robora
1715 2504 1913 2559 paren-

307 2567 423 2613 tum
455 2558 609 2616 liberi
639 2558 892 2616 referunt.
969 2505 1225 2617 gorm-um
1254 2561 1380 2627 filiis
1404 2561 1547 2617 idem
1566 2560 1711 2632 apud
1734 2577 1914 2617 avun-

307 2629 513 2697 culum,
537 2634 634 2705 qui
654 2634 797 2707 apud
815 2642 1038 2706 patrem,
1070 2634 1257 2692 honor.
1337 2634 1571 2701 Quidam
1590 2637 1915 2691 sanctiorem

308 2706 691 2778 arctioremque
719 2709 866 2763 hunc
891 2727 1092 2765 nexum
1112 2710 1393 2783 sanguinis
1412 2709 1757 2776 arbitrantur,
1780 2719 1837 2765 et.
1852 2711 1917 2767 in
