2081 3038
625 220 1043 268 DIALOGUS.
1086 221 1243 269 CAP.
1284 220 1370 269 25.
1414 224 1495 269 26.
1764 218 1863 272 325

259 319 413 377 ribus
434 328 486 376 et
503 321 854 394 sequentibus
879 330 1292 395 anteponuntur.
1370 323 1482 379 Nec
1500 323 1675 390 refert,
1718 324 1865 396 quod

258 397 396 451 inter
415 414 474 451 se
492 400 668 469 specie
690 397 934 453 differant
977 416 1103 454 cum
1124 415 1317 471 genere
1336 399 1683 457 consentiant.
1754 398 1864 454 Ad-

257 472 486 527 strictior
508 472 724 539 Calvus,
754 474 1092 530 numerosior
1109 474 1353 539 Asinius,
1386 474 1712 545 splendidior
1733 474 1865 530 Cae-
1923 496 1931 503 ⁵

259 564 366 613 sar,
408 549 637 603 amarior
665 547 896 615 Coelium
934 549 1149 623 gravior
1175 551 1391 616 Brutus,
1433 549 1793 608 vehementior
1814 557 1865 603 et

258 622 464 694 plenior
485 630 536 677 et
555 623 814 679 valentior
830 623 1014 680 Cicero
1070 641 1258 680 omnes
1280 633 1456 682 tamen
1477 624 1699 679 eandem
1720 625 1865 677 sani-

257 704 415 752 tatem
437 698 770 770 eloquentiae
788 697 992 769 ferunt3
1034 707 1114 765 ut,
1147 700 1196 754 si
1221 701 1467 755 omnium
1484 700 1679 771 pariter
1701 698 1865 754 libros

258 774 316 827 in
337 790 558 828 manum
581 774 900 846 sumpseris,
925 776 1083 842 scias,
1113 775 1366 848 quamvis
1386 774 1444 830 in
1464 774 1695 831 diversis
1714 774 1865 847 inge-

257 848 386 914 niis,
429 866 546 904 esse
563 850 834 921 quandam
853 850 1043 905 iudicii
1064 867 1125 905 ac
1139 850 1427 906 voluntatis
1452 848 1865 905 similitudinem

258 931 308 978 et
327 926 712 997 cognationem.
764 925 902 980 Nam
922 925 1069 998 quod
1090 924 1322 982 invicem
1343 942 1401 980 se
1416 924 1861 990 obtrectaverunt,

259 998 328 1069 (et
344 1007 637 1072 supersunt
655 1000 834 1073 aliqua
856 1000 1095 1074 epistolis
1115 1018 1300 1057 eorum
1322 1002 1539 1068 inserta,
1569 1019 1637 1057 ex
1661 1000 1864 1074 quibus

258 1082 444 1130 mutua
474 1075 780 1150 malignitas
809 1074 1093 1149 detegitur)
1123 1094 1229 1133 non
1260 1083 1339 1131 est
1353 1086 1623 1132 oratorum
1643 1078 1859 1143 vitium,

256 1150 350 1206 sed
380 1150 683 1207 hominum.
761 1152 898 1206 Nam
931 1160 982 1207 et
1009 1151 1238 1208 Calvum
1269 1160 1320 1207 et
1340 1151 1590 1208 Asinium
1610 1160 1661 1208 et
1679 1154 1863 1225 ipsum

256 1224 564 1301 Ciceronem
593 1225 748 1281 credo
775 1226 958 1282 solitos
987 1235 1038 1282 et
1068 1228 1313 1283 invidere
1339 1238 1389 1283 et
1414 1227 1580 1284 livere
1606 1236 1657 1285 et
1676 1230 1863 1283 ceteris

255 1300 526 1356 humanae
553 1301 879 1356 infirmitatis
908 1302 1057 1356 vitiis
1078 1301 1263 1357 adfici:
1304 1302 1482 1357 solum
1502 1304 1641 1357 inter
1658 1300 1757 1359 hos
1780 1320 1866 1357 ar-

257 1376 426 1431 bitror
446 1376 671 1430 Brutum
695 1393 799 1431 non
822 1374 1150 1449 malignitate
1174 1392 1273 1431 nec
1290 1376 1515 1441 invidia,
1539 1376 1633 1431 sed
1654 1378 1867 1448 simpli-

257 1452 386 1505 citer
405 1458 457 1505 et
472 1452 725 1524 ingenue,
749 1450 1014 1505 iudicium
1035 1451 1205 1505 animi
1226 1450 1311 1505 sui
1338 1450 1620 1505 detexisse.
1672 1452 1753 1506 An
1776 1452 1867 1507 ille

259 1526 502 1583 Ciceroni
540 1527 820 1592 invideret,
864 1527 960 1598 qui
1002 1526 1139 1581 mihi
1168 1525 1381 1582 videtur
1413 1544 1479 1582 ne
1510 1526 1719 1582 Caesari
1742 1531 1869 1600 qui-

257 1602 380 1658 dem
419 1600 718 1659 invidisse?
773 1600 928 1667 Quod
954 1601 1021 1656 ad
1049 1600 1163 1656 Ser.
1194 1601 1419 1657 Galbam
1460 1611 1510 1657 et
1538 1601 1597 1658 C.
1622 1603 1867 1660 Laelium

257 1677 476 1744 adtinet,
507 1685 559 1733 et
585 1678 635 1732 si
663 1695 800 1750 quos
829 1676 962 1732 alios
990 1678 1337 1750 antiquorum
1357 1679 1556 1752 agitare
1576 1697 1683 1735 non
1703 1679 1867 1733 desti-

256 1754 348 1822 tit;
389 1770 497 1809 non
527 1754 695 1828 exigit
721 1751 1075 1820 defensorem,
1108 1751 1441 1818 cumiatear,
1474 1754 1737 1825 quaedam
1758 1754 1867 1808 elc-

255 1829 508 1960 qufelntiae
533 1846 740 1895 eorum,
781 1836 842 1884 ut
871 1831 1110 1884 nascenti
1130 1827 1326 1896 adhuc,
1368 1845 1467 1885 nec
1485 1829 1613 1884 satis
1633 1827 1863 1895 adultae,

255 1904 322 1958 (le
384 1905 510 1960 isse.

357 1978 452 2038 26.
495 1979 741 2036 Ceterum
765 1982 832 2048 si,
858 1982 1059 2037 omisso
1077 1981 1278 2054 optimo
1297 1979 1390 2036 illo
1409 1988 1460 2035 et
1478 1980 1867 2052 perfectissimo

254 2074 451 2131 genere
474 2056 828 2130 eloquentiae,
871 2056 1114 2130 eligenda
1136 2059 1207 2112 sit
1226 2055 1393 2112 forma
1414 2056 1645 2123 dicendi,
1676 2055 1864 2111 malim

255 2132 480 2188 Hercule
499 2132 560 2189 C.
575 2133 802 2190 Gracchi
824 2135 1069 2204 inpetum
1090 2140 1181 2187 aut
1199 2133 1261 2186 L.
1282 2132 1462 2188 Crassi
1482 2133 1861 2197 maturitatem,

256 2227 420 2281 quam
451 2208 779 2265 calamistros
809 2209 1147 2273 Maecenatis,
1190 2215 1283 2264 aut
1315 2207 1541 2263 tinnitus
1572 2206 1861 2264 Gallionis:

257 2285 385 2341 adeo
404 2282 602 2340 melius
621 2291 718 2351 est,
742 2293 1002 2341 oratorem
1023 2283 1108 2340 vel
1130 2283 1269 2339 hirta
1289 2291 1409 2358 toga
1427 2283 1669 2348 induere,
1699 2299 1862 2356 quam

257 2359 447 2416 fucatis
476 2367 528 2415 et
553 2361 868 2416 meretriciis
888 2360 1131 2418 vestibus
1152 2358 1433 2434 insignire.
1512 2359 1700 2432 Neque
1720 2359 1863 2414 enim

255 2436 516 2492 oratorius
534 2435 654 2502 iste,
678 2437 866 2503 immo,
892 2435 1137 2502 Hercule,
1161 2453 1229 2490 ne
1248 2434 1423 2492 virilis
1444 2435 1665 2507 quidem
1688 2433 1866 2490 cultus

259 2519 364 2576 est,
417 2528 527 2583 quo
571 2512 819 2584 plerique
866 2519 1166 2584 temporum
1214 2517 1514 2567 nostrorum
1553 2518 1753 2566 actores
1794 2511 1863 2563 ita

258 2593 501 2652 utuntur,
537 2594 599 2642 ut
627 2586 847 2656 lascivia
865 2586 1155 2644 verborum
1180 2595 1233 2642 et
1252 2585 1461 2642 levitate
1478 2589 1863 2643 sententiarum

258 2669 308 2714 et
329 2661 463 2716 licen
471 2663 537 2716 tia
557 2663 958 2736 compositionis
977 2661 1317 2720 histrionales
1337 2661 1523 2720 modos
1540 2664 1860 2737 exprimant.

259 2733 522 2808 Quodque
539 2738 634 2798 vix
653 2740 842 2802 auditu
861 2738 940 2800 fa's
959 2753 1079 2800 esse
1098 2737 1307 2810 debeat,
1331 2737 1507 2799 laudis
1528 2749 1580 2798 et
1594 2739 1793 2817 gloriae
1814 2743 1867 2792 et
