2081 3038
246 266 296 305 A.
320 266 367 305 e.
393 247 490 321 το.)
652 256 814 303 ΜΒ.
851 258 956 303 111.
998 258 1176 304 GAP.
1216 258 1458 306 24—26.
1753 256 1839 309 431

244 364 293 413 si
309 362 537 420 vincitis,
547 362 764 427 payam',
779 363 897 427 quis
914 360 1056 412 alius
1075 363 1373 425 imperator,
1388 377 1520 428 quae
1540 370 1716 415 castra
1735 364 1850 417 alia

246 432 544 502 excipient?
586 434 703 487 Illic
730 438 884 502 siqua
911 450 1164 501 armaque
1179 443 1354 487 vestra
1379 444 1518 498 sunt,
1543 444 1590 489 et
1609 453 1749 490 mors
1767 442 1850 491 vi-

250 513 372 563 ctis:
391 526 513 563 mm
522 512 858 578 iynominiam
870 512 1274 575 consumpsistis,
1297 508 1541 581 Undique
1550 509 1774 566 clamor:
1799 520 1850 566 et

244 586 502 638 orientem
522 582 690 638 solem
701 582 792 655 (ita
812 584 869 637 in
880 582 1034 657 Syria
1057 600 1172 637 mos
1193 581 1290 655 est)
1307 585 1511 637 tertiani
1531 584 1842 641 salutavere.

354 662 440 715 25.
484 659 665 731 Vagus
684 658 829 723 inde,
858 674 923 710 an
948 656 1170 712 oonsilio
1189 657 1342 713 ducis
1371 658 1620 712 subditus
1639 678 1841 725 rumor,

242 738 511 789 advenisse
526 734 831 789 Mucianum
838 752 857 800 ;
882 737 1148 787 exercitus
1167 736 1383 787 invicem
1401 736 1671 787 salutasse.
1714 734 1847 789 Gra-

245 808 376 863 dum
409 808 660 873 inferunt,
692 808 850 880 quasi
879 807 1179 861 recentibus
1199 808 1416 863 auxiliis
1439 809 1608 875 aucti3
1651 810 1847 863 rariore

246 886 351 937 iam
382 882 785 937 Vitellianorum
826 884 956 947 acie,
997 889 1059 935 ut
1083 900 1239 954 quos,
1283 883 1430 937 nullo
1451 892 1666 948 rectore,
1709 902 1844 939 suus

245 975 519 1031 quemque
547 960 761 1030 inpetus
796 956 879 1012 vel
920 974 1085 1029 pavor
1121 958 1447 1013 contraheret
1485 958 1840 1014 diduceretve.

245 1035 529 1107 Postquam
560 1033 803 1105 inpulsos
832 1034 1000 1087 sensit
1021 1033 1305 1099 AntoniuS,
1329 1034 1496 1089 denso
1516 1036 1730 1109 agmine
1749 1036 1845 1089 ob-

244 1110 503 1165 turbabat.
583 1110 767 1163 Laxati
796 1108 1009 1164 ordines
1037 1109 1460 1181 abrumpuntur:
1511 1128 1607 1165 nec
1635 1111 1842 1165 restitui

241 1188 482 1258 quivere,
524 1184 921 1256 inpedientibus
958 1185 1221 1240 vehiculis
1261 1188 1661 1259 tormentisque.
1745 1188 1842 1241 Per

242 1261 465 1315 limitem
496 1262 613 1314 viae
641 1268 985 1331 sparguntur,
1021 1259 1350 1316 festinatione
1379 1263 1732 1326 consectandi,
1757 1264 1841 1315 vi-

240 1346 427 1392 ctores,
507 1336 584 1389 Eo
613 1334 891 1389 notabilior
924 1334 1110 1389 caedes
1139 1334 1258 1399 fuit,
1301 1338 1427 1407 quia
1453 1336 1596 1389 filius
1635 1346 1836 1407 patrem

239 1410 517 1465 interfecit.
596 1410 728 1461 Rem
752 1408 1093 1477 nominaque,
1117 1418 1326 1462 auctore
1343 1410 1598 1479 Vipstano
1617 1412 1838 1464 Messai-

243 1486 311 1550 la‚
335 1484 559 1538 tradam.
640 1483 808 1536 Iulius
828 1483 1139 1536 Mansuetus
1161 1499 1227 1536 ex
1248 1483 1518 1552 Hispania,
1547 1484 1743 1554 Rapaci
1765 1483 1840 1538 le-

242 1560 387 1632 gioni
416 1559 644 1622 addituS‚
678 1558 936 1628 inpubem
960 1556 1131 1611 lilium
1153 1556 1294 1610 domi
1321 1556 1562 1628 liquerat.
1645 1559 1694 1612 Is
1714 1575 1837 1614 mox

146 1641 157 1648 ‘
243 1633 478 1697 adultuS‚
502 1633 638 1686 inter
656 1634 977 1704 septimanos
998 1649 1027 1685 a
1050 1632 1218 1687 Galba
1237 1632 1587 1702 conscriptus»,
1601 1633 1849 1688 oblatum

246 1709 373 1763 forte
410 1715 613 1778 patrem
655 1715 705 1762 et
740 1707 963 1761 vulnere
1000 1715 1252 1773 stratum,
1296 1707 1426 1761 dum
1465 1710 1835 1764 semianimem

242 1791 528 1847 scrutatur,
552 1784 763 1855 agnitus
784 1799 1184 1856 agnoscensque
1206 1790 1255 1837 et
1283 1799 1609 1855 exsanguem
1635 1785 1838 1857 ample-

243 1875 367 1922 xuS,
392 1874 520 1913 voce
538 1856 698 1911 flebili
719 1858 1029 1929 precabatur
1043 1864 1218 1927 piatos
1233 1864 1406 1927 patris
1423 1860 1620 1922 Mance,
1643 1877 1766 1914 neve
1784 1877 1838 1914 se

243 1943 297 1987 ut
329 1937 658 2002 parricidam
691 1930 1086 1988 aversarentur:
1141 1938 1407 2002 publicum
1435 1937 1492 1986 id
1517 1938 1752 2002 facinus,·
1791 1943 1838 1988 et

242 2025 399 2062 unum
420 2011 631 2062 militem
651 2018 857 2077 quotam
881 2013 1110 2062 civilium
1129 2027 1396 2064 armorum
1401 2007 1642 2077 partem?
1663 2008 1835 2062 Simul

238 2082 487 2139 adtollere
505 2097 719 2154 cor-pue,
744 2085 946 2154 aperire
963 2083 1215 2150 humum,
1235 2101 1486 2155 supremo
1505 2099 1626 2156 erga
1647 2100 1838 2154 paren·
1923 2109 1930 2116 ·

238 2167 344 2213 tem
372 2156 545 2214 officio
574 2156 747 2231 fungi.
827 2158 1112 2213 Advertere
1137 2160 1387 2230 proximi,
1413 2158 1831 2228 deinde-plures:

240 2235 365 2288 hinc
383 2249 479 2304 per
496 2251 710 2288 omnem
732 2235 895 2287 aciem
920 2233 1240 2288 miraculum
1262 2243 1544 2306 etquestus
1564 2242 1614 2287 et
1635 2234 1837 2288 saevis-

236 2310 361 2363 simi
389 2307 513 2363 belli
537 2309 841 2364 exsecratiO.
917 2310 1026 2363 Nec
1047 2327 1108 2363 eo
1129 2310 1348 2383 segnius
1370 2310 1718 2380 propinquos»,
1742 2309 1836 2363 ad-

236 2384 389 2448 fines,
432 2382 617 2438 fratres
660 2383 941 2438 trucidatos
982 2383 1236 2456 spoliant:
1290 2385 1484 2439 factum
1515 2401 1633 2438 esse
1658 2383 1834 2438 scelus

237 2458 529 2532 loquuntur
550 2459 873 2530 faciuntque.
1840 2484 1865 2502 ο

344 2537 430 2590 26.
473 2533 540 2608 Ut
576 2533 891 2588 Cremonam
920 2551 1132 2599 venere,
1175 2551 1376 2590 novum
1415 2536 1834 2608 inmensumque

232 2624 371 2679 opus
421 2610 665 2664 occurrit.
746 2607 1046 2665 Othoniano
1091 2609 1231 2665 bello
1277 2609 1630 2665 Germanicus
1679 2611 1832 2666 miles

234 2683 517 2738 moenibus
556 2683 995 2741 Cremonensium
1035 2695 1203 2740 castra
1245 2703 1362 2750 sua,
1402 2688 1589 2741 castris
1627 2686 1830 2742 vallum

232 2759 654 2816 circumiecerat:
678 2778 847 2834 eaque
866 2763 1199 2818 munimenta
1221 2779 1412 2891 rui-slus
1427 2771 1660 2817 auxerat.
1686 2763 1832 2828 Quo-

1377 2841 1408 2893 2
