2081 3038
199 161 441 243 nae.)
592 179 731 227 mn.
770 180 921 227 xlv.
963 183 1122 228 cAr.
1165 181 1407 230 ,νε-,εει
1699 178 1798 236 343

199 278 357 333 nivit.
436 279 505 334 Et
542 279 770 335 Poenius
813 281 1100 336 Postumus
1116 322 1129 346 ,
1170 281 1465 354 praefectus
1502 292 1795 349 castrorum

198 352 465 409 secundae
486 352 729 428 legioniS‚
753 355 979 428 cognitis
998 356 1584 427 quartadecimanorum
1605 361 1797 419 vicesi-

198 443 590 500 manorumque
616 431 887 501 prosperis
918 430 1100 495 rebus,
1141 432 1270 504 quia
1294 432 1410 503 pari
1437 433 1603 509 gloria
1631 433 1798 510 legio-

198 517 324 556 nem
346 517 500 557 suam
522 501 873 570 fraudaverat,
895 504 1278 577 abnueratque‚
1308 515 1484 561 contra
1509 508 1672 566 ritum
1691 511 1796 565 mi-

197 575 361 642 litiae,
384 576 533 632 iussa
551 575 725 643 duciS,
748 595 806 632 se
826 578 1009 652 ipsum
1026 578 1206 654 gladio
1226 581 1498 654 transegit.
1515 637 1519 642 ,

310 653 394 707 38.
424 649 733 708 Contractus
751 652 944 709 deinde
963 655 1140 709 omnis
1160 654 1422 709 exercitus
1441 651 1548 710 sub
1563 655 1795 728 pellibus

196 725 415 784 habitus
452 733 552 792 est,
594 727 661 783 ad
687 727 895 802 reliqua
920 727 1048 783 belli
1076 729 1442 802 perpetranda.
1520 728 1794 804 Auxitque

197 801 377 872 copias
405 801 615 868 Caesar,
657 804 840 858 missis
868 819 901 858 e
928 803 1214 860 Germania
1242 802 1454 859 duobus
1482 802 1796 880 legionario—

196 894 321 931 rum
359 875 630 943 millibus,
668 885 784 934 octo
819 877 1165 934 auxiliarium
1205 878 1510 936 cohortibus
1548 896 1610 934 ac
1646 879 1796 938 mille

195 951 499 1024 equitibus:
541 969 775 1028 quorum
801 951 1032 1008 adventu
1074 954 1268 1010 nonani
1309 953 1598 1028 legionario
1625 953 1821 1009 milite·

196 1026 427 1099 suppleti
457 1035 610 1096 sunt;
651 1027 889 1084 cohortes
917 1027 1138 1101 alaeque
1158 1029 1312 1084 novis
1332 1027 1694 1086 hibernaculis
1716 1029 1794 1086 lo-

195 1108 356 1171 catae,
380 1101 633 1178 quodque
654 1103 930 1159 nationum
952 1103 1269 1178 ambiguum
1291 1112 1383 1159 aut
1401 1103 1684 1160 adversum
1707 1103 1794 1159 fu-

193 1184 321 1242 erat,
344 1175 461 1252 igni
478 1183 637 1251 atque
658 1175 793 1234 ferro
818 1185 1071 1234 vastatur.
1132 1177 1235 1234 Sed
1254 1178 1390 1234 nihil
1411 1196 1597 1254 aeque,
1626 1198 1790 1252 quam

192 1251 379 1318 fames,
402 1249 683 1328 adfligebat
700 1253 938 1309 serendis
959 1251 1210 1328 frugibus
1229 1254 1544 1319 incuriosos.
1577 1264 1628 1310 et
1643 1255 1790 1310 omni

191 1333 360 1382 aetate.
396 1327 465 1384 ad
501 1325 704 1384 bellum
733 1346 907 1393 versa,
948 1327 1083 1382 dum
1109 1336 1314 1385 nostros
1339 1338 1664 1386 commeatus
1685 1331 1790 1384 sibi

192 1401 475 1458 destinant.
554 1402 860 1476 Gentesque
897 1401 1222 1474 praeferoces
1262 1402 1464 1457 tardius
1503 1403 1569 1458 ad
1605 1422 1790 1480 pacem

192 1475 484 1535 inclinant:
545 1478 673 1551 quia
714 1477 887 1534 Iulius
928 1476 1310 1553 Classicianus,
1353 1494 1627 1534 successor
1665 1477 1791 1536 Cato

192 1552 416 1617 missus,
443 1561 493 1608 et
520 1552 769 1609 Suetonio
796 1551 1017 1616 discors,
1043 1552 1244 1607 bonum
1263 1552 1544 1623 publicum
1563 1552 1789 1626 privatis

191 1624 555 1683 simultatibus
585 1626 915 1700 inpediebat;
962 1625 1408 1701 disperseratque,
1440 1645 1626 1683 novum
1647 1632 1759 1699 leqa

194 1712 301 1759 tum
329 1704 692 1771 opperiendum
719 1718 841 1766 me,
868 1706 981 1756 sine
998 1704 1174 1758 hostili
1192 1707 1280 1757 ira
1297 1710 1345 1757 et
1364 1707 1606 1771 superbia
1625 1708 1789 1759 victo-

190 1780 271 1833 ris
308 1779 577 1832 elementer
613 1780 800 1832 deditis
834 1780 1203 1833 consulturum.
1279 1776 1453 1834 Simul
1498 1778 1556 1835 in
1597 1780 1784 1834 urbem

192 1848 495 1917 mandabat,
525 1854 726 1906 nullum
743 1855 947 1923 proelio
973 1856 1126 1923 finem
1144 1857 1517 1923 exspectarent,
1547 1858 1650 1909 nisi
1665 1872 1788 1909 suc-

193 1928 458 1982 cederetur
495 1924 768 1982 Suetonio.-
830 1927 989 1982 cuius
1034 1926 1254 1983 adversa
1292 1928 1537 2001 pravitati
1581 1928 1782 2001 ipsius;

191 2016 441 2077 prospera
462 1999 528 2056 ad
549 1998 813 2057 fortunam
831 2003 907 2056 rei
946 2000 1154 2057 ublicae
1170 2001 1443 2058 referebat.

300 2078 385 2132 39.
408 2074 576 2165 Igitur
593 2074 661 2131 ad
680 2084 894 2148 spectan
932 2095 1026 2133 um
1045 2078 1344 2133 Britanniae
1365 2084 1562 2132 statum
1581 2078 1784 2133 missus

191 2159 270 2207 est
307 2168 375 2207 ex
411 2149 616 2206 libertis
653 2150 971 2226 PolycletuS‚
1009 2168 1204 2281 magna
1231 2152 1454 2209 Neronis
1482 2169 1597 2225 spe,
1627 2170 1786 2225 posse

192 2227 493 2283 auctoritate
512 2227 631 2281 eius
651 2244 756 2282 non
782 2227 939 2283 modo
958 2228 1094 2282 inter
1135 2236 1346 2303 egatum
1365 2235 1786 2299 procuratorem-

192 2320 296 2375 que
315 2302 648 2357 concordiam
670 2302 844 2377 gigni,
875 2302 969 2357 sed
994 2310 1044 2356 et
1063 2302 1284 2357 rebelles
1301 2302 1647 2358 barbarorum
1668 2304 1786 2358 ani-

191 2392 307 2433 mos
326 2394 456 2451 pace
474 2377 739 2451 componi.
797 2376 907 2431 Nec
923 2376 1093 2433 defuit
1110 2376 1426 2452 PolycletuS,
1449 2394 1559 2450 quo
1577 2378 1780 2445 minus,

192 2450 392 2527 ingenti
430 2451 645 2529 agmine
681 2450 858 2507 Italiae
896 2450 1207 2526 Galliaeque
1245 2454 1452 2527 gravis,
1493 2460 1779 2526 postquam

191 2527 459 2583 Oceanum
482 2526 861 2594 transmiserat,
892 2527 1156 2583 militibus
1179 2542 1394 2601 quoque
1416 2529 1609 2585 nostris
1629 2530 1781 2583 terri-

190 2601 315 2660 bilis
340 2602 621 2661 incederet.
698 2598 804 2660 Sed
830 2602 1076 2661 hostibus
1095 2603 1291 2659 inrisui
1316 2600 1434 2669 fuit,
1456 2602 1599 2676 apud
1621 2612 1776 2679 quos,

193 2677 441 2758 flagrante
466 2680 624 2737 etiam
654 2685 769 2737 tum
796 2676 1056 2749 libertate,
1087 2677 1328 2767 nondum·
1353 2680 1558 2760 cognita
1579 2677 1780 2739 liberti·-
