2081 3038
196 267 320 308 nc.
346 251 441 325 32.)
656 261 814 306 ΜΒ.
854 259 951 306 vl.
992 259 1172 306 cAP.
1217 259 1263 305 s.
1304 261 1353 306 4.
1709 253 1806 306 497

196 364 369 416 derit.·
427 361 511 416 An
537 365 717 430 potius
752 365 1075 415 discordiam
1115 369 1163 414 et
1200 365 1498 416 seditionem
1523 379 1558 416 a
1586 365 1810 416 satellite

197 435 383 492 Seiani
401 441 717 506 quaesitam,
754 453 861 504 qua
888 439 1048 488 rudes
1065 440 1268 490 animos
1281 441 1485 491 nornine
1508 437 1718 492 honoris
1737 441 1809 491 ad

199 515 634 580 corrumpendum
670 513 892 564 militiae
926 527 1121 564 morem
1151 509 1496 578 propelleret?
1551 513 1661 567 Hoc
1686 529 1810 584 pre·-

196 587 337 642 tium
370 585 547 642 Gallio
574 583 856 640 meditatae
882 583 1204 640 adulationis
1233 583 1384 650 tulit,
1427 587 1606 640 statim
1638 587 1806 652 curia,

167 669 171 672 ’
196 660 393 716 deinde
418 659 567 716 Italia
594 666 839 716 exactus:
876 667 953 725 et,
985 660 1116 732 quia
1141 659 1489 715 incusabatur
1508 659 1660 715 facile
1681 661 1812 716 tole-

196 741 415 792 raturus
434 733 709 801 exsilium,
724 735 921 790 delecta
934 735 1124 802 Lesbo,
1140 734 1318 791 insula
1330 733 1499 791 nobili
1508 742 1560 790 et
1569 751 1808 799 amoena,

197 810 489 866 retrahitur
506 810 563 866 in
583 811 775 866 urbem
792 853 805 877 ,
828 811 1235 885 custoditurque
1254 811 1510 868 domibus
1529 810 1814 884 magistra-

198 893 376 941 tuum.
404 911 411 918 ·
456 885 651 942 lisdem
692 884 881 942 litteris
914 885 1108 942 Caesar
1145 885 1390 943 Sextium
1426 885 1809 952 Paconianum,

186 960 543 1033 ‘praetorium
569 961 815 1034 perculit,
840 979 1035 1036 magno
1055 970 1272 1035 patrum
1288 962 1504 1038 gaudi0,
1530 961 1808 1026 audacem,

198 1035 501 1094 maleficum
514 1079 531 1104 ‚
552 1039 799 1094 omnium
813 1046 1016 1095 >secreta
1037 1040 1322 1095 rimantem
1340 1079 1353 1104 ‚
1385 1037 1762 1110 delectumque
1780 1053 1812 1090 a

196 1110 415 1179 Seiano,
448 1113 605 1170 cuius
632 1131 735 1186 ope
760 1113 918 1171 dolus
948 1113 1009 1171 C.
1040 1113 1256 1171 Caesari
1281 1122 1577 1187 pararetur.
1657 1111 1814 1179 Quod

192 1195 480 1262 postquam
497 1188 842 1262 patefactum,
853 1205 1148 1264 prorupere
1165 1199 1414 1264 concepta
1429 1189 1641 1263 pridem
1657 1187 1806 1244 odia:

182 1270 249 1320 ,et
260 1281 547 1323 summum
564 1265 901 1339 supplicium
919 1265 1322 1332 decernebatur,
1351 1267 1409 1320 ni
1427 1263 1706 1338 professus
1725 1264 1812 1320 in-

182 1339 402 1396 dicium
418 1339 571 1397 foret.

178 1441 187 1450 ¹
302 1418 361 1472 4.
376 1443 385 1470 ι
399 1415 470 1471 Ut
486 1433 615 1472 vero
630 1417 907 1475 Latinium
927 1417 1194 1472 Latiarem
1212 1415 1494 1490 ingressus
1514 1424 1622 1482 est,
1655 1432 1813 1472 accu-

194 1498 337 1547 sator
364 1507 427 1547 ac
453 1508 580 1549 reus
606 1491 759 1547 iuxta
797 1491 965 1549 invisi
978 1534 993 1557 ‚
1032 1491 1408 1565 gratissimum
1445 1489 1811 1563 spectaculum

193 1566 567 1640 praebebatur.
648 1568 877 1621 Latiaris
892 1607 907 1633 ‚
929 1574 992 1622 ut
1008 1565 1190 1632 retuli,
1217 1568 1540 1639 praecipuus
1557 1564 1687 1621 olim
1708 1568 1816 1621 cir·-

194 1642 579 1699 eumveniendi
599 1642 723 1697 Titii
745 1640 965 1713 Sabini,
992 1650 1047 1697 et
1075 1650 1206 1697 tunc
1233 1640 1459 1698 luendae
1481 1658 1682 1714 poenae
1699 1642 1814 1713 pri-

196 1734 328 1774 mus<
352 1716 473 1773 fuit.
553 1718 695 1773 Inter
720 1735 861 1791 quae
878 1718 1129 1775 Haterius
1147 1717 1388 1793 Agrippa
1417 1716 1663 1777 consules
1684 1718 1813 1773 anni

194 1793 394 1867 prioris
421 1792 651 1859 invasit,
686 1811 805 1859 cur,
836 1804 1020 1851 mutua
1048 1799 1382 1851 accusatione
1407 1799 1632 1859 intenta,
1673 1812 1813 1849 nunc

194 1866 452 1923 silerent?
478 1870 673 1925 Metam
685 1887 907 1938 prorsus
924 1880 973 1926 et
990 1874 1212 1927 noxiam
1232 1874 1574 1927 conscientiae
1588 1888 1692 1939 pro.
1703 1876 1814 1942 [oe-

196 1948 323 1998 dere
340 1946 523 1999 haberi
532 1964 550 1999 :
568 1953 627 1999 at
645 1962 751 2000 non
762 1950 1005 2015 patribus
1021 1950 1308 2012 reticenda,
1323 1964 1456 2017 quae
1475 1949 1813 2002 audivissent.

186 2017 441 2093 Regulus
454 2060 469 2085 ‚
491 2037 703 2075 manere
722 2028 918 2092 tempus
934 2025 1176 2088 ultionis,
1205 2040 1360 2095 seque
1381 2039 1560 2078 coram
1571 2025 1814 2090 principe

198 2101 597 2151 exsecuturum:
638 2095 791 2163 Trio,
814 2100 1212 2153 mmulatimzem
1231 2103 1369 2155 inter
1389 2101 1639 2167 colleqas,
1669 2106 1720 2151 et
1763 2100 1814 2150 si

198 2188 307 2241 qua
330 2175 597 2227 discordes
632 2176 897 2237 iecissent,
936 2175 1122 2229 melius
1159 2176 1479 2238 oblitterari,
1519 2171 1810 2244 respondit.

196 2244 431 2320 Urgente
455 2245 694 2321 Agrippa
707 2289 722 2313 ‚
764 2246 1101 2321 Sanquinius
1127 2249 1400 2307 Maximus
1415 2292 1429 2315 ‚
1460 2264 1492 2304 e
1517 2246 1816 2307 consulari-

200 2323 332 2389 bus,
358 2323 533 2391 oravit
560 2331 808 2383 senatum
822 2365 837 2390 ‚
868 2341 934 2379 ne
962 2342 1124 2381 curas
1149 2329 1484 2395 imperatoris
1510 2322 1816 2393 conquisitis

199 2401 414 2467 insuper
431 2401 808 2455 acerbitatibus
826 2409 1078 2471 anyerent
1089 2420 1106 2455 .·
1135 2404 1375 2473 sufficere
1391 2405 1562 2469 ipsum
1579 2408 1814 2454 statuen-

198 2478 287 2529 dis
312 2478 569 2531 remediis.
646 2474 739 2532 Sic
754 2476 960 2550 Regulo
987 2476 1140 2532 salus
1155 2518 1168 2542 ,
1189 2484 1243 2532 et
1260 2474 1446 2531 Trioni
1463 2474 1645 2531 dilatio
1664 2474 1814 2529 exitii

198 2550 461 2621 quaesita.
541 2550 789 2607 Haterius
809 2552 1037 2609 invisior
1059 2552 1188 2617 fuit,
1221 2552 1348 2624 quia
1371 2566 1562 2607 somno
1578 2556 1670 2604 aut
1688 2548 1816 2604 libi-

182 2624 405 2697 ·dinosis
434 2625 635 2701 vigiliis
664 2628 968 2694 marcidus,
1009 2634 1063 2683 et
1097 2628 1166 2683 ob
1201 2625 1484 2701 segnitiam
1501 2666 1515 2691 ,
1561 2625 1816 2698 quamvis

200 2700 473 2757 crudelem
512 2703 812 2776 principem
852 2720 959 2759 non
996 2709 1271 2767 metuens,
1317 2699 1642 2757 inlustribus
1683 2702 1815 2757 viris

200 2777 517 2849 perniciem,
538 2778 677 2835 inter
690 2796 921 2853 ganeam
940 2796 1003 2836 ac
1018 2787 1230 2852 stupra,
1250 2775 1624 2834 meditabatur.
