2081 3038
207 161 322 236 ‘72
724 137 1375 225 nrs‘ronmn‘mr
1500 229 1509 236 ‚
1578 167 1847 241 (sm-⁸2³.

245 279 334 342 tia,
369 280 538 332 caesis
571 296 738 349 nuper
765 279 1006 342 auxiliis,
1029 281 1185 334 etiam
1208 285 1305 351 per
1325 295 1643 332 concursum
1668 274 1852 348 explo-

247 364 498 418 ratorum,
531 353 711 408 crebra
737 357 909 426 magis
937 372 1102 426 quam
1132 356 1291 428 digna
1314 361 1607 408 memoratu
1628 351 1846 424 proelia,

244 428 488 490 inseri0r;
551 430 942 500 propinquante
977 429 1141 484 Fabio
1168 428 1402 494 Valente,
1443 445 1511 482 ne
1534 444 1694 482 omne
1722 425 1847 480 belli

243 503 408 556 decus
449 502 576 558 illuc
613 505 946 568 concederet,
999 505 1292 576 reciperare
1329 503 1583 576 gloriam,
1634 501 1849 556 avidius

243 595 407 649 quam
431 578 728 634 consultius
755 579 1087 650 properabat.
1165 579 1252 634 Ad
1274 578 1650 633 duodecimum
1673 594 1701 630 a
1724 577 1851 630 Cre-

246 671 398 707 mona
430 653 597 721 (locus
619 654 898 710 Castorum
921 653 1157 725 vocatur)
1187 653 1543 709 ferocissimos
1572 651 1851 706 auxiliari-

244 745 360 788 um,
385 730 775 792 inminentibus
788 733 904 784 viae
927 728 1065 784 lucis
1082 728 1636 798 occultos,componit.
1680 727 1851 798 Equi—-

245 811 321 856 tes
351 804 631 874 procedere
661 802 872 876 longius
901 805 1058 868 iussi,
1090 813 1161 868 et,
1190 805 1403 858 inritato
1436 791 1633 874 proelio
1664 809 1851 873 sponte

244 877 438 952 refugi,
475 877 860 933 festinationem
896 881 1239 949 sequentium
1276 876 1485 942 elicere,
1522 877 1689 933 donec
1716 878 1853 930 insi-

241 953 360 1008 diae
400 956 744 1007 coorirentur.
825 953 1097 1009 Proditum
1140 953 1195 1008 id
1230 953 1547 1008 Othonianis
1584 951 1845 1007 ducibus:

242 1038 292 1081 et
311 1045 494 1083 curam
519 1027 758 1096 peditum
781 1027 1081 1092 Paullinus,
1106 1029 1349 1100 equitum
1370 1028 1579 1091 Celsus,
1600 1043 1851 1098 sumpse-

243 1119 317 1157 re.
399 1101 842 1156 Tertiaedecimae
871 1101 1094 1174 legionis
1123 1104 1404 1166 vexillum,
1435 1110 1665 1174 quatuor
1694 1104 1852 1157 auxi-

245 1176 436 1230 liorum
467 1176 705 1231 cobortes
734 1187 785 1231 et
814 1179 1093 1250 quingenti
1128 1180 1335 1250 equites
1360 1179 1413 1232 in
1435 1178 1653 1234 sinistro
1674 1176 1852 1232 locan-

243 1260 355 1308 tur:
398 1268 644 1323 aggerem
671 1257 786 1307 viae
817 1262 920 1306 tres
943 1255 1230 1323 praetoriae
1248 1254 1489 1308 cohortes
1508 1250 1630 1306 altis
1646 1252 1852 1306 ordini-

244 1327 347 1379 bus
367 1325 673 1382 obtinuere:
717 1330 898 1382 dextra
928 1327 1095 1382 fronte
1113 1331 1285 1400 prima
1306 1327 1443 1401 legio
1462 1328 1699 1390 incessit,
1722 1343 1849 1381 cum

243 1399 455 1456 duabus
493 1402 848 1458 auxiliaribus
885 1403 1192 1458 cohortibus
1230 1411 1281 1457 et
1314 1403 1625 1475 quingentis
1652 1401 1859 1473 equiti-·

244 1475 365 1531 bus.
446 1476 618 1550 Super
653 1479 768 1543 hos,
810 1496 841 1533 e
869 1479 1127 1551 praetorio
1159 1477 1487 1551 auxiliisque
1518 1475 1668 1533 mille
1694 1476 1853 1549 equi-

244 1560 347 1613 tes,
382 1552 637 1609 cumulus
675 1557 944 1625 prosperis
982 1563 1075 1609 aut
1112 1554 1420 1609 subsidium
1463 1552 1849 1618 laborantibuS,

241 1626 592 1684 ducebantur.

353 1704 438 1756 25.
483 1703 780 1775 Antequam
805 1704 1155 1758 miscerentur
1176 1704 1335 1767 acies,
1358 1711 1501 1775 terga
1520 1702 1853 1758 vertentibus

245 1776 560 1839 Vitellianis,
586 1777 793 1841 Celsus,
815 1778 921 1833 doli
944 1778 1200 1849 prudenS,
1224 1780 1475 1849 repressit
1492 1794 1639 1833 suos.
1685 1776 1855 1832 Vitel-

245 1850 311 1905 lia
320 1854 372 1905 ni
397 1863 590 1907 temere
611 1862 977 1925 exsurgentes,
991 1854 1209 1908 cedente
1228 1855 1428 1907 sensim
1442 1852 1615 1917 Celso,
1634 1851 1852 1925 longius

243 1929 432 1990 secuti,
467 1928 605 1983 ultro
629 1930 684 1982 in
705 1928 930 1982 insidias
949 1930 1384 1999 praecipitantur.
1467 1928 1601 1981 Nam
1622 1944 1652 1980 a
1675 1927 1855 1981 lateri-

245 2002 347 2055 bus
369 2003 626 2063 cohortes,
652 2002 920 2075 legionum
943 2002 1165 2058 adversa
1188 2002 1353 2068 frons,
1374 2010 1424 2057 et
1442 2002 1620 2056 subito
1640 2000 1855 2056 discur-

244 2094 308 2130 su
344 2086 484 2149 terga
511 2079 785 2131 cinxerant
815 2077 1044 2148 equites.
1124 2077 1350 2150 Signum
1383 2092 1723 2151 pugnaenon
1742 2086 1856 2131 sta-

245 2152 340 2205 tim
373 2168 401 2203 a
427 2150 677 2206 Suetonio
700 2151 940 2207 Paullino
969 2152 1133 2224 pediti
1158 2153 1361 2207 datum.
1442 2151 1727 2207 Cunctator
1755 2168 1857 2205 na-

246 2236 383 2287 tura,
425 2236 474 2280 et
503 2230 591 2280 cui
621 2237 774 2281 cauta
800 2227 980 2297 potius
1010 2227 1231 2282 consilia
1258 2244 1385 2282 cum
1414 2228 1644 2291 ratione,
1682 2243 1853 2297 quam

245 2317 494 2370 prospera
525 2318 590 2355 ex
621 2318 780 2366 casu,
819 2301 1107 2374 placerent,
1151 2305 1397 2371 compleri
1424 2307 1607 2370 rosana,
1648 2304 1857 2369 aperiri

245 2392 498 2441 campum,
517 2380 681 2442 pandi·
699 2382 866 2431 aciem
885 2376 1121 2431 iubebat.
1160 2376 1304 2431 Satis
1330 2382 1431 2431 cito
1452 2380 1613 2443 incipi
1632 2380 1857 2430 victori-

243 2466 346 2507 am,
372 2453 460 2501 ubi
476 2457 742 2516 provisum
761 2458 910 2521 soret,
934 2470 998 2505 ne
1016 2457 1364 2506 vincerentur.
1424 2450 1499 2504 Ea
1520 2450 1859 2505 cunctatione

233 2524 478 2591 spatium
508 2523 808 2579 Vitellianis
843 2526 1050 2590 datum,
1082 2527 1141 2581 in
1162 2527 1366 2589 vineas,
1400 2542 1539 2580 nexu
1566 2524 1857 2579 traducum

245 2596 530 2664 inpeditas,
574 2598 894 2673 refugiendi.
972 2601 1043 2655 Et
1080 2600 1284 2655 modica
1323 2598 1461 2654 silva
1498 2598 1851 2655 adhaerebat:

249 2668 392 2722 unde
417 2687 608 2726 rursus
633 2676 752 2727 ausi
772 2676 1201 2744 promptissimos
1220 2675 1672 2746 praetorianorum
1692 2674 1858 2745 equi-
