2081 3038
245 238 375 293 ·284
841 240 1318 289 ANNALIUM

273 345 406 401 dum
426 362 512 400 res
531 343 792 400 firmando
812 343 1038 399 Neronis
1060 340 1286 414 imperio
1306 348 1719 415 componuntur.
1776 343 1883 399 lam

274 421 512 493 primum
541 419 857 495 Agrippina,
901 418 1047 473 velut
1074 416 1252 474 dolore
1274 418 1428 484 victa,
1472 426 1523 473 et
1550 417 1735 474 solatia
1756 436 1885 475 con-

273 498 516 569 quirenti,
559 504 736 551 tenere
760 494 1012 567 amplexu
1039 494 1427 559 Britannicum,
1470 510 1649 549 veram
1669 498 1887 562 paterni

274 577 384 627 oris
413 576 630 642 esfiqt'em
653 571 938 644 adpellare,
970 587 1034 625 ao
1062 569 1227 626 variis
1256 570 1462 625 artibus
1490 569 1754 627 demorari
1771 612 1784 635 ,
1818 588 1887 627 ne

273 646 522 703 cubiculo
542 646 894 721 egrederetur.
975 643 1259 701 Antoniam
1278 658 1497 718 quoque
1515 652 1567 701 et
1580 644 1883 713 Octaviam,

274 740 480 779 sorores
503 723 641 789 eius,
664 721 911 787 adtinuit,
941 728 993 776 et
1016 726 1236 777 cunctos
1257 721 1433 776 aditus
1454 720 1714 777 custodiis
1734 720 1887 777 clau-

273 805 430 863 serat,
471 798 764 870 crebroque
795 796 1067 871 vulgabat,
1108 801 1189 852 ire
1227 801 1285 851 in
1321 800 1507 853 melius
1543 800 1889 852 valitudinem

269 878 544 943 principis,
585 890 694 946 quo
735 872 890 927 miles
931 872 1069 929 bona
1101 872 1157 926 in
1186 888 1283 943 spe
1319 881 1516 946 ageret,
1558 879 1887 945 tempusque

270 965 610 1020 prosperum,
637 965 703 1003 ex
723 948 941 1006 monitis
961 946 1370 1013 Chaldaeorum,
1395 946 1718 1003 adventaret.

383 1027 468 1079 69.
511 1024 683 1088 Tune,
709 1023 886 1079 medio
902 1023 1032 1088 diei,
1061 1024 1276 1079 tertium
1298 1030 1419 1079 ante
1436 1022 1561 1079 idus
1580 1021 1791 1088 octob„
1805 1023 1887 1079 fo-

272 1100 426 1155 ribus
453 1097 882 1171 palatiirepente
910 1098 1163 1164 diductis,
1202 1100 1487 1155 eomitante
1512 1100 1701 1164 Burro,
1744 1100 1888 1155 Nero

271 1174 542 1247 egreditur
561 1173 631 1230 ad
647 1174 935 1240 cohortem,
953 1190 1095 1247 quae
1116 1190 1261 1230 more
1282 1174 1505 1231 militiae
1524 1175 1767 1231 excubiis
1787 1175 1885 1231 ad-

273 1256 369 1303 est.
452 1249 553 1314 lbi,
585 1257 834 1306 monente
860 1249 1141 1322 praefecto,
1176 1248 1325 1306 festis
1348 1251 1570 1307 vocibus
1602 1258 1881 1324 exceptuS‚

272 1324 475 1380 inditur
505 1323 737 1381 lecticae.
817 1326 1159 1381 Dubitavisse
1183 1325 1446 1399 quosdam
1478 1326 1673 1391 ferunt,
1702 1344 1887 1399 respe—

271 1407 478 1468 ctantes
491 1400 906 1475 rogitantesque,
927 1405 1017 1457 ubi
1035 1404 1378 1457 Britannicus
1396 1400 1562 1457 esset?
1599 1402 1743 1468 Mox,
1758 1401 1887 1458 nul-

272 1474 323 1532 lo
343 1476 400 1532 in
420 1475 698 1533 diversum
717 1483 948 1544 auctore,
977 1494 1117 1552 quae
1136 1476 1509 1544 offerebantur,
1540 1478 1710 1533 secuti
1730 1487 1879 1536 sunt.

271 1553 584 1626 Inlatusque
599 1554 788 1608 eastris
809 1555 966 1620 Nero,
988 1563 1043 1609 et
1060 1555 1405 1628 congruentia
1429 1554 1654 1626 tempori
1674 1555 1887 1626 praesa-

269 1637 379 1693 tuti,
405 1629 670 1700 promisso
688 1629 938 1685 donativo
961 1627 1029 1684 ad
1049 1629 1626 1702 exemplum-paternae
1645 1628 1887 1705 largitio—

272 1705 378 1767 nis,
411 1706 695 1774 imperator
722 1706 1104 1761 consalutatur.
1182 1705 1509 1761 Sententiam
1539 1704 1777 1761 militum
1798 1724 1887 1762 se-

227 1847 233 1853 ·
271 1785 390 1833 cuta
411 1785 626 1850 patrum
645 1779 914 1835 consulta:
959 1797 1058 1835 nec
1075 1779 1379 1836 dubitatum
1398 1789 1480 1837 est
1499 1781 1642 1854 apud
1660 1783 1885 1854 provin-

270 1853 398 1908 cias.
479 1851 854 1927 Caelestesque
889 1855 1119 1913 honores
1148 1855 1373 1912 Claudio
1409 1857 1788 1922 decernuntur,
1833 1867 1887 1912 et

273 1927 478 1984 funeris
513 1927 760 1996 solenne,
802 1930 1026 2002 perinde
1064 1949 1127 1987 ae
1150 1931 1206 1986 d.
1237 1930 1510 2006 Augusto,
1553 1932 1879 2002 celebratum

271 2003 572 2060 aemulante
598 2004 894 2080 Agrippina
913 2008 1165 2079 proaviae
1192 2006 1377 2064 Liviae
1404 2007 1879 2082 magnifioentiam·.

270 2079 670 2136 Testamentum
706 2087 884 2137 tamen
922 2081 1071 2138 haud
1104 2083 1401 2150 recitatum,
1444 2093 1513 2139 n'e
1552 2086 1882 2154 antepositus

269 2153 382 2210 silio
399 2156 687 2232 privignus
708 2156 907 2214 iniuria
923 2165 977 2216 et
995 2158 1198 2215 invidia
1222 2157 1431 2216 animos
1453 2157 1604 2234 vulgi
1623 2158 1876 2215 turbaret.
