<?xml version="1.0" encoding="UTF-8"?>
<!DOCTYPE html PUBLIC "-//W3C//DTD XHTML 1.0 Transitional//EN"
    "http://www.w3.org/TR/xhtml1/DTD/xhtml1-transitional.dtd">
<html xmlns="http://www.w3.org/1999/xhtml" xml:lang="en" lang="en">
 <head>
  <title>
</title>
<meta http-equiv="Content-Type" content="text/html;charset=utf-8" />
  <meta name='ocr-system' content='tesseract 3.04.00' />
  <meta name='ocr-capabilities' content='ocr_page ocr_carea ocr_par ocr_line ocrx_word'/>
</head>
<body>
  <div class='ocr_page' id='page_1' title='image "./operaquoadextan03tacigoog_0336.png"; bbox 0 0 2081 3038; ppageno 0'>
   <div class='ocr_carea' id='block_1_1' title="bbox 272 255 1867 332">
    <p class='ocr_par' dir='ltr' id='par_1_1' title="bbox 272 255 1867 332">
     <span class='ocr_line' id='line_1_1' title="bbox 272 255 1867 332; baseline 0 -20"><span class='ocrx_word' id='word_1_1' title='bbox 272 258 370 312; x_wconf 81' lang='lat'>338</span> <span class='ocrx_word' id='word_1_2' title='bbox 821 257 1298 309; x_wconf 77' lang='lat' dir='ltr'>ANNALIUM</span> <span class='ocrx_word' id='word_1_3' title='bbox 1596 255 1867 332; x_wconf 52' lang='lat' dir='ltr'>(muniz.</span> 
     </span>
    </p>
   </div>
   <div class='ocr_carea' id='block_1_2' title="bbox 268 364 1874 734">
    <p class='ocr_par' dir='ltr' id='par_1_2' title="bbox 268 364 1874 734">
     <span class='ocr_line' id='line_1_2' title="bbox 270 364 1867 442; baseline 0.001 -23"><span class='ocrx_word' id='word_1_4' title='bbox 270 370 362 435; x_wconf 77' lang='lat' dir='ltr'>qui</span> <span class='ocrx_word' id='word_1_5' title='bbox 398 381 434 418; x_wconf 86' lang='lat' dir='ltr'>a</span> <span class='ocrx_word' id='word_1_6' title='bbox 463 367 691 442; x_wconf 72' lang='lat' dir='ltr'>privatis</span> <span class='ocrx_word' id='word_1_7' title='bbox 733 366 993 419; x_wconf 79' lang='lat' dir='ltr'>iudicibus</span> <span class='ocrx_word' id='word_1_8' title='bbox 1036 364 1109 419; x_wconf 84' lang='lat' dir='ltr'>ad</span> <span class='ocrx_word' id='word_1_9' title='bbox 1149 372 1385 418; x_wconf 79' lang='lat' dir='ltr'>senatum</span> <span class='ocrx_word' id='word_1_10' title='bbox 1424 369 1867 433; x_wconf 59' lang='lat' dir='ltr'>provocanda-sent,</span> 
     </span>
     <span class='ocr_line' id='line_1_3' title="bbox 268 440 1872 509; baseline 0.001 -17"><span class='ocrx_word' id='word_1_11' title='bbox 268 442 493 495; x_wconf 72' lang='lat' dir='ltr'>eiusdem</span> <span class='ocrx_word' id='word_1_12' title='bbox 508 443 759 507; x_wconf 77' lang='lat' dir='ltr'>pecuniae</span> <span class='ocrx_word' id='word_1_13' title='bbox 773 441 1069 507; x_wconf 74' lang='lat' dir='ltr'>periculum</span> <span class='ocrx_word' id='word_1_14' title='bbox 1082 443 1331 508; x_wconf 70' lang='lat' dir='ltr'>facerent,</span> <span class='ocrx_word' id='word_1_15' title='bbox 1356 455 1472 493; x_wconf 72' lang='lat' dir='ltr'>curn</span> <span class='ocrx_word' id='word_1_16' title='bbox 1490 440 1573 500; x_wconf 72' lang='lat' dir='ltr'>iis,</span> <span class='ocrx_word' id='word_1_17' title='bbox 1597 443 1690 509; x_wconf 79' lang='lat' dir='ltr'>qui</span> <span class='ocrx_word' id='word_1_18' title='bbox 1707 442 1872 507; x_wconf 81' lang='lat' dir='ltr'>impe-</span> 
     </span>
     <span class='ocr_line' id='line_1_4' title="bbox 269 511 1873 581; baseline -0.001 -12"><span class='ocrx_word' id='word_1_19' title='bbox 269 522 497 569; x_wconf 81' lang='lat' dir='ltr'>ratorem</span> <span class='ocrx_word' id='word_1_20' title='bbox 525 516 864 581; x_wconf 79' lang='lat' dir='ltr'>adpellavere.</span> <span class='ocrx_word' id='word_1_21' title='bbox 941 514 1079 568; x_wconf 91' lang='lat' dir='ltr'>Nam</span> <span class='ocrx_word' id='word_1_22' title='bbox 1109 521 1259 568; x_wconf 88' lang='lat' dir='ltr'>antea</span> <span class='ocrx_word' id='word_1_23' title='bbox 1281 529 1509 568; x_wconf 87' lang='lat' dir='ltr'>vacuum</span> <span class='ocrx_word' id='word_1_24' title='bbox 1529 512 1587 569; x_wconf 90' lang='lat' dir='ltr'>id</span> <span class='ocrx_word' id='word_1_25' title='bbox 1604 511 1873 569; x_wconf 85' lang='lat' dir='ltr'>solutum-</span> 
     </span>
     <span class='ocr_line' id='line_1_5' title="bbox 269 585 1872 661; baseline 0 -18"><span class='ocrx_word' id='word_1_26' title='bbox 269 606 378 661; x_wconf 90' lang='lat' dir='ltr'>que</span> <span class='ocrx_word' id='word_1_27' title='bbox 404 604 571 661; x_wconf 88' lang='lat' dir='ltr'>poena</span> <span class='ocrx_word' id='word_1_28' title='bbox 594 585 781 643; x_wconf 83' lang='lat' dir='ltr'>fuerat.</span> <span class='ocrx_word' id='word_1_29' title='bbox 859 588 994 643; x_wconf 85' lang='lat' dir='ltr'><strong>Fine</strong></span> <span class='ocrx_word' id='word_1_30' title='bbox 1021 588 1149 642; x_wconf 89' lang='lat' dir='ltr'>anni</span> <span class='ocrx_word' id='word_1_31' title='bbox 1169 587 1362 643; x_wconf 85' lang='lat' dir='ltr'>Vibius</span> <span class='ocrx_word' id='word_1_32' title='bbox 1380 586 1680 652; x_wconf 85' lang='lat' dir='ltr'>Secundus,</span> <span class='ocrx_word' id='word_1_33' title='bbox 1704 603 1872 659; x_wconf 83' lang='lat' dir='ltr'>eques</span> 
     </span>
     <span class='ocr_line' id='line_1_6' title="bbox 269 660 1874 734; baseline -0.001 -16"><span class='ocrx_word' id='word_1_34' title='bbox 269 664 560 729; x_wconf 78' lang='lat' dir='ltr'>RomanuS,</span> <span class='ocrx_word' id='word_1_35' title='bbox 585 662 956 717; x_wconf 79' lang='lat' dir='ltr'><strong>accusantibus</strong></span> <span class='ocrx_word' id='word_1_36' title='bbox 977 662 1199 727; x_wconf 87' lang='lat' dir='ltr'>Mauris,</span> <span class='ocrx_word' id='word_1_37' title='bbox 1215 660 1627 734; x_wconf 87' lang='lat' dir='ltr'>repetundarum</span> <span class='ocrx_word' id='word_1_38' title='bbox 1645 661 1874 717; x_wconf 86' lang='lat' dir='ltr'>damna-</span> 
     </span>
    </p>
   </div>
   <div class='ocr_carea' id='block_1_3' title="bbox 268 734 1971 813">
    <p class='ocr_par' dir='ltr' id='par_1_3' title="bbox 268 734 1971 813">
     <span class='ocr_line' id='line_1_7' title="bbox 268 734 1971 813; baseline -0.001 -20"><span class='ocrx_word' id='word_1_39' title='bbox 268 746 376 803; x_wconf 84' lang='lat' dir='ltr'>tur,</span> <span class='ocrx_word' id='word_1_40' title='bbox 409 747 570 811; x_wconf 85' lang='lat' dir='ltr'>atque</span> <span class='ocrx_word' id='word_1_41' title='bbox 600 736 745 793; x_wconf 88' lang='lat' dir='ltr'>Italia</span> <span class='ocrx_word' id='word_1_42' title='bbox 774 738 1026 811; x_wconf 82' lang='lat' dir='ltr'>exigitur,</span> <span class='ocrx_word' id='word_1_43' title='bbox 1068 754 1136 791; x_wconf 91' lang='lat' dir='ltr'>ne</span> <span class='ocrx_word' id='word_1_44' title='bbox 1161 736 1405 811; x_wconf 82' lang='lat' dir='ltr'>graviore</span> <span class='ocrx_word' id='word_1_45' title='bbox 1429 754 1598 809; x_wconf 81' lang='lat' dir='ltr'>poena</span> <span class='ocrx_word' id='word_1_46' title='bbox 1620 734 1875 793; x_wconf 76' lang='lat' dir='ltr'>adiicere-</span> <span class='ocrx_word' id='word_1_47' title='bbox 1956 804 1971 813; x_wconf 34' lang='grc' dir='ltr'>ι</span> 
     </span>
    </p>
   </div>
   <div class='ocr_carea' id='block_1_4' title="bbox 267 810 1902 2836">
    <p class='ocr_par' dir='ltr' id='par_1_4' title="bbox 271 810 1424 883">
     <span class='ocr_line' id='line_1_8' title="bbox 271 810 1424 883; baseline -0.001 -15"><span class='ocrx_word' id='word_1_48' title='bbox 271 823 377 879; x_wconf 86' lang='lat' dir='ltr'>tur,</span> <span class='ocrx_word' id='word_1_49' title='bbox 399 812 546 869; x_wconf 85' lang='lat' dir='ltr'>Vibii</span> <span class='ocrx_word' id='word_1_50' title='bbox 565 810 760 883; x_wconf 84' lang='lat' dir='ltr'>Crispi,</span> <span class='ocrx_word' id='word_1_51' title='bbox 785 810 979 877; x_wconf 85' lang='lat' dir='ltr'>fratris,</span> <span class='ocrx_word' id='word_1_52' title='bbox 1003 810 1199 883; x_wconf 87' lang='lat' dir='ltr'>opibus</span> <span class='ocrx_word' id='word_1_53' title='bbox 1218 812 1424 867; x_wconf 89' lang='lat' dir='ltr'>enisus.</span> 
     </span>
    </p>

    <p class='ocr_par' dir='ltr' id='par_1_5' title="bbox 267 884 1874 2162">
     <span class='ocr_line' id='line_1_9' title="bbox 378 884 1874 959; baseline -0.003 -14"><span class='ocrx_word' id='word_1_54' title='bbox 378 888 464 945; x_wconf 76' lang='lat'>29.</span> <span class='ocrx_word' id='word_1_55' title='bbox 507 885 762 942; x_wconf 82' lang='lat' dir='ltr'>Caesonio</span> <span class='ocrx_word' id='word_1_56' title='bbox 787 887 959 952; x_wconf 82' lang='lat' dir='ltr'>Paeto,</span> <span class='ocrx_word' id='word_1_57' title='bbox 991 884 1233 943; x_wconf 86' lang='lat' dir='ltr'>Petronio</span> <span class='ocrx_word' id='word_1_58' title='bbox 1258 884 1567 959; x_wconf 80' lang='lat' dir='ltr'>Turpiliano</span> <span class='ocrx_word' id='word_1_59' title='bbox 1587 903 1723 941; x_wconf 90' lang='lat' dir='ltr'>coss.</span> <span class='ocrx_word' id='word_1_60' title='bbox 1745 902 1874 959; x_wconf 82' lang='lat' dir='ltr'>gra-</span> 
     </span>
     <span class='ocr_line' id='line_1_10' title="bbox 271 956 1873 1035; baseline -0.001 -18"><span class='ocrx_word' id='word_1_61' title='bbox 271 964 358 1017; x_wconf 82' lang='lat' dir='ltr'>vis</span> <span class='ocrx_word' id='word_1_62' title='bbox 375 960 550 1017; x_wconf 79' lang='lat' dir='ltr'><strong>clades</strong></span> <span class='ocrx_word' id='word_1_63' title='bbox 576 956 634 1015; x_wconf 86' lang='lat' dir='ltr'>in</span> <span class='ocrx_word' id='word_1_64' title='bbox 662 959 932 1016; x_wconf 79' lang='lat' dir='ltr'>Britannia</span> <span class='ocrx_word' id='word_1_65' title='bbox 952 968 1190 1033; x_wconf 88' lang='lat' dir='ltr'>accepta:</span> <span class='ocrx_word' id='word_1_66' title='bbox 1233 962 1291 1016; x_wconf 90' lang='lat' dir='ltr'>in</span> <span class='ocrx_word' id='word_1_67' title='bbox 1310 978 1417 1034; x_wconf 88' lang='lat' dir='ltr'>qua</span> <span class='ocrx_word' id='word_1_68' title='bbox 1437 978 1614 1035; x_wconf 89' lang='lat' dir='ltr'>neque</span> <span class='ocrx_word' id='word_1_69' title='bbox 1632 961 1698 1015; x_wconf 79' lang='lat' dir='ltr'>A.</span> <span class='ocrx_word' id='word_1_70' title='bbox 1719 960 1873 1017; x_wconf 89' lang='lat' dir='ltr'>Didi-</span> 
     </span>
     <span class='ocr_line' id='line_1_11' title="bbox 271 1035 1873 1111; baseline 0 -20"><span class='ocrx_word' id='word_1_71' title='bbox 271 1056 337 1091; x_wconf 92' lang='lat' dir='ltr'>us</span> <span class='ocrx_word' id='word_1_72' title='bbox 366 1036 591 1111; x_wconf 85' lang='lat' dir='ltr'>legatus,</span> <span class='ocrx_word' id='word_1_73' title='bbox 624 1044 684 1091; x_wconf 90' lang='lat' dir='ltr'>ut</span> <span class='ocrx_word' id='word_1_74' title='bbox 709 1037 1020 1101; x_wconf 83' lang='lat' dir='ltr'>memoravi,</span> <span class='ocrx_word' id='word_1_75' title='bbox 1057 1035 1163 1091; x_wconf 90' lang='lat' dir='ltr'>nisi</span> <span class='ocrx_word' id='word_1_76' title='bbox 1181 1043 1329 1108; x_wconf 84' lang='lat' dir='ltr'>parta</span> <span class='ocrx_word' id='word_1_77' title='bbox 1348 1037 1653 1101; x_wconf 83' lang='lat' dir='ltr'>retinuerat,</span> <span class='ocrx_word' id='word_1_78' title='bbox 1674 1043 1726 1089; x_wconf 90' lang='lat' dir='ltr'>et</span> <span class='ocrx_word' id='word_1_79' title='bbox 1742 1052 1873 1091; x_wconf 90' lang='lat' dir='ltr'>suc-</span> 
     </span>
     <span class='ocr_line' id='line_1_12' title="bbox 270 1108 1867 1183; baseline 0 -16"><span class='ocrx_word' id='word_1_80' title='bbox 270 1128 446 1168; x_wconf 83' lang='lat' dir='ltr'>cessor</span> <span class='ocrx_word' id='word_1_81' title='bbox 465 1110 746 1175; x_wconf 72' lang='lat' dir='ltr'>Veranius,</span> <span class='ocrx_word' id='word_1_82' title='bbox 769 1111 994 1167; x_wconf 87' lang='lat' dir='ltr'>modicis</span> <span class='ocrx_word' id='word_1_83' title='bbox 1004 1111 1323 1167; x_wconf 82' lang='lat' dir='ltr'>excursibus</span> <span class='ocrx_word' id='word_1_84' title='bbox 1334 1108 1537 1166; x_wconf 84' lang='lat' dir='ltr'>Siluras</span> <span class='ocrx_word' id='word_1_85' title='bbox 1555 1108 1867 1183; x_wconf 80' lang='lat' dir='ltr'>populatus,</span> 
     </span>
     <span class='ocr_line' id='line_1_13' title="bbox 270 1183 1873 1258; baseline -0.001 -17"><span class='ocrx_word' id='word_1_86' title='bbox 270 1186 405 1258; x_wconf 85' lang='lat' dir='ltr'>quin</span> <span class='ocrx_word' id='word_1_87' title='bbox 424 1184 562 1241; x_wconf 89' lang='lat' dir='ltr'>ultra</span> <span class='ocrx_word' id='word_1_88' title='bbox 582 1183 784 1241; x_wconf 89' lang='lat' dir='ltr'>bellum</span> <span class='ocrx_word' id='word_1_89' title='bbox 802 1186 1077 1258; x_wconf 83' lang='lat' dir='ltr'>proferret,</span> <span class='ocrx_word' id='word_1_90' title='bbox 1101 1194 1268 1241; x_wconf 81' lang='lat' dir='ltr'>morte</span> <span class='ocrx_word' id='word_1_91' title='bbox 1286 1184 1587 1257; x_wconf 89' lang='lat' dir='ltr'>prohibitus</span> <span class='ocrx_word' id='word_1_92' title='bbox 1606 1192 1714 1245; x_wconf 83' lang='lat' dir='ltr'>est:</span> <span class='ocrx_word' id='word_1_93' title='bbox 1752 1202 1873 1241; x_wconf 90' lang='lat' dir='ltr'>ma-</span> 
     </span>
     <span class='ocr_line' id='line_1_14' title="bbox 269 1260 1873 1335; baseline -0.001 -19"><span class='ocrx_word' id='word_1_94' title='bbox 269 1279 396 1335; x_wconf 79' lang='lat' dir='ltr'>gna,</span> <span class='ocrx_word' id='word_1_95' title='bbox 425 1260 557 1315; x_wconf 90' lang='lat' dir='ltr'>dum</span> <span class='ocrx_word' id='word_1_96' title='bbox 586 1261 741 1325; x_wconf 80' lang='lat' dir='ltr'>vixit,</span> <span class='ocrx_word' id='word_1_97' title='bbox 772 1260 1069 1317; x_wconf 85' lang='lat' dir='ltr'>severitatis</span> <span class='ocrx_word' id='word_1_98' title='bbox 1098 1260 1258 1325; x_wconf 76' lang='lat' dir='ltr'>fama,</span> <span class='ocrx_word' id='word_1_99' title='bbox 1279 1262 1548 1333; x_wconf 81' lang='lat' dir='ltr'>supremis</span> <span class='ocrx_word' id='word_1_100' title='bbox 1568 1261 1873 1316; x_wconf 77' lang='lat' dir='ltr'>testamenti</span> 
     </span>
     <span class='ocr_line' id='line_1_15' title="bbox 270 1334 1874 1408; baseline 0 -18"><span class='ocrx_word' id='word_1_101' title='bbox 270 1334 451 1391; x_wconf 90' lang='lat' dir='ltr'>verbis</span> <span class='ocrx_word' id='word_1_102' title='bbox 477 1334 783 1391; x_wconf 83' lang='lat' dir='ltr'>ambitionis</span> <span class='ocrx_word' id='word_1_103' title='bbox 811 1334 1154 1392; x_wconf 80' lang='lat' dir='ltr'>manifestus:</span> <span class='ocrx_word' id='word_1_104' title='bbox 1197 1336 1401 1408; x_wconf 89' lang='lat' dir='ltr'>quippe</span> <span class='ocrx_word' id='word_1_105' title='bbox 1427 1334 1594 1393; x_wconf 84' lang='lat' dir='ltr'>multa</span> <span class='ocrx_word' id='word_1_106' title='bbox 1618 1334 1676 1391; x_wconf 89' lang='lat' dir='ltr'>in</span> <span class='ocrx_word' id='word_1_107' title='bbox 1700 1334 1874 1391; x_wconf 88' lang='lat' dir='ltr'>Nero-</span> 
     </span>
     <span class='ocr_line' id='line_1_16' title="bbox 272 1409 1872 1481; baseline -0.001 -15"><span class='ocrx_word' id='word_1_108' title='bbox 272 1427 394 1466; x_wconf 90' lang='lat' dir='ltr'>nem</span> <span class='ocrx_word' id='word_1_109' title='bbox 425 1409 724 1466; x_wconf 86' lang='lat' dir='ltr'>adulatione</span> <span class='ocrx_word' id='word_1_110' title='bbox 750 1410 970 1477; x_wconf 87' lang='lat' dir='ltr'>addidit,</span> <span class='ocrx_word' id='word_1_111' title='bbox 1001 1414 1353 1465; x_wconf 76' lang='lat' dir='ltr'>subiecturum</span> <span class='ocrx_word' id='word_1_112' title='bbox 1376 1415 1425 1465; x_wconf 79' lang='lat' dir='ltr'>ei</span> <span class='ocrx_word' id='word_1_113' title='bbox 1438 1414 1763 1479; x_wconf 76' lang='lat' dir='ltr'>provinciam</span> <span class='ocrx_word' id='word_1_114' title='bbox 1780 1415 1872 1481; x_wconf 79' lang='lat' dir='ltr'>{u-</span> 
     </span>
     <span class='ocr_line' id='line_1_17' title="bbox 269 1482 1872 1556; baseline -0.001 -14"><span class='ocrx_word' id='word_1_115' title='bbox 269 1492 386 1551; x_wconf 74' lang='grc' dir='ltr'><em>ἰεεσ,</em></span> <span class='ocrx_word' id='word_1_116' title='bbox 423 1490 473 1541; x_wconf 79' lang='lat' dir='ltr'>si</span> <span class='ocrx_word' id='word_1_117' title='bbox 509 1488 713 1542; x_wconf 76' lang='lat' dir='ltr'>biennio</span> <span class='ocrx_word' id='word_1_118' title='bbox 731 1490 977 1556; x_wconf 71' lang='lat' dir='ltr'>promimo</span> <span class='ocrx_word' id='word_1_119' title='bbox 1001 1490 1235 1542; x_wconf 75' lang='lat' dir='ltr'>vioeisset.</span> <span class='ocrx_word' id='word_1_120' title='bbox 1314 1484 1418 1542; x_wconf 87' lang='lat' dir='ltr'>Sed</span> <span class='ocrx_word' id='word_1_121' title='bbox 1444 1493 1561 1541; x_wconf 89' lang='lat' dir='ltr'>tum</span> <span class='ocrx_word' id='word_1_122' title='bbox 1588 1482 1872 1542; x_wconf 87' lang='lat' dir='ltr'>Paullinus</span> 
     </span>
     <span class='ocr_line' id='line_1_18' title="bbox 271 1559 1873 1627; baseline 0 -11"><span class='ocrx_word' id='word_1_123' title='bbox 271 1559 556 1617; x_wconf 87' lang='lat' dir='ltr'>Suetonius</span> <span class='ocrx_word' id='word_1_124' title='bbox 584 1561 852 1618; x_wconf 81' lang='lat' dir='ltr'>obtinebat</span> <span class='ocrx_word' id='word_1_125' title='bbox 875 1561 1177 1627; x_wconf 87' lang='lat' dir='ltr'>Britannos,</span> <span class='ocrx_word' id='word_1_126' title='bbox 1208 1561 1429 1617; x_wconf 85' lang='lat' dir='ltr'>scientia</span> <span class='ocrx_word' id='word_1_127' title='bbox 1458 1559 1681 1616; x_wconf 87' lang='lat' dir='ltr'>militiae</span> <span class='ocrx_word' id='word_1_128' title='bbox 1705 1568 1758 1616; x_wconf 89' lang='lat' dir='ltr'>et</span> <span class='ocrx_word' id='word_1_129' title='bbox 1774 1579 1873 1616; x_wconf 88' lang='lat' dir='ltr'>ru-</span> 
     </span>
     <span class='ocr_line' id='line_1_19' title="bbox 271 1633 1873 1708; baseline 0.001 -18"><span class='ocrx_word' id='word_1_130' title='bbox 271 1653 418 1692; x_wconf 89' lang='lat' dir='ltr'>more</span> <span class='ocrx_word' id='word_1_131' title='bbox 434 1635 640 1706; x_wconf 87' lang='lat' dir='ltr'>populi,</span> <span class='ocrx_word' id='word_1_132' title='bbox 661 1635 758 1708; x_wconf 89' lang='lat' dir='ltr'>qui</span> <span class='ocrx_word' id='word_1_133' title='bbox 780 1636 1049 1690; x_wconf 89' lang='lat' dir='ltr'>neminem</span> <span class='ocrx_word' id='word_1_134' title='bbox 1071 1635 1189 1690; x_wconf 89' lang='lat' dir='ltr'>sine</span> <span class='ocrx_word' id='word_1_135' title='bbox 1206 1633 1418 1692; x_wconf 87' lang='lat' dir='ltr'>aemulo</span> <span class='ocrx_word' id='word_1_136' title='bbox 1434 1636 1583 1701; x_wconf 82' lang='lat' dir='ltr'>sinit,</span> <span class='ocrx_word' id='word_1_137' title='bbox 1611 1633 1873 1692; x_wconf 87' lang='lat' dir='ltr'>Corbulo-</span> 
     </span>
     <span class='ocr_line' id='line_1_20' title="bbox 269 1708 1873 1784; baseline 0 -19"><span class='ocrx_word' id='word_1_138' title='bbox 269 1711 356 1766; x_wconf 90' lang='lat' dir='ltr'>nis</span> <span class='ocrx_word' id='word_1_139' title='bbox 376 1717 724 1765; x_wconf 86' lang='lat' dir='ltr'>concertator:</span> <span class='ocrx_word' id='word_1_140' title='bbox 767 1718 1112 1782; x_wconf 86' lang='lat' dir='ltr'>receptaeque</span> <span class='ocrx_word' id='word_1_141' title='bbox 1128 1708 1413 1767; x_wconf 82' lang='lat' dir='ltr'>Armeniae</span> <span class='ocrx_word' id='word_1_142' title='bbox 1431 1710 1596 1768; x_wconf 87' lang='lat' dir='ltr'>decus</span> <span class='ocrx_word' id='word_1_143' title='bbox 1616 1727 1873 1784; x_wconf 84' lang='lat' dir='ltr'>aequare,</span> 
     </span>
     <span class='ocr_line' id='line_1_21' title="bbox 267 1783 1867 1862; baseline -0.001 -20"><span class='ocrx_word' id='word_1_144' title='bbox 267 1785 484 1844; x_wconf 88' lang='lat' dir='ltr'>domitis</span> <span class='ocrx_word' id='word_1_145' title='bbox 503 1783 891 1856; x_wconf 87' lang='lat' dir='ltr'>perduellibus,</span> <span class='ocrx_word' id='word_1_146' title='bbox 913 1785 1155 1856; x_wconf 89' lang='lat' dir='ltr'>cupiens.</span> <span class='ocrx_word' id='word_1_147' title='bbox 1194 1783 1361 1862; x_wconf 78' lang='lat' dir='ltr'>Igitur</span> <span class='ocrx_word' id='word_1_148' title='bbox 1378 1785 1590 1843; x_wconf 88' lang='lat' dir='ltr'>Monam</span> <span class='ocrx_word' id='word_1_149' title='bbox 1607 1783 1867 1850; x_wconf 87' lang='lat' dir='ltr'>insulam,</span> 
     </span>
     <span class='ocr_line' id='line_1_22' title="bbox 268 1857 1870 1936; baseline 0 -20"><span class='ocrx_word' id='word_1_150' title='bbox 268 1859 458 1917; x_wconf 86' lang='lat' dir='ltr'>incolis</span> <span class='ocrx_word' id='word_1_151' title='bbox 483 1859 717 1916; x_wconf 78' lang='lat' dir='ltr'>validam</span> <span class='ocrx_word' id='word_1_152' title='bbox 746 1869 798 1914; x_wconf 90' lang='lat' dir='ltr'>et</span> <span class='ocrx_word' id='word_1_153' title='bbox 825 1857 1217 1932; x_wconf 85' lang='lat' dir='ltr'>receptaculum</span> <span class='ocrx_word' id='word_1_154' title='bbox 1242 1859 1609 1936; x_wconf 82' lang='lat' dir='ltr'>perfugarum,</span> <span class='ocrx_word' id='word_1_155' title='bbox 1649 1859 1870 1936; x_wconf 82' lang='lat' dir='ltr'>adgredi</span> 
     </span>
     <span class='ocr_line' id='line_1_23' title="bbox 269 1931 1871 2010; baseline 0.001 -21"><span class='ocrx_word' id='word_1_156' title='bbox 269 1945 434 2006; x_wconf 85' lang='lat' dir='ltr'>parat,</span> <span class='ocrx_word' id='word_1_157' title='bbox 458 1951 730 2010; x_wconf 83' lang='lat' dir='ltr'>navesque</span> <span class='ocrx_word' id='word_1_158' title='bbox 751 1931 1038 1991; x_wconf 81' lang='lat' dir='ltr'>fabricatur</span> <span class='ocrx_word' id='word_1_159' title='bbox 1057 1935 1217 2010; x_wconf 83' lang='lat' dir='ltr'>plano</span> <span class='ocrx_word' id='word_1_160' title='bbox 1235 1934 1404 2001; x_wconf 81' lang='lat' dir='ltr'>alveo,</span> <span class='ocrx_word' id='word_1_161' title='bbox 1426 1935 1684 1992; x_wconf 85' lang='lat' dir='ltr'>adversus</span> <span class='ocrx_word' id='word_1_162' title='bbox 1705 1935 1871 1992; x_wconf 86' lang='lat' dir='ltr'>breve</span> 
     </span>
     <span class='ocr_line' id='line_1_24' title="bbox 271 2009 1869 2086; baseline 0.003 -23"><span class='ocrx_word' id='word_1_163' title='bbox 271 2009 398 2065; x_wconf 89' lang='lat' dir='ltr'>litus</span> <span class='ocrx_word' id='word_1_164' title='bbox 415 2020 468 2066; x_wconf 87' lang='lat' dir='ltr'>et</span> <span class='ocrx_word' id='word_1_165' title='bbox 483 2014 764 2067; x_wconf 88' lang='lat' dir='ltr'>incertum.</span> <span class='ocrx_word' id='word_1_166' title='bbox 843 2009 933 2067; x_wconf 91' lang='lat' dir='ltr'>Sic</span> <span class='ocrx_word' id='word_1_167' title='bbox 951 2010 1141 2084; x_wconf 74' lang='lat' dir='ltr'>pedes:</span> <span class='ocrx_word' id='word_1_168' title='bbox 1184 2013 1391 2086; x_wconf 87' lang='lat' dir='ltr'>equites</span> <span class='ocrx_word' id='word_1_169' title='bbox 1410 2011 1545 2068; x_wconf 86' lang='lat' dir='ltr'>vado</span> <span class='ocrx_word' id='word_1_170' title='bbox 1562 2012 1751 2077; x_wconf 78' lang='lat' dir='ltr'>secuti,</span> <span class='ocrx_word' id='word_1_171' title='bbox 1774 2019 1869 2068; x_wconf 85' lang='lat' dir='ltr'>aut</span> 
     </span>
     <span class='ocr_line' id='line_1_25' title="bbox 270 2083 1637 2162; baseline 0.002 -24"><span class='ocrx_word' id='word_1_172' title='bbox 270 2083 478 2140; x_wconf 85' lang='lat' dir='ltr'>altiores</span> <span class='ocrx_word' id='word_1_173' title='bbox 499 2085 634 2140; x_wconf 83' lang='lat' dir='ltr'>inter</span> <span class='ocrx_word' id='word_1_174' title='bbox 653 2086 846 2154; x_wconf 88' lang='lat' dir='ltr'>undas,</span> <span class='ocrx_word' id='word_1_175' title='bbox 869 2085 1125 2142; x_wconf 87' lang='lat' dir='ltr'>adnantes</span> <span class='ocrx_word' id='word_1_176' title='bbox 1146 2087 1321 2162; x_wconf 90' lang='lat' dir='ltr'>equis,</span> <span class='ocrx_word' id='word_1_177' title='bbox 1345 2087 1637 2142; x_wconf 88' lang='lat' dir='ltr'>tramisere.</span> 
     </span>
    </p>

    <p class='ocr_par' dir='ltr' id='par_1_6' title="bbox 272 2157 1902 2836">
     <span class='ocr_line' id='line_1_26' title="bbox 379 2157 1869 2232; baseline 0.003 -18"><span class='ocrx_word' id='word_1_178' title='bbox 379 2161 464 2216; x_wconf 84' lang='lat'>30.</span> <span class='ocrx_word' id='word_1_179' title='bbox 504 2157 682 2214; x_wconf 80' lang='lat' dir='ltr'>Stabat</span> <span class='ocrx_word' id='word_1_180' title='bbox 706 2161 975 2232; x_wconf 75' lang='lat' dir='ltr'>prolitare</span> <span class='ocrx_word' id='word_1_181' title='bbox 1003 2161 1213 2218; x_wconf 86' lang='lat' dir='ltr'>diversa</span> <span class='ocrx_word' id='word_1_182' title='bbox 1232 2163 1392 2228; x_wconf 87' lang='lat' dir='ltr'>acies,</span> <span class='ocrx_word' id='word_1_183' title='bbox 1413 2162 1576 2217; x_wconf 86' lang='lat' dir='ltr'>densa</span> <span class='ocrx_word' id='word_1_184' title='bbox 1596 2161 1761 2216; x_wconf 85' lang='lat' dir='ltr'>armis</span> <span class='ocrx_word' id='word_1_185' title='bbox 1782 2161 1869 2218; x_wconf 82' lang='lat' dir='ltr'>vi-</span> 
     </span>
     <span class='ocr_line' id='line_1_27' title="bbox 272 2233 1866 2307; baseline 0.001 -19"><span class='ocrx_word' id='word_1_186' title='bbox 272 2235 473 2307; x_wconf 84' lang='lat' dir='ltr'>risque,</span> <span class='ocrx_word' id='word_1_187' title='bbox 495 2233 970 2291; x_wconf 85' lang='lat' dir='ltr'>intercursantibus</span> <span class='ocrx_word' id='word_1_188' title='bbox 989 2235 1225 2302; x_wconf 75' lang='lat' dir='ltr'>feminis,</span> <span class='ocrx_word' id='word_1_189' title='bbox 1246 2238 1304 2291; x_wconf 90' lang='lat' dir='ltr'>in</span> <span class='ocrx_word' id='word_1_190' title='bbox 1325 2237 1544 2293; x_wconf 89' lang='lat' dir='ltr'>modum</span> <span class='ocrx_word' id='word_1_191' title='bbox 1553 2235 1866 2302; x_wconf 84' lang='lat' dir='ltr'>Furiarum,</span> 
     </span>
     <span class='ocr_line' id='line_1_28' title="bbox 272 2307 1865 2382; baseline 0.001 -18"><span class='ocrx_word' id='word_1_192' title='bbox 272 2325 409 2381; x_wconf 88' lang='lat' dir='ltr'>quae</span> <span class='ocrx_word' id='word_1_193' title='bbox 426 2316 572 2364; x_wconf 84' lang='lat' dir='ltr'>veste</span> <span class='ocrx_word' id='word_1_194' title='bbox 591 2308 760 2374; x_wconf 82' lang='lat' dir='ltr'>ferali,</span> <span class='ocrx_word' id='word_1_195' title='bbox 781 2309 1024 2366; x_wconf 89' lang='lat' dir='ltr'>crinibus</span> <span class='ocrx_word' id='word_1_196' title='bbox 1048 2307 1285 2377; x_wconf 86' lang='lat' dir='ltr'>deiectis,</span> <span class='ocrx_word' id='word_1_197' title='bbox 1314 2310 1453 2364; x_wconf 81' lang='lat' dir='ltr'>faces</span> <span class='ocrx_word' id='word_1_198' title='bbox 1470 2309 1865 2382; x_wconf 86' lang='lat' dir='ltr'>praeferebant:</span> 
     </span>
     <span class='ocr_line' id='line_1_29' title="bbox 276 2381 1867 2457; baseline 0.002 -20"><span class='ocrx_word' id='word_1_199' title='bbox 276 2384 608 2457; x_wconf 86' lang='lat' dir='ltr'>Druidaeque</span> <span class='ocrx_word' id='word_1_200' title='bbox 633 2385 859 2451; x_wconf 86' lang='lat' dir='ltr'>circum,</span> <span class='ocrx_word' id='word_1_201' title='bbox 899 2399 1083 2457; x_wconf 87' lang='lat' dir='ltr'>preces</span> <span class='ocrx_word' id='word_1_202' title='bbox 1112 2385 1275 2451; x_wconf 87' lang='lat' dir='ltr'>diras,</span> <span class='ocrx_word' id='word_1_203' title='bbox 1318 2382 1543 2440; x_wconf 89' lang='lat' dir='ltr'>sublatis</span> <span class='ocrx_word' id='word_1_204' title='bbox 1571 2385 1639 2439; x_wconf 89' lang='lat' dir='ltr'>ad</span> <span class='ocrx_word' id='word_1_205' title='bbox 1656 2381 1867 2440; x_wconf 85' lang='lat' dir='ltr'>caelum</span> 
     </span>
     <span class='ocr_line' id='line_1_30' title="bbox 275 2457 1873 2592; baseline 0.001 -79"><span class='ocrx_word' id='word_1_206' title='bbox 275 2459 542 2521; x_wconf 85' lang='lat' dir='ltr'>manibus,</span> <span class='ocrx_word' id='word_1_207' title='bbox 565 2457 865 2526; x_wconf 83' lang='lat' dir='ltr'>fundentes,</span> <span class='ocrx_word' id='word_1_208' title='bbox 887 2461 1118 2517; x_wconf 82' lang='lat' dir='ltr'>novitate</span> <span class='ocrx_word' id='word_1_209' title='bbox 1137 2460 1417 2592; x_wconf 49' lang='lat' dir='ltr'>adspectus</span> <span class='ocrx_word' id='word_1_210' title='bbox 1436 2458 1709 2532; x_wconf 85' lang='lat' dir='ltr'>perculere</span> <span class='ocrx_word' id='word_1_211' title='bbox 1718 2457 1873 2516; x_wconf 87' lang='lat' dir='ltr'>mili-</span> 
     </span>
     <span class='ocr_line' id='line_1_31' title="bbox 273 2531 1871 2608; baseline 0.002 -21"><span class='ocrx_word' id='word_1_212' title='bbox 273 2545 369 2599; x_wconf 85' lang='lat' dir='ltr'>tes,</span> <span class='ocrx_word' id='word_1_213' title='bbox 398 2542 478 2599; x_wconf 88' lang='lat' dir='ltr'>ut,</span> <span class='ocrx_word' id='word_1_214' title='bbox 518 2535 675 2608; x_wconf 83' lang='lat' dir='ltr'>quasi</span> <span class='ocrx_word' id='word_1_215' title='bbox 705 2534 1048 2591; x_wconf 85' lang='lat' dir='ltr'>haerentibus</span> <span class='ocrx_word' id='word_1_216' title='bbox 1077 2552 1164 2590; x_wconf 92' lang='lat' dir='ltr'>me</span> <span class='ocrx_word' id='word_1_217' title='bbox 1260 2535 1354 2601; x_wconf 86' lang='lat' dir='ltr'>ris,</span> <span class='ocrx_word' id='word_1_218' title='bbox 1396 2531 1654 2590; x_wconf 88' lang='lat' dir='ltr'>inmobile</span> <span class='ocrx_word' id='word_1_219' title='bbox 1670 2551 1871 2607; x_wconf 88' lang='lat' dir='ltr'>corpus</span> 
     </span>
     <span class='ocr_line' id='line_1_32' title="bbox 277 2607 1902 2681; baseline 0.004 -21"><span class='ocrx_word' id='word_1_220' title='bbox 277 2608 586 2665; x_wconf 86' lang='lat' dir='ltr'>vulneribus</span> <span class='ocrx_word' id='word_1_221' title='bbox 613 2609 941 2681; x_wconf 88' lang='lat' dir='ltr'>praeberent.</span> <span class='ocrx_word' id='word_1_222' title='bbox 1020 2611 1172 2675; x_wconf 89' lang='lat' dir='ltr'>Dein,</span> <span class='ocrx_word' id='word_1_223' title='bbox 1213 2608 1660 2666; x_wconf 85' lang='lat' dir='ltr'>cohortationibus</span> <span class='ocrx_word' id='word_1_224' title='bbox 1687 2607 1869 2678; x_wconf 88' lang='lat' dir='ltr'>ducis,</span> <span class='ocrx_word' id='word_1_225' title='bbox 1890 2625 1902 2638; x_wconf 82' lang='lat'><strong>·</strong></span> 
     </span>
     <span class='ocr_line' id='line_1_33' title="bbox 273 2683 1871 2760; baseline 0.006 -27"><span class='ocrx_word' id='word_1_226' title='bbox 273 2690 324 2734; x_wconf 75' lang='lat' dir='ltr'>et</span> <span class='ocrx_word' id='word_1_227' title='bbox 341 2683 522 2753; x_wconf 88' lang='lat' dir='ltr'>seipsi</span> <span class='ocrx_word' id='word_1_228' title='bbox 541 2683 896 2751; x_wconf 87' lang='lat' dir='ltr'>stimulantes,</span> <span class='ocrx_word' id='word_1_229' title='bbox 921 2702 988 2740; x_wconf 89' lang='lat' dir='ltr'>ne</span> <span class='ocrx_word' id='word_1_230' title='bbox 1014 2683 1276 2740; x_wconf 86' lang='lat' dir='ltr'>muliebre</span> <span class='ocrx_word' id='word_1_231' title='bbox 1295 2693 1347 2741; x_wconf 90' lang='lat' dir='ltr'>et</span> <span class='ocrx_word' id='word_1_232' title='bbox 1365 2684 1653 2741; x_wconf 82' lang='lat' dir='ltr'>fanaticum</span> <span class='ocrx_word' id='word_1_233' title='bbox 1673 2702 1871 2760; x_wconf 80' lang='lat' dir='ltr'>agmen</span> 
     </span>
     <span class='ocr_line' id='line_1_34' title="bbox 277 2758 1874 2836; baseline 0.006 -28"><span class='ocrx_word' id='word_1_234' title='bbox 277 2766 639 2825; x_wconf 80' lang='lat' dir='ltr'>pavescerent,</span> <span class='ocrx_word' id='word_1_235' title='bbox 679 2758 916 2814; x_wconf 81' lang='lat' dir='ltr'>inferunt</span> <span class='ocrx_word' id='word_1_236' title='bbox 954 2761 1128 2832; x_wconf 80' lang='lat' dir='ltr'>signa,</span> <span class='ocrx_word' id='word_1_237' title='bbox 1172 2767 1524 2836; x_wconf 88' lang='lat' dir='ltr'>sternuntque</span> <span class='ocrx_word' id='word_1_238' title='bbox 1564 2760 1774 2827; x_wconf 81' lang='lat' dir='ltr'>obvios,</span> <span class='ocrx_word' id='word_1_239' title='bbox 1820 2771 1874 2818; x_wconf 87' lang='lat' dir='ltr'>et</span> 
     </span>
    </p>
   </div>
  </div>
 </body>
</html>
