2081 3038
609 256 1016 303 DIALoGUs.
1061 256 1218 304 cAP.
1261 256 1340 304 ³9.
1383 258 1462 302 4⁰.
1732 241 1830 303 33'9

235 356 371 412 biles
414 372 581 427 equos
619 374 812 423 cursus
851 364 902 411 et
938 360 1106 429 spatia
1145 358 1386 428 probant,
1420 358 1499 411 sic
1526 365 1606 412 est
1633 356 1832 429 aliquis

234 438 501 487 oratorum
521 448 771 501 campus;
813 448 908 503 per
928 450 1093 505 quem
1115 434 1221 488 nisi
1247 432 1401 488 liberi
1420 440 1470 486 et
1489 432 1645 488 soluti
1656 432 1834 487 feran-

238 514 342 572 tur,
364 504 669 560 debilitatur
687 524 748 560 ac
767 505 1028 580 frangitur
1047 507 1364 580 eloquentia.
1407 508 1583 578 Ipsam
1593 509 1834 580 quinim-

237 598 325 636 mo
352 597 536 635 curam
565 588 617 635 et
642 579 915 655 diligentis
936 582 1046 638 stili
1071 584 1386 637 anxietatem
1405 583 1718 637 contrariam
1741 600 1836 636 ex-

236 658 501 728 perimur:
546 657 673 728 quia
694 673 851 727 saepe
871 657 1156 733 interrogat
1175 657 1357 722 iudex,
1371 661 1579 727 quando
1588 661 1830 725 incipias,

237 740 287 786 et
314 748 382 786 ex
410 732 812 803 interrogatione
840 733 957 787 eius
991 732 1357 805 incipiendum
1387 739 1484 787 est.
1562 731 1837 803 Frequen-

239 815 315 860 ter
334 805 735 877 probationibus
754 815 805 861 et
824 807 1048 863 testibus
1068 808 1342 864 silentium
1363 805 1831 879 patronusindicit.

238 882 389 936 Unus
420 881 555 935 inter
584 882 714 937 haec
742 882 937 938 dicenti
966 891 1058 939 aut
1085 884 1214 939 alter
1242 883 1468 949 adsistit,
1501 890 1552 937 et
1584 900 1670 937 res
1690 880 1836 937 velut

239 958 294 1011 in
326 955 613 1011 solitudine
644 958 837 1031 agitur.
917 957 1121 1014 Oratori
1150 967 1326 1014 autem
1356 958 1585 1013 clamore
1611 956 1836 1030 plausu-

239 1048 345 1104 que
372 1048 509 1103 opus
541 1040 619 1087 est
639 1041 689 1088 et
710 1032 854 1090 velut
872 1034 1105 1106 quodam
1127 1035 1356 1090 theatro:
1399 1032 1578 1106 qualia
1597 1032 1836 1106 quotidie

238 1108 475 1179 antiquis
494 1108 787 1164 oratoribus
801 1110 1191 1184 contingebant,
1205 1128 1329 1165 cum
1352 1116 1426 1164 tot
1439 1110 1636 1181 pariter
1655 1115 1832 1163 actam

240 1182 443 1239 nobiles
483 1182 653 1239 forum
688 1193 1025 1253 coarctarent,
1067 1202 1193 1261 cum
1225 1184 1497 1241 clientelae
1525 1200 1743 1257 quoque
1776 1200 1836 1239 ac

241 1258 409 1313 tribus
430 1266 481 1313 et
506 1260 921 1331 municipiorum
943 1261 1228 1334 legationes
1249 1280 1310 1315 ac
1341 1278 1464 1332 pars
1490 1260 1666 1315 Italiae
1692 1260 1836 1333 peri-

241 1332 547 1387 clitantibus
567 1334 871 1389 adsisteret:
914 1351 1038 1390 cum
1063 1336 1119 1389 in
1137 1336 1410 1407 plerisque
1430 1336 1646 1389 iudiciis
1656 1335 1836 1389 crede·-

241 1414 315 1459 ret
345 1406 575 1476 populus
604 1408 876 1462 Romanus
904 1424 1003 1463 sua
1030 1410 1310 1474 interesse,
1335 1409 1468 1479 quid
1494 1408 1814 1463 iudicaretur

242 1480 379 1536 Satis
406 1488 625 1547 constat,
658 1480 718 1538 C.
748 1481 1054 1538 Cornelium
1076 1491 1126 1538 et
1145 1484 1218 1539 M.
1245 1482 1506 1538 Scaurum
1528 1491 1578 1538 et
1597 1483 1658 1540 T.
1683 1482 1836 1538 Milo-

242 1573 365 1611 nem
402 1563 453 1610 et
476 1556 536 1612 L.
560 1557 788 1612 Bestiam
814 1565 866 1612 et
889 1559 948 1612 P.
963 1559 1231 1615 Vatinium
1241 1575 1503 1613 concursu
1523 1559 1682 1613 totius
1703 1559 1837 1613 civi-

238 1633 360 1686 tatis
383 1639 433 1686 et
452 1631 726 1686 adcusatos
746 1640 797 1686 et
822 1632 1094 1688 defensos:
1135 1641 1194 1688 ut
1218 1632 1594 1708 frigidissimos
1621 1650 1836 1707 quoque

238 1714 467 1763 oratores
489 1707 603 1778 ipsa
622 1709 869 1762 certantis
887 1707 1074 1781 populi
1096 1708 1271 1764 studia
1293 1710 1518 1764 excitare
1527 1716 1578 1764 et
1586 1709 1836 1765 incende-

243 1799 299 1837 re
317 1783 601 1854 potuerint.

355 1859 439 1912 40.
481 1857 662 1930 Itaque
698 1855 921 1913 Hercule
948 1857 1210 1915 eiusmodi
1235 1857 1359 1914 libri
1387 1863 1612 1924 exstant,
1645 1867 1705 1913 ut
1732 1861 1834 1931 ipsi

242 1949 476 2006 quoque,
510 1933 605 2005 qui
632 1941 872 2007 egerunt,
896 1951 1000 1990 non
1022 1933 1143 1989 aliis
1171 1935 1342 2008 magis
1362 1932 1687 1990 orationibus
1713 1951 1836 1990 cen·-

242 2016 476 2064 seantur.
554 2009 664 2062 Iam
704 2025 827 2064 vero
865 2011 1143 2065 conciones
1179 2009 1434 2065 adsiduae
1466 2016 1517 2065 et
1544 2008 1727 2064 datum
1748 2011 1834 2064 ius

239 2083 671 2158 potentissimum
700 2100 973 2156 quemque
1002 2084 1228 2140 vexandi
1250 2091 1409 2157 atque
1426 2085 1541 2156 ipsa
1563 2084 1838 2140 inimiciti-

240 2177 393 2215 arum
414 2159 601 2234 gloria,
625 2176 750 2214 cum
770 2176 829 2214 se
845 2160 1067 2232 plurimi
1088 2159 1404 2216 disertorum
1416 2177 1482 2215 ne
1501 2161 1598 2215 aP.
1615 2158 1832 2232 quidem

242 2235 491 2306 Scipione
516 2243 607 2289 aut
632 2233 779 2289 Sulla
807 2243 901 2290 aut
930 2233 1029 2291 Cn.
1063 2236 1311 2306 Pompeio
1337 2236 1677 2299 abstinerent,
1703 2235 1836 2290 etad

242 2309 581 2366 incessendos
627 2311 897 2382 principes
934 2311 1098 2376 virOS,
1145 2318 1207 2365 ut
1243 2318 1321 2365 est
1360 2318 1544 2366 natura
1579 2310 1833 2376 invidiae,

242 2384 427 2457 populi
512 2401 729 2456 quoque
804 2385 1184 2441 adrectioribus
1255 2385 1478 2440 auribus
1541 2393 1832 2452 uterentur,

240 2469 503 2534 quantum
568 2458 807 2515 ardorem
864 2461 1124 2536 ingeniiS,
1173 2477 1310 2534 quas
1355 2461 1649 2517 oratoribus
1699 2459 1837 2516 faces

242 2534 596 2593 admovebant
611 2534 624 2590 1
646 2531 681 2567 '¹‘
697 2531 732 2567 '¹‘
749 2531 784 2567 '¹‘

332 2653 434 2702 (uic
468 2665 629 2706 quoqne
655 2653 839 2691 lacunam
864 2665 952 2691 cuo
974 2651 1241 2702 intelligitur,
1265 2664 1312 2690 ac
1337 2652 1474 2691 decue
1500 2653 1617 2692 finem
1645 2653 1838 2694 untioni-

240 2717 439 2755 Messalae
459 2723 498 2756 et
512 2716 677 2756 initium
694 2715 911 2766 Materni.)

1309 2838 1426 2901 ΥΞ
