2081 3038
144 202 391 278 A.c.19.)
552 213 717 258 Lm.
758 213 835 258 11.
878 213 1058 260 CAP.
1100 211 1343 278 ’ποῖ-81.
1691 209 1759 262 95

142 313 269 368 bem
308 312 501 388 Syriae
517 353 531 379 ,
572 311 839 386 adpulsus
853 355 869 380 ‚
908 331 1037 372 cum
1071 314 1296 370 hiberna
1323 319 1503 370 sextae
1532 312 1762 390 legionis

144 397 372 460 peteret,
405 387 557 461 quod
576 405 697 444 eam
716 389 952 446 maxime
972 389 1126 460 novis
1147 389 1385 446 consiliis
1408 390 1655 446 idoneam
1674 409 1762 448 re·

143 463 321 530 batur,
342 480 375 518 a
393 463 633 520 Pacuvio
652 463 825 538 legato
840 465 1200 536 praevenitur.
1270 465 1332 520 ld
1347 463 1562 523 Sentius
1577 467 1762 524 Pisoni

142 556 239 611 per
258 539 465 595 litteras
486 539 661 611 aperit
672 580 687 604 ,
718 537 1004 612 monetque
1017 581 1031 606 ,
1062 557 1130 596 ne
1149 548 1322 596 castra
1339 541 1758 613 corruptoribus,

146 631 213 669 ne
228 613 577 687 provinciam
593 612 737 670 hello
754 621 944 670 tentet:
968 632 1218 688 quosque
1237 615 1540 672 Germanici
1559 633 1764 672 memo-

142 707 229 744 res
256 697 352 745 ant
376 689 625 744 inimicis
652 689 772 745 eius
799 687 1050 746 adrersos
1086 698 1431 765 cognoverat,
1471 691 1760 761 contrahit3

143 763 585 838 magnitudinem
604 764 941 836 imperatoris
955 764 1251 822 identidem
1270 766 1542 839 ingerens,
1553 773 1606 822 et
1621 782 1764 822 rem-

138 839 423 912 publicam
460 838 631 894 armis
666 839 807 912 peti:
858 838 1114 912 ducitque
1147 839 1381 896 validam
1419 857 1644 897 manum
1659 882 1674 908 ,
1714 847 1766 896 et

140 914 348 986 proelio
364 921 633 987 paratam.

255 993 344 1046 80.
388 990 504 1044 Nec
528 989 681 1055 Piso,
722 1005 1058 1062 quamquam
1084 998 1264 1062 coepta
1291 1007 1447 1046 secus
1483 990 1759 1056 cadebant,

142 1066 329 1121 omisit
346 1065 627 1120 tutissima
643 1081 674 1119 e
688 1064 1090 1137 praesentibus,
1135 1065 1232 1120 sed
1248 1065 1523 1122 castellum
1544 1064 1762 1123 Ciliciae

144 1141 427 1196 munitum
456 1137 751 1196 admodum
766 1180 783 1206 ‚
812 1139 904 1196 cui
930 1156 1126 1196 nomen
1155 1139 1456 1196 Celenderis
1471 1183 1486 1207 ,
1515 1148 1757 1214 occupat.

144 1217 284 1272 Nam
304 1214 569 1271 admixtis
588 1213 949 1271 desertoribus
964 1257 978 1281 ‚
1000 1221 1054 1272 et
1071 1215 1242 1271 tirone
1259 1232 1430 1288 nuper
1449 1216 1756 1289 intercepto,

143 1292 377 1364 suisque
406 1298 463 1345 et
482 1289 769 1346 Plancinae
794 1290 1060 1357 servitiis,
1103 1289 1304 1348 auxilia
1323 1289 1552 1348 Cilicum
1565 1332 1582 1357 ‚
1620 1307 1763 1364 quae

146 1365 323 1441 reguli
360 1366 653 1430 miserant,
692 1363 753 1420 in
790 1380 1080 1422 numerum
1121 1365 1346 1440 legionis
1370 1374 1757 1438 composuerat.

152 1442 502 1511 Caesarisque
516 1457 574 1496 so
594 1443 835 1510 temtum,
854 1439 1144 1498 testabatur
1157 1483 1172 1508 .
1197 1444 1502 1510 provincia,
1533 1458 1690 1510 quam
1712 1446 1764 1495 ia

149 1522 401 1581 dedisset,
441 1521 622 1572 arceri
636 1533 745 1571 non
761 1534 801 1573 a
820 1517 1127 1586 legionibus,
1167 1534 1351 1573 earum
1375 1519 1764 1587 ᾳαὲρρσ-αοοίιυ

148 1598 352 1657 miro,
382 1595 476 1647 aed
491 1610 531 1649 a
548 1590 755 1659 Sentio,
786 1594 1057 1661 privatum
1081 1592 1258 1649 odium
1278 1594 1436 1663 falsis
1460 1593 1766 1649 criminibus

152 1676 361 1738 wama.
448 1666 796 1739 Gon-sisterent
814 1670 872 1721 in
888 1670 1019 1731 acio,
1040 1684 1146 1723 non
1156 1670 1475 1738 pugnaturis
1491 1668 1762 1731 militibus,

150 1746 238 1799 ubi·
254 1742 523 1806 Pisonem,
542 1744 612 1797 ab
628 1746 759 1812 ipsis
770 1750 1039 1811 parentem
1059 1740 1318 1812 quondam
1334 1744 1676 1811 adpellatum,
1713 1745 1765 1797 st·

154 1823 267 1873 iure
280 1826 559 1890 ageretur,
578 1820 861 1887 potiorem,
878 1820 931 1873 si
946 1822 1138 1882 annis,
1169 1835 1274 1873 non
1292 1821 1580 1874 invalidum
1596 1822 1764 1873 vidis·-

156 1902 275 1949 aent.
355 1893 503 1947 Tum
528 1908 629 1965 pro
652 1890 1009 1949 munimentis
1036 1890 1240 1950 castelli
1266 1892 1570 1965 manipulos
1589 1890 1764 1963 expli-

161 1975 252 2035 cat,
272 1966 411 2025 colle
428 1966 600 2023 arduo
618 1974 668 2023 et
684 1967 931 2039 derupto;
960 1984 1088 2023 nam
1107 1975 1274 2023 cetera
1293 1969 1430 2023 mari
1449 1968 1758 2041 cinguntur.

159 2043 343 2099 Contra
361 2042 627 2109 veterani,
647 2042 929 2099 ordinibus
947 2059 1009 2098 ac
1025 2042 1288 2099 subsidiis
1307 2042 1577 2099 instructi.
1625 2042 1763 2097 Hinc

158 2118 387 2175 militum
404 2159 419 2184 .
462 2117 594 2176 inde
620 2115 858 2173 locorum
884 2118 1159 2189 asperitas.
1239 2116 1344 2173 Sed
1379 2134 1487 2175 non
1521 2110 1760 2183 animus‘,

158 2210 255 2251 non
279 2210 411 2267 spes
429 2235 443 2259 ‚
484 2209 558 2249 ne
583 2191 689 2248 tela
710 2191 935 2265 quidem
948 2234 963 2261 ‚
992 2193 1102 2249 nisi
1128 2194 1355 2268 agrestia
1370 2234 1385 2259 ,
1425 2191 1495 2248 ad
1518 2192 1762 2249 subitum

158 2286 315 2325 usum
336 2274 640 2342 properata.
718 2267 789 2323 Ut
809 2284 1003 2323 venere
1020 2268 1080 2323 in
1099 2284 1294 2325 manus
1308 2309 1321 2334 ,
1352 2284 1462 2323 non
1492 2265 1634 2323 ultra
1659 2267 1764 2321 du-

160 2343 403 2410 bitatum,
430 2359 603 2417 quam
622 2342 755 2399 dum
767 2343 1035 2399 Romanae
1053 2344 1296 2401 cohortes
1311 2344 1372 2399 in
1391 2358 1628 2415 aequum
1647 2342 1765 2397 eni-

160 2426 407 2548 ιεἰει-ωηατ.
488 2417 721 2475 Vernmt
744 2426 892 2493 terga
921 2416 1114 2475 Cilices
1127 2458 1142 2487 ‚
1182 2435 1350 2492 seque
1380 2416 1594 2473 castello
1617 2414 1766 2472 clau-

192 2503 299 2551 unt.

260 2573 345 2625 81.
392 2562 619 2625 Interim
645 2568 772 2624 Piso
807 2566 1062 2633 classem,
1101 2567 1250 2623 haud
1275 2563 1462 2637 procul
1489 2564 1770 2635 opperien-

162 2648 259 2699 tem
272 2688 285 2711 ‚
326 2644 648 2775 adPffare
676 2642 874 2699 frustra
900 2644 1148 2699 tentavit:
1193 2652 1579 2714 regressusque
1604 2646 1655 2691 et
1673 2654 1771 2725 pro

162 2720 323 2775 muris
339 2764 353 2787 ,
378 2737 436 2775 m
511 2735 544 2774 o
562 2726 731 2773 semet
749 2715 1095 2783 adflictando,
1117 2714 1276 2771 modo
1295 2711 1536 2786 singulos
1555 2723 1774 2767 nomme
