2081 3038
369 221 469 273 206
850 224 1504 271 HISTORIARUM
1705 215 1972 290 (masat,

372 327 629 382 Ubiorum
648 326 1116 399 Tungrorumque.
1185 324 1288 380 Sed
1307 324 1543 397 plurima
1561 327 1646 381 vis
1665 342 1828 397 penes
1849 327 1982 382 Tre-

374 420 523 457 veros
564 418 627 457 ac
662 402 951 475 Lingonas,
1032 402 1142 455 Nec
1187 400 1353 457 tulere
1394 419 1572 457 moras
1609 402 1969 458 consultandi:

369 478 607 532 certatim
627 476 981 549 proclamant:
1022 482 1200 546 furere
1222 482 1501 533 discordiis
1515 481 1766 545 populum
1789 480 1981 533 Roma-

370 572 509 617 num,
536 570 715 608 caesas
734 556 971 619 temones,
998 561 1258 607 vastatam
1278 553 1508 615 Italiam,
1524 558 1645 621 capi
1665 570 1781 607 cum
1799 558 1982 607 maxi-

370 648 449 683 me
467 632 660 692 urbem,
694 644 866 682 omnes
891 632 1154 680 eoeeroitus
1172 632 1283 681 suis
1307 645 1554 696 quemque
1574 631 1720 682 bellis
1738 627 1978 682 detineri.

371 704 433 759 Si
450 705 603 771 Alpes
616 707 898 771 praesidiis
915 705 1203 771 firme-ntur,
1227 706 1420 757 coalita
1443 706 1694 765 libertale,
1716 707 1984 771 dispecta-
2078 698 2079 711 ¹

370 798 463 833 ras
487 779 707 841 Gallias,
732 796 881 847 quem
899 781 1092 831 virium
1110 794 1327 831 suoram
1348 783 1621 833 terminum
1639 782 1814 832 velint.

481 856 566 909 56.
608 854 748 907 Haec
781 852 919 907 dicta
958 852 1154 923 pariter
1194 853 1535 923 probataque.
1615 854 1691 907 De
1730 852 1988 925 reliquiis

374 928 639 984 Vitelliani
659 929 921 982 exercitus
942 926 1271 983 dubitavere.
1332 927 1580 999 Plerique
1597 932 1991 998 interficiendos

370 1004 673 1067 censebant,
717 1006 965 1066 turbido-3,
1008 1006 1210 1072 infidos,
1253 1008 1505 1071 sanquine
1527 1007 1718 1057 discum
1730 1006 1990 1071 pollutos.

371 1080 509 1135 Vicit
528 1078 659 1132 ratio
677 1075 957 1148 parcendi:
979 1095 1059 1140 ne,
1077 1080 1288 1131 sublata
1303 1095 1392 1145 spe
1410 1082 1608 1142 veniae,
1628 1084 1996 1145 pertinaciam

370 1157 721 1207 accenderent.
773 1152 1128 1207 'Adlieiendos
1144 1158 1318 1221 potius
1337 1157 1394 1207 in
1409 1158 1716 1207 societatem.
1767 1154 1995 1223 Leqatis

372 1236 571 1283 tantum
591 1230 846 1296 leq-ionum
865 1232 1166 1297 intersectis,
1189 1236 1414 1283 ceterum
1430 1231 1632 1297 vulga-3,
1661 1234 1998 1285 conscientia

369 1306 620 1359 scelerum
642 1312 689 1357 et
706 1320 796 1371 spe
815 1306 1142 1372 inpunitatis,
1164 1307 1322 1373 facile
1339 1320 1684 1359 accessurum.
1763 1303 1844 1357 Ea
1869 1308 1996 1375 pri-

347 1380 449 1433 'mi
486 1374 698 1433 consilii
735 1377 922 1433 forma.
1001 1379 1264 1449 Missique
1309 1396 1403 1450 per
1440 1377 1640 1435 Gallias
1685 1380 1993 1435 concitores

369 1454 517 1509 belli.
598 1452 923 1509 Simulatum
949 1452 1087 1526 ipsis
1115 1452 1459 1526 obsequium,
1490 1471 1598 1528 quo
1626 1454 1993 1510 incautiorem

370 1529 625 1587 Voculam
644 1532 1022 1602 opprimerent.
1079 1529 1190 1599 Nec
1209 1529 1442 1594 defuere,
1465 1531 1563 1602 qui
1582 1529 1816 1584 Voculae
1837 1549 1992 1586 nun-

370 1608 577 1660 tiarent.
658 1605 762 1660 Sed
782 1607 925 1662 vires
944 1604 1011 1660 ad
1030 1604 1382 1660 coercendum
1400 1604 1632 1669 deerant,
1661 1603 1992 1677 infrequen-

371 1681 513 1734 tibus
534 1680 825 1752 infidisque
844 1679 1166 1752 legionibus,
1247 1681 1386 1734 Inter
1405 1679 1686 1753 ambiguos
1704 1679 1918 1736 milites
1943 1691 1991 1736 et

368 1754 600 1812 occultos
631 1755 827 1820 hostes,
860 1755 1124 1826 optimum
1155 1772 1186 1808 e
1203 1755 1573 1826 praesentibus
1593 1762 1760 1820 ratus,
1785 1765 1987 1812 mutua

368 1830 793 1886 dissimulatione
832 1839 881 1884 et
918 1829 1140 1896 iisdem,
1183 1831 1390 1902 quibus·
1425 1830 1727 1902 petebatur,
1765 1833 1987 1887 artibus

368 1908 620 1980 grassari,
644 1908 700 1960 in
718 1905 977 1960 coloniam
998 1904 1448 1979 Agrippinensem
1468 1905 1758 1962 descendit.
1847 1907 1988 1964 Illuc

370 1982 628 2037 Claudius
666 1981 869 2044 Labeo,
910 1997 1076 2052 quem
1115 1989 1329 2053 captum
1371 1989 1422 2035 et
1461 1989 1607 2036 extra
1647 1991 1986 2038 conventum

368 2057 710 2112 amandatum
739 2057 796 2109 in
825 2056 1027 2111 Frisios
1058 2056 1317 2120 diximus,
1359 2056 1632 2127 conruptis
1657 2058 1988 2114 custodibus
2078 2121 2079 2126 ἵ

366 2131 628 2204 perfugit:
672 2129 1068 2202 pollicitusque,
1093 2137 1142 2186 si
1161 2135 1485 2199 praesidium
1509 2135 1745 2195 daretur,
1773 2137 1992 2188 iturum
2078 2151 2079 2160 ¹

365 2213 424 2262 in
463 2209 689 2262 Batavos
728 2215 777 2260 et
808 2211 1064 2274 potiorem
1096 2210 1324 2260 civitatis
1347 2215 1552 2274 partem
1580 2211 1651 2260 ad
1677 2211 1992 2264 societatem

367 2284 653 2336 Romanam
678 2289 1062 2349 retracturum;
1101 2288 1311 2351 accepta
1344 2281 1585 2352 peditum
1616 2282 1992 2356 equitumque

367 2355 572 2411 modica
594 2373 777 2420 manu,
802 2355 939 2411 nihil
958 2353 1104 2427 apud
1119 2357 1340 2411 Batavos
1361 2374 1546 2421 ausum,
1561 2356 1832 2428 quosdam
1847 2359 1994 2414 Ner-

366 2432 578 2485 viorum
598 2431 1036 2502 Betasiorumque
1054 2433 1110 2485 in
1131 2447 1279 2486 arma
1301 2432 1476 2486 traxit.
1556 2432 1623 2485 Et
1645 2430 1845 2488 furtim
1868 2452 1992 2489 ma-

362 2506 468 2578 gis,
492 2523 657 2576 quam
680 2505 837 2572 bello,
860 2505 1231 2562 Canninefates
1247 2507 1620 2578 Marsacosque
1639 2508 1987 2564 incursabat.

364 2579 583 2646 Vocula,
598 2581 874 2637 Gallorum
896 2579 1081 2635 fraude
1101 2579 1348 2646 inlectus,
1365 2581 1434 2635 ad
1454 2581 1658 2636 hostem
1677 2585 1985 2640 contendit.

472 2655 559 2708 57.
602 2656 711 2710 Nec
728 2654 913 2727 procul
936 2656 1218 2711 Veteribus
1243 2655 1440 2719 aberat,
1469 2673 1594 2710 cum
1617 2655 1912 2716 Classicus
1930 2676 1988 2713 ac

363 2724 547 2791 Tutor,
576 2745 673 2798 per
700 2732 933 2800 speciem
966 2729 1276 2802 explorandi
1305 2732 1628 2804 praegressi,
1655 2749 1784 2788 cum
1824 2735 1988 2790 duci-
