2081 3038
264 194 364 251 264
603 202 658 250 C.
697 202 1145 275 CORNELIUS
1184 205 1524 253 TAcl'rUs

261 319 343 369 ac,
366 303 415 359 si
435 319 522 358 res
540 311 740 377 poscat,
773 305 1065 375 exercitus3
1106 306 1407 379 plurimum
1434 309 1675 367 virorum
1696 324 1875 380 equo-

260 396 522 451 rumque:
565 388 617 435 et
633 381 1033 453 quiescentibus
1052 382 1235 438 eadem
1256 380 1414 439 fama.
1461 432 1467 441 .

374 458 458 510 36.
511 456 572 512 In
609 454 769 511 latere
805 456 1143 513 Chaucorum
1187 457 1567 531 Cattorumque
1606 457 1871 514 Cherusci

260 529 487 586 nimiam
526 548 588 586 ac
627 541 948 588 marcentem
985 532 1082 588 diu
1114 550 1302 605 pacem
1341 533 1631 590 inlacessiti
1659 534 1871 590 nutrie-

258 614 414 662 runt:
458 605 622 679 idque
644 607 952 673 iucundius,
998 625 1165 680 quam
1186 609 1375 676 tutius,
1417 608 1537 676 fuit,
1578 610 1707 683 quia
1726 611 1869 665 inter

257 681 558 753 inpotentes
586 691 640 737 et
657 682 864 738 validos
892 681 1026 739 falso
1042 684 1319 755 quiescas3
1362 685 1457 739 ubi
1479 702 1643 740 manu
1662 686 1865 759 agitur,

259 758 518 813 modestia
536 774 598 813 ac
615 758 850 830 probitas
871 758 1089 815 nomina
1108 761 1402 831 superioris
1422 768 1568 817 sunt.
1646 762 1743 824 Ita,
1764 761 1867 831 qui

257 830 387 889 olim
409 833 536 891 boni
555 835 824 906 aequique
843 833 1123 899 Cherusci,
1138 852 1284 890 nunc
1302 836 1499 890 inertes
1518 852 1580 890 ac
1598 835 1747 890 stulti
1767 853 1867 891 vo-

259 918 474 965 cantur:
516 907 682 965 Cattis
718 909 1007 965 victoribus
1035 909 1243 965 fortuna
1264 910 1321 966 in
1342 912 1658 982 sapientiam
1679 911 1861 966 cessit.

259 983 433 1039 Tracti
471 985 628 1039 ruina
667 983 1061 1041 Cheruscorum
1090 994 1142 1041 et
1163 986 1308 1050 Fosi,
1350 988 1675 1041 contermina
1701 1002 1860 1059 gens,

258 1059 603 1115 adversarum
623 1076 804 1115 rerum
823 1078 891 1115 ex
907 1076 1081 1132 aequo
1096 1061 1246 1125 socii,
1260 1078 1384 1115 cum
1406 1062 1463 1116 in
1484 1060 1737 1117 secundis
1756 1062 1864 1116 mi·-

259 1152 413 1189 nores
439 1133 684 1189 fuissent.

367 1210 452 1263 37.
515 1208 758 1265 Eundem
799 1208 1121 1265 Germaniae
1158 1211 1341 1266 sinum
1380 1212 1615 1283 proximi
1652 1209 1863 1267 Oceano

257 1282 462 1339 Cimbri
491 1292 690 1349 tenent,
733 1302 896 1356 parva
922 1304 1070 1341 nunc
1090 1288 1297 1351 civitaS,
1340 1286 1434 1341 sed
1450 1285 1617 1361 gloria
1636 1288 1859 1361 ingens:

260 1361 560 1431 veterisque
581 1357 751 1416 famae
771 1359 872 1415 lata
894 1362 1118 1436 vestigia
1140 1370 1375 1427 manent,
1394 1367 1616 1435 utraque
1636 1363 1751 1434 ripa
1771 1380 1865 1417 ca-

255 1444 362 1491 stra
391 1453 454 1491 ac
481 1437 672 1508 spatia,
713 1453 947 1509 quorum
975 1438 1181 1492 ambitu
1211 1442 1358 1492 nunc
1381 1454 1597 1510 quoque
1622 1439 1863 1492 metiaris

257 1511 452 1567 molem
481 1530 784 1586 manusque
809 1514 1006 1588 gentis,
1048 1523 1099 1570 et
1122 1522 1232 1569 tam
1263 1513 1443 1587 magni
1474 1514 1648 1568 exitus
1673 1512 1858 1568 fidem.

256 1586 714 1644 Sexcentesimum
735 1597 787 1644 et
805 1589 1279 1666 quadragesimum
1306 1607 1507 1644 annum
1529 1589 1659 1644 urbs
1680 1598 1860 1644 nostra

254 1663 462 1736 agebat,
503 1681 630 1720 cum
667 1666 907 1736 primum
929 1663 1271 1720 Cimbrorum
1311 1664 1490 1720 audita
1528 1673 1654 1719 sunt
1684 1683 1859 1727 arma,

255 1735 483 1793 Caecilio
519 1739 728 1796 Metello
755 1758 817 1796 ac
844 1741 1054 1812 Papirio
1086 1739 1327 1795 Carbone
1354 1757 1489 1795 coss.
1570 1741 1655 1794 Ex
1678 1757 1789 1812 quo
1811 1741 1861 1794 si

254 1813 321 1868 ad
358 1813 582 1870 alterum
626 1815 958 1887 imperatoris
987 1815 1201 1870 Traiani
1228 1813 1565 1871 consulatum
1584 1824 1869 1886 compute—

255 1907 399 1953 mus,
426 1889 640 1945 ducenti
668 1889 832 1946 ferme
851 1900 901 1944 et
918 1890 1101 1945 decem
1122 1891 1250 1945 anni
1270 1889 1629 1966 conliguntur.
1697 1891 1865 1945 Tam-

254 1964 346 2020 diu
380 1965 664 2021 Germania
694 1967 945 2020 vincitur.
1026 1965 1202 2021 Medio
1234 1975 1340 2021 tam
1369 1965 1512 2042 longi
1543 1966 1659 2021 aevi
1686 1968 1865 2038 spatio

255 2038 419 2094 multa
454 2043 683 2096 invicem
714 2041 927 2096 damna.
1006 2041 1125 2097 Non
1154 2039 1390 2106 Samnis,
1420 2059 1523 2097 non
1550 2042 1727 2107 Poeni,
1752 2059 1865 2098 non

255 2115 541 2186 Hispaniae
569 2115 857 2180 Galliaeve,
890 2133 957 2170 ne
983 2117 1162 2172 Parthi
1189 2116 1410 2189 quidem
1438 2119 1654 2188 saepius
1674 2115 1867 2172 admo-

255 2209 436 2246 nuere.
517 2190 728 2262 Quippe
758 2209 921 2265 regno
949 2192 1161 2247 Arsacis
1180 2193 1347 2255 acri-or
1367 2201 1447 2247 est
1467 2192 1864 2249 Germanorum

254 2264 486 2320 libertas.
543 2265 683 2332 Quid
705 2267 850 2321 enim
872 2265 1022 2322 aliud
1039 2267 1213 2332 nobiS,
1238 2286 1402 2340 quam
1423 2268 1635 2322 caedem
1654 2267 1863 2334 Crassi,

253 2345 452 2396 amisso
471 2349 522 2394 et
543 2342 556 2394 i
563 2359 659 2412 pso
683 2341 890 2407 Pacoro,
921 2341 1059 2397 infra
1080 2341 1389 2398 Ventidium
1410 2343 1644 2398 deiectus
1665 2341 1867 2398 Oriens

251 2413 536 2470 obiecerit?
574 2417 639 2470 At
661 2417 915 2472 Germani
937 2416 1178 2472 Carbone
1198 2427 1249 2472 et
1266 2417 1449 2473 Cassio
1468 2427 1519 2472 et
1538 2416 1871 2472 ScauroAu-

259 2488 390 2543 relic
403 2500 454 2545 et
465 2489 691 2546 Servilio
713 2491 996 2563 Caepione,
1027 2491 1127 2546 Cn.
1157 2509 1376 2564 quoque
1392 2491 1589 2548 Manlio
1610 2491 1751 2548 fusis
1774 2493 1863 2547 vel

251 2565 437 2632 captis,
461 2567 707 2637 quinque
726 2565 892 2622 simul
920 2565 1226 2622 consulares
1252 2568 1515 2622 exercitus
1534 2566 1734 2638 populo
1754 2569 1868 2622 Ro-

249 2650 426 2700 mano,
459 2637 660 2695 Varum
693 2651 910 2716 tresque
941 2658 1069 2697 cum
1098 2658 1160 2696 eo
1188 2640 1421 2716 legiones
1455 2643 1613 2696 etiam
1643 2641 1867 2696 Caesari

250 2707 601 2768 abstulerunt.
680 2715 794 2771 Nec
811 2719 1016 2789 inpune
1035 2715 1097 2771 C.
1117 2717 1319 2772 Marius
1337 2718 1394 2772 in
1415 2715 1581 2782 Italia,
1603 2715 1659 2770 d.
1681 2715 1865 2772 Iulius
