2081 3038
202 249 256 289 Α.
282 250 332 304 ς.
358 231 452 306 25.)
618 243 774 289 mn.
813 241 909 290 ιν.
950 243 1130 289 car.
1173 243 1416 290 εις-ετ.
1713 234 1812 292 465

201 341 443 418 ingeniis
460 383 475 407 ,
542 339 683 396 liscit
700 342 1007 397 auctoritas:
1051 359 1228 414 neque
1245 343 1394 399 aliud
1413 345 1616 400 externi
1635 361 1809 419 reges,

203 425 301 474 aut
320 417 418 490 qui
437 433 498 472 ea
535 432 622 472 em
643 415 865 472 saevitia
884 417 972 471 usi
992 424 1148 482 sunt,
1178 417 1286 472 nisi
1312 418 1540 476 dedecus
1567 420 1704 487 sibi,
1733 427 1814 474 at-

205 509 320 566 que
338 491 451 547 illis
506 491 694 548 loriam
713 507 984 563 peperere.

322 571 407 624 36.
494 575 697 622 eterum
714 565 1050 638 postulandis
1070 566 1176 620 reis
1196 572 1304 621 tam
1324 568 1609 625 continuus
1635 587 1813 628 annus

208 641 313 698 fuit
327 685 341 708 ,
366 650 427 697 ut
446 640 699 698 feriarum
721 641 1028 697 Latinarum
1051 641 1244 696 diebus
1258 683 1272 708 ,
1294 640 1618 714 praefectum
1637 644 1810 709 urbis,

208 719 471 782 Drusum,
494 716 806 788 auspicandi
824 717 995 792 gratia
1013 714 1250 772 tribunal
1271 717 1577 791 ingressum
1593 759 1607 782 ‚
1630 717 1817 773 adierit

208 791 540 866 Calpurnius
568 789 851 852 Salvianus
879 793 937 848 in
964 791 1090 850 Sex.
1121 792 1374 850 Marium.
1453 789 1608 857 Quod
1634 809 1665 846 a
1686 791 1818 847 Cae-

209 884 333 924 sare
369 865 547 938 palam
582 868 897 939 increpitum
914 909 929 934 ‚
970 885 1161 924 caussa
1199 866 1378 924 exsilii
1403 865 1654 924 Salviano
1693 866 1812 924 fuit.

212 941 431 997 Obiecta
466 942 683 1014 publice
708 943 987 1018 Cyzicenis
1006 943 1234 1010 ‚incuria
1273 943 1718 1000 caerimoniarum
1755 942 1810 998 d.

213 1017 473 1092 Augusti,
503 1017 695 1076 additis
722 1017 1003 1076 violentiae
1019 1017 1343 1076 criminibus
1361 1018 1651 1076 adversum
1669 1020 1816 1082 cives

210 1093 495 1156 Romanos.
573 1094 641 1150 Et
659 1097 886 1152 amisere
905 1094 1227 1162 libertatem,
1255 1113 1424 1169 quam
1448 1094 1589 1152 bello
1606 1095 1818 1150 Mithri-

210 1170 350 1224 datis
377 1179 678 1226 meruerant
706 1171 1080 1238 circumsessi,
1109 1189 1208 1227 nec
1235 1174 1420 1228 minus
1449 1188 1548 1226 sua
1569 1178 1816 1228 constan-

212 1246 313 1312 tia,
344 1262 509 1318 quam
528 1245 793 1319 praesidio
813 1245 1056 1312 Luculli,
1078 1247 1237 1319 pulso
1257 1264 1396 1322 rege.
1477 1246 1545 1300 At
1561 1246 1815 1302 Fonteius

193 1318 425 1392 .Capito-,
465 1322 563 1394 qui
600 1320 885 1393 proconsul
922 1320 1108 1378 Asiam
1147 1329 1450 1386 curaverat,
1496 1321 1816 1390 absolvitur,

111 1465 118 1471 ,
210 1403 509 1467 comperto,
538 1396 659 1452 ficta
682 1397 741 1452 in
770 1412 896 1450 eum
924 1397 1152 1450 crimina
1177 1413 1271 1466 per
1290 1396 1512 1452 Vibium
1532 1395 1812 1452 Serenum.

212 1473 401 1544 Neque
418 1478 595 1527 tamen
615 1469 673 1527 id
691 1469 889 1527 Sereno
909 1487 1078 1533 noxae
1097 1469 1224 1539 fuit;
1246 1487 1410 1542 quem
1429 1469 1615 1525 odium
1635 1471 1817 1542 publi-

212 1564 337 1603 cum
360 1547 607 1603 tutiorem
628 1544 867 1602 faciebat,
946 1545 1106 1610 Nam,
1129 1552 1192 1599 ut
1207 1546 1335 1616 quis
1354 1543 1639 1600 districtior
1660 1549 1817 1599 ao'cu-

212 1630 381 1691 sator.
403 1619 550 1678 velut
568 1627 936 1678 sacrosanctus
956 1627 1095 1675 erat:
1129 1618 1274 1675 loves
1289 1660 1302 1686 ‚
1323 1617 1608 1693 ignobiles,
1630 1620 1817 1691 poenis

213 1694 611 1753 adiiciebantur.

323 1772 409 1825 37.
450 1770 550 1825 Per
576 1769 718 1827 idem
746 1779 958 1843 tempus
987 1769 1242 1844 Hispania
1268 1767 1514 1838 ulterior,
1546 1772 1731 1827 missis
1751 1771 1817 1827 ad

214 1852 457 1903 senatum
488 1842 701 1919 legatis,
740 1848 936 1914 oravit,
969 1854 1031 1903 ut
1057 1845 1302 1919 exemplo
1332 1845 1491 1903 Asiae
1531 1846 1818 1903 delubrum

216 1920 429 1977 Tiberio
444 1922 709 1993 matrique
728 1923 845 1977 eius
866 1931 1178 1980 exstrueret.
1251 1921 1370 1989 Qua
1391 1924 1666 1979 occasione
1686 1922 1817 1978 Cae-

216 2014 303 2053 sar
316 2038 330 2061 ‚
363 1995 575 2052 validus
593 1996 795 2069 alioqui
814 1998 1131 2069 spernendis
1163 1997 1457 2056 honoribus
1471 2040 1486 2065 ,
1516 2006 1568 2053 et
1595 2015 1816 2071 respon-

216 2069 453 2129 dendum
474 2079 621 2128 ratus
638 2070 709 2125 iis
722 2112 737 2137 ‚
760 2088 992 2144 quorum
1013 2089 1228 2129 rumore
1259 2072 1580 2146 arguebatur
1607 2074 1666 2128 in
1697 2090 1814 2129 am-

218 2147 469 2212 bitionem
487 2144 719 2211 flexisse,
743 2146 1118 2203 huiuscemodi
1135 2148 1426 2205 orationem
1445 2148 1634 2219 coepit.
1675 2149 1814 2210 Scio,

216 2224 267 2279 P.
298 2221 353 2277 C.
364 2262 381 2285 ,
404 2227 749 2279 comtantiam
763 2240 929 2279 meam
946 2241 983 2277 a
996 2226 1260 2293 plerisque
1277 2226 1649 2288 desideratam,
1681 2226 1819 2291 quod

216 2300 367 2355 Asiae
387 2300 708 2363 civitatibus,
738 2315 905 2367 nuper
933 2302 1068 2352 idem
1085 2301 1226 2355 istud
1243 2301 1560 2367 petentibus,
1588 2315 1693 2352 non
1719 2302 1818 2351 sim

217 2376 535 2433 adversatus.
592 2373 736 2443 Erqo
752 2382 801 2429 ot
814 2376 1015 2441 prioris
1029 2376 1226 2429 silentii
1243 2378 1600 2443 defensionem,
1621 2382 1670 2427 οι
1693 2376 1818 2441 quid

217 2452 521 2516 infuturum
536 2453 827 2513 statuemus,
844 2451 1007 2503 simul
1024 2454 1276 2518 aperiam.
1340 2448 1467 2503 Cum
1484 2452 1535 2503 d.
1558 2450 1820 2519 Anqustus

216 2524 312 2582 sibi
330 2532 487 2593 atquc
502 2526 625 2581 urbi
642 2523 832 2582 Romae
850 2527 1094 2593 templum
1110 2528 1252 2592 apud
1261 2524 1564 2592 Perqamum
1582 2527 1699 2577 sisti
1716 2538 1819 2575 non

216 2600 581 2677 prohibuissem
618 2602 711 2669 qui
744 2603 917 2655 omm'a
952 2604 1100 2670 sacta
1139 2603 1385 2668 dictaque
1416 2602 1529 2653 eius
1553 2602 1665 2653 vice
1693 2599 1820 2666 legis

221 2675 495 2741 obs-emm,
531 2677 786 2745 placitum
824 2681 931 2731 iam
968 2677 1259 2743 exemplum
1291 2677 1581 2742 promptius
1614 2681 1820 2729 secutus

220 2766 354 2814 oum,
395 2753 523 2820 quia
556 2752 720 2807 cultui
746 2768 858 2809 meo
884 2754 1150 2809 veneratio
1174 2756 1387 2805 senatus
1421 2750 1819 2821 admouebatur,
