2081 3038
261 199 312 238 A.
342 176 512 254 cho.)
685 190 842 235 mn.
882 190 920 236 1.
963 190 1139 236 cAP.
1185 188 1425 236 31—38.
1793 184 1848 238 2!

261 290 622 355 Tribunorum
653 290 910 345 Subrium
938 298 988 345 et
1007 289 1246 346 Cetrium
1266 289 1467 347 milites
1484 288 1650 345 adorti
1670 292 1859 353 minis.

263 368 567 439 Longinum
599 365 850 420 manibus
879 374 1118 421 coercent
1144 375 1551 439 exarmantqu03
1593 368 1721 438 quia
1752 385 1857 423 non

261 442 448 498 ordine
468 440 708 505 militiae,
730 440 823 495 sed
845 458 874 495 e
892 440 1091 497 Galbae
1110 442 1317 505 amicis»,
1330 440 1471 495 fidus
1489 442 1718 513 principi
1738 461 1854 504 suo,

263 528 314 573 et
331 516 748 572 desciscentibus
769 519 1064 589 suspectior
1082 525 1210 571 erat.
1281 516 1441 589 Legio
1460 515 1698 580 classica,
1723 518 1858 572 nihil

262 602 522 655 cunctata,
563 593 908 664 praetorianis
947 592 1275 665 adiungitur.
1359 591 1555 665 lllyrici
1598 595 1859 648 exercitus

261 667 410 723 electi
449 666 665 723 Celsum
704 670 928 741 ingestis
967 666 1095 739 pilis
1134 666 1464 738 proturbant.
1546 667 1859 723 Germanica
1923 720 1927 728 ,

263 742 458 799 vexilla
495 743 591 798 diu
629 752 908 810 nutavere3
959 742 1213 798 invalidis
1249 742 1426 797 adhuc
1463 743 1773 813 corporibus
1810 752 1862 799 et

263 818 482 891 placatis
501 819 719 883 animis,
743 818 887 890 quod
905 835 1013 882 eos,
1037 836 1067 871 a
1091 819 1295 874 Nerone
1314 816 1689 873 Alexandriam
1709 834 1861 889 prae-

264 896 478 959 missoS‚
520 902 680 966 atque
716 894 841 949 inde
883 911 1072 948 rursus
1106 892 1261 967 longa
1291 895 1626 967 navigatione
1652 910 1857 967 aegroS‚

262 970 565 1041 inpensiore
582 986 709 1024 cura
729 968 896 1024 Galba
917 968 1200 1024 refovebat.

373 1049 458 1099 32.
499 1044 756 1099 Universa
786 1045 891 1099 iam
921 1043 1075 1115 plebs
1099 1044 1356 1116 palatium
1385 1042 1640 1115 inplebat,
1674 1045 1859 1100 mixtis

169 1135 181 1147 ·
261 1121 512 1193 servitiis,
544 1128 597 1174 et
623 1120 839 1175 dissono
867 1118 1113 1185 clamore,
1149 1124 1353 1175 caedem
1374 1120 1590 1175 Othonis
1608 1128 1657 1173 et
1678 1126 1859 1175 coniu-

259 1206 494 1250 ratorum
525 1199 746 1250 emittam
774 1196 1127 1266 poscentium,
1168 1204 1229 1249 ut
1254 1196 1302 1249 si
1332 1196 1389 1250 in
1418 1196 1559 1250 circo
1577 1212 1640 1249 ac
1659 1195 1860 1251 theatro

262 1271 526 1325 ludicrum
566 1269 783 1343 aliquod
820 1269 1173 1341 postularent:
1234 1287 1409 1343 neque
1444 1270 1555 1325 illis
1594 1270 1856 1327 iudicium

257 1356 350 1401 aut
373 1348 584 1410 veritas,
625 1348 830 1418 quippe
865 1344 1051 1401 eodem
1078 1346 1165 1401 die
1192 1345 1400 1400 diversa
1430 1347 1544 1417 pari
1572 1349 1859 1402 certamine

261 1421 634 1493 postulaturis:
675 1422 770 1475 sed
791 1421 978 1476 tradito
997 1438 1145 1483 more
1163 1438 1543 1493 quemcunque
1562 1422 1855 1493 principem

259 1496 532 1562 adulandi,
575 1494 783 1552 licentia
809 1496 1254 1552 adclamationum
1286 1504 1336 1550 et
1363 1495 1558 1551 studiis
1583 1496 1855 1552 inanibus,

261 1575 476 1628 Interim
498 1572 721 1628 Galbam
743 1572 882 1627 duae
900 1573 1189 1627 sententiae
1205 1571 1547 1626 distinebant.
1622 1573 1684 1627 T.
1707 1573 1861 1628 Vini-

258 1667 344 1712 uS‚
386 1652 695 1703 manendum
720 1653 866 1704 intra
893 1653 1114 1710 domum,
1157 1651 1454 1716 opponenda
1482 1652 1723 1712 servitia,
1765 1654 1858 1718 fir-

257 1728 474 1779 mandos
499 1727 694 1788 aditus,
733 1741 836 1778 non
864 1728 1085 1778 eundum
1113 1727 1185 1777 ad
1208 1727 1372 1778 iratos
1395 1722 1668 1779 censebat:
1710 1729 1859 1779 daret

257 1803 516 1854 malorum
548 1803 910 1868 poenitentiae,
951 1803 1099 1854 daret
1130 1801 1375 1854 bonorum
1402 1804 1674 1854 consensui
1690 1805 1859 1868 spati-

260 1895 360 1929 um.
439 1874 650 1930 scelera
697 1879 898 1943 inpetu,
954 1878 1087 1928 bona
1138 1877 1357 1929 consilia
1400 1891 1549 1929 mora
1582 1878 1855 1930 valescere.

257 1953 490 2020 Denique
517 1952 853 2012 eundi‘ultro,
893 1955 942 2004 st·
971 1955 1110 2004 ratio
1134 1954 1219 2013 sit,
1260 1953 1471 2003 eandem
1488 1967 1613 2003 mox
1628 1953 1859 2019 saciata-

258 2035 385 2081 lem.-
423 2042 704 2094 reyreseus,
727 2029 776 2079 si
793 2029 1063 2093 poeniteat,
1089 2030 1146 2079 in
1164 2027 1339 2078 aliena
1354 2032 1619 2093 potestate.

368 2104 453 2155 33.
493 2101 864 2154 Festinandum
894 2101 1079 2154 ceteris
1110 2099 1406 2164 videbatur,
1438 2109 1716 2169 antequam
1746 2117 1858 2154 cre-

256 2185 420 2231 sceret
446 2178 684 2230 invalida
707 2179 878 2230 adhuc
905 2180 1199 2230 coniuratio
1224 2192 1526 2243 paucorum.
1610 2177 1860 2244 Trepida-

259 2261 433 2307 turum
459 2255 616 2306 etiam
644 2251 905 2313 Othonem,
936 2255 1028 2322 qui
1053 2255 1233 2320 furtim
1257 2255 1535 2319 diyresstw,
1558 2254 1629 2304 ad
1648 2254 1859 2319 §quares

255 2329 470 2390 inlatus,
503 2331 828 2380 cunctatione
854 2343 992 2380 nunc
1019 2335 1068 2380 et
1098 2329 1319 2394 segnitia
1358 2330 1627 2380 terentium
1666 2334 1860 2394 tempus

258 2405 460 2457 imitari
481 2406 772 2471 principem
799 2405 985 2456 discat.
1063 2401 1180 2455 Non
1198 2404 1617 2469 eze-spectandum,
1646 2409 1703 2454 ut
1721 2419 1857 2455 com-

253 2481 441 2546 positis
479 2481 684 2541 castris,
725 2481 896 2545 ‚sortem
935 2479 1149 2530 invadat
1182 2485 1247 2538 el,
1281 2484 1641 2542 prospectante
1670 2475 1855 2538 Galba,

263 2553 576 2620 Capitolium
601 2556 772 2614 adeat,
801 2555 928 2604 dum
951 2554 1184 2620 eqreyius
1203 2555 1487 2617 imperator
1504 2567 1623 2604 cum
1636 2555 1857 2620 [ortibus

255 2631 442 2682 amicis
469 2631 635 2682 ianua
660 2644 726 2682 ac
753 2629 928 2681 limine
954 2635 1100 2680 lenas
1120 2628 1325 2678 demum
1346 2626 1523 2688 cludit,
1547 2627 1856 2680 obsidionem

256 2705 506 2756 nimirum
533 2703 863 2759 toleraturus.
943 2701 1007 2756 Et
1027 2702 1365 2770 praeclarum
1394 2703 1451 2758 in
1468 2705 1634 2756 servis
1650 2703 1856 2757 auxili-
