2081 3038
177 223 228 262 A.
253 222 301 262 c.
327 202 424 278 37.)
607 212 766 259 Lm.
804 210 896 260 vl.
941 213 1045 260 CA
1063 213 1119 261 P.
1158 214 1241 262 46.
1281 214 1365 262 4⁷.
1684 209 1785 268 223

179 332 245 372 ne
273 329 474 370 nomen
501 313 790 370 Caesarum
818 315 876 370 in
907 313 1139 383 ludibria
1165 323 1217 370 et
1242 313 1591 372 contumelias
1614 324 1789 372 verte-
1884 369 1889 376 .

179 399 322 457 rent,
356 387 647 447 metuebat.
725 389 938 464 Quippe
963 377 1045 446 illi
1076 408 1183 447 non
1200 391 1421 463 perinde
1440 408 1599 450 curae
1616 393 1788 467 gratia

179 467 562 542 praesentium,
585 483 751 540 quam
768 466 825 520 in
845 474 1083 541 posteros
1104 465 1344 523 ambitio.
1408 467 1532 524 Mox
1550 468 1787 523 incertus

179 539 376 618 animi}
397 535 550 616 *fesso
580 558 823 615 corpore,
856 541 1173 607 consilium,
1204 541 1293 598 cui
1320 541 1475 616 inpar
1504 551 1640 613 erat,
1682 541 1788 600 fato

177 617 450 704 permisiss
493 615 646 688 iactis
664 625 841 673 tamen
862 617 1107 684 vocibus,
1134 633 1231 692 per
1250 634 1386 697 quas
1406 615 1789 695 intelligeretur

177 685 438 771 providus
477 691 798 758 futurorum.
877 693 1127 766 Namque
1162 691 1397 760 Macroni
1411 734 1425 758 ,
1467 709 1574 754 non
1613 691 1790 752 abdita

178 765 405 844 ambage
417 810 433 836 ,
467 773 776 842 occidentem
795 771 862 823 ab
880 787 939 824 eo
957 768 1149 832 deseri,
1184 773 1430 833 orientem
1448 772 1679 838 spectari
1695 785 1791 824 ex-

215 841 471 920 ·obravit.
549 841 618 912 Et
635 840 696 901 C.
721 842 962 910 Caesari,
992 839 1123 899 forte
1143 850 1257 900 orto
1274 859 1519 902 sermone
1534 885 1548 909 ,
1578 843 1641 914 L.
1664 841 1792 900 Sul-

197 936 286 993 am
307 912 585 990 inridenti,
598 922 772 989 omniq
781 917 963 976 Sullae
979 918 1129 992 vitia,
1150 927 1199 978 et
1217 921 1417 974 nullam
1435 922 1660 977 eiusdem
1676 922 1792 975 vir-

125 1017 128 1020 ·
181 1003 337 1066 tutem
357 993 682 1069 habiturum,
705 991 989 1072 praedixit.
1068 989 1241 1051 Simul
1263 993 1464 1050 crebris
1484 1011 1611 1058 cum
1633 992 1791 1051 lacri-

179 1070 283 1128 mis
313 1069 580 1146 minorem
607 1085 675 1125 ex
703 1069 986 1154 nepotibus
1015 1065 1326 1141 complexus
1342 1110 1355 1135 ,
1398 1067 1534 1126 truci
1568 1069 1789 1140 alterius

179 1144 363 1220 vultu:
411 1143 626 1202 Oenides
651 1145 786 1200 hunc
814 1154 897 1208 tu,
927 1143 1133 1217 inquit,
1168 1153 1216 1199 et
1245 1153 1291 1199 te
1307 1147 1466 1202 alius.
1544 1143 1651 1214 Sed
1662 1161 1803 1220 gra--

179 1227 428 1289 vescente
452 1217 758 1276 valetudine
771 1261 785 1287 ,
815 1218 953 1275 nibil
984 1237 1014 1275 e
1042 1217 1686 1286 libidinibusomittebat,
1727 1219 1789 1274 in

177 1293 434 1384 patientia
459 1290 856 1366 ⁸firmitudinem
895 1293 1160 1355 simulans
1172 1313 1185 1363 3
1238 1293 1539 1370 solitusque
1576 1291 1791 1353 eludere

179 1369 518 1442 medicorum
534 1378 672 1426 artes
688 1412 703 1436 ,
732 1376 892 1443 atque
911 1387 1019 1436 eos,
1042 1370 1139 1446 qui
1158 1375 1279 1442 post
1295 1370 1629 1426 tricesimum
1649 1376 1790 1424 aeta-

177 1447 247 1503 tis
267 1439 478 1510 annum
499 1443 567 1518 ad
584 1445 985 1503 internoscenda
1005 1445 1212 1518 corpori
1232 1461 1332 1501 suo
1350 1443 1504 1503 utilia
1524 1442 1611 1501 vel
1630 1445 1789 1502 noxia

177 1522 347 1599 alieni
361 1519 574 1599 consilii
594 1519 910 1600 indigerent.

289 1674 376 1729 4¹7.
420 1670 640 1741 interim
676 1670 874 1729 Romae
916 1668 1119 1733 futuris
1152 1670 1311 1727 etiam
1354 1679 1474 1745 post
1510 1669 1787 1727 Tiberium

174 1746 437 1824 caedibus
475 1748 684 1819 semina
729 1746 1079 1803 iaciebantur.
1153 1746 1369 1803 Laelius
1404 1744 1603 1823 Balbus
1644 1744 1791 1804 Acu-

176 1826 307 1881 tiam
326 1866 340 1891 ,
363 1822 429 1885 P.
451 1820 654 1879 Vitellii
673 1821 945 1895 quondam
965 1838 1189 1888 uxorem
1204 1863 1217 1889 ‚
1240 1822 1531 1879 maiestatis
1548 1820 1789 1897 postula-

174 1906 354 1957 verat:
389 1898 501 1975 qua
525 1896 772 1956 damnata
785 1939 800 1964 ,
831 1914 957 1954 cum
976 1897 1279 1987 praemium
1296 1894 1586 1956 accusatori
1606 1895 1787 1954 decer-

176 1980 429 2047 neretur,
479 1974 670 2030 Iunius
707 1971 873 2040 Otho,
923 1972 1178 2030 tribunus
1212 1972 1417 2047 plebei,
1467 1972 1783 2029 intercessit.

175 2047 328 2125 Unde
347 2045 466 2118 illis
484 2048 624 2115 odia,
647 2066 774 2105 mox
793 2045 989 2104 Othoni
1008 2044 1281 2119 exsilium.
1340 2048 1475 2103 Dein
1494 2044 1787 2105 multorum

175 2126 458 2184 amoribus
496 2122 698 2198 famosa
733 2122 1000 2181 Albucilla
1013 2166 1027 2192 ,
1075 2124 1164 2181 cui
1210 2121 1613 2181 matrimonium
1660 2139 1788 2180 cum

173 2200 348 2257 Satrio
376 2196 652 2267 Secunde,
685 2199 1065 2257 coniurationis
1091 2198 1268 2257 indice
1282 2241 1296 2267 ,
1326 2197 1499 2255 fuerat
1513 2239 1527 2264 ,
1556 2194 1791 2254 defertur

174 2271 453 2349 inpietatis
473 2275 532 2342 in
549 2275 871 2351 principem.
944 2271 1420 2341 connectebantur,
1444 2281 1503 2329 ut
1522 2270 1721 2331 conscii
1740 2279 1791 2328 et

174 2351 407 2428 adulteri
429 2350 569 2418 eiua,
591 2348 691 2407 Cn.
713 2343 978 2407 Domitius
995 2391 1008 2416 ,
1029 2346 1225 2409 Vibius
1244 2348 1474 2415 Marsus,
1496 2348 1559 2403 L.
1583 2347 1792 2407 Arrun-

175 2426 306 2485 tius.
359 2426 447 2483 'De
465 2424 782 2485 claritudine
799 2424 1017 2485 Domitii
1035 2442 1199 2499 supra
1218 2422 1530 2487 memoravi.
1580 2422 1791 2497 Marsus
1830 2489 1841 2499 ι

176 2520 400 2579 quoque
438 2502 666 2561 vetustis
705 2499 999 2583 bonoribus
1034 2508 1089 2573 et
1122 2496 1369 2571 inlustris
1416 2497 1611 2556 studiis
1660 2504 1787 2556 erat.

174 2578 283 2637 Sed
301 2584 514 2651 testium
529 2578 954 2651 interroqationi,
977 2579 1244 2641 tormentis
1260 2587 1527 2634 servorum
1538 2617 1553 2639 ,
1576 2574 1793 2647 ,Maero-

173 2674 296 2713 nem
313 2658 672 2734 praesedisse,
712 2652 1081 2712 commentarii
1110 2649 1179 2707 ad
1206 2656 1452 2705 senatum
1479 2648 1634 2706 missi
1658 2646 1793 2705 fere-

170 2732 334 2791 bant:
379 2728 676 2808 nullaeque
701 2730 762 2787 in
788 2747 876 2787 eos
915 2726 1255 2803 imperatoris
1292 2723 1493 2783 litterae
1530 2723 1794 2799 suspicio—
