2081 3038
233 161 502 239 (musam)
582 169 1002 218 AGRICQLA.
1044 170 1203 222 car.
1245 169 1484 215 εει-22.
1728 161 1828 218 285

234 293 320 330 am
349 273 545 330 famam
567 273 684 346 paci
706 271 1081 339 circumdedit3
1126 288 1282 343 quae,
1306 268 1391 326 vel
1414 271 1619 329 incuria
1644 268 1728 328 vel
1750 278 1831 328 to-

232 350 450 410 lerantia
471 350 730 420 priorum,
744 346 890 401 hau'd
909 347 1093 400 minus
1111 364 1275 419 quam
1298 346 1499 402 bellum
1521 347 1825 410 timebatur.

231 424 337 483 Sed
367 424 459 482 ubi
491 431 660 478 aestas
689 422 922 486 advenit,
953 429 1217 477 contracto
1235 422 1487 487 exercitu,
1516 423 1749 478 militum
1770 424 1828 478 in

232 501 446 574 agmine
467 499 682 554 laudare
700 497 1033 563 modestiam,
1057 497 1303 552 disiectos
1324 515 1585 552 coercere:
1613 497 1723 553 loca
1743 516 1831 553 ca·-

139 569 144 573 ’
233 576 358 629 stris
384 576 500 646 ipse
527 590 741 645 capere:
785 572 1045 628 aestuaria
1074 590 1135 627 ac
1154 571 1319 628 silvas
1340 573 1456 643 ipse
1475 581 1824 643 praetentare:

233 658 283 704 et
313 649 448 704 nihil
478 649 690 704 interim
722 647 866 721 apud
885 647 1063 703 hostes
1084 649 1329 719 quietum
1349 648 1478 718 pati,
1520 665 1629 718 quo
1649 649 1830 701 minus

231 726 427 780 subitis
447 725 765 780 excursibus
785 722 1153 795 popularetur:
1197 731 1376 795 atque,
1400 723 1493 777 ubi
1513 724 1641 778 satis
1660 731 1832 778 terru-

231 808 366 866 erat,
413 799 690 871 ‚parcendo
733 817 924 854 rursus
971 799 1309 857 inritamenta
1360 799 1509 869 pacis
1547 805 1826 866 ostentare.

232 874 444 941 Quibus
474 875 634 930 rebus
665 875 863 929 multae
891 873 1150 940 civitateS‚
1182 891 1323 947 quae
1347 876 1403 928 in
1425 869 1581 936 illum
1602 873 1743 928 diem
1766 890 1831 928 ex

233 968 403 1022 aequo
421 958 653 1024 egerant,
669 950 805 1006 datis
823 949 1125 1016 obsidibus,
1147 950 1283 1004 iram
1302 966 1546 1020 posuere,
1562 959 1613 1004 et
1630 949 1832 1021 praesi-

229 1026 335 1081 diis
353 1026 692 1099 castellisque
711 1025 1085 1090 circumdatae,
1112 1033 1255 1085 tanta
1276 1027 1475 1084 ratione
1492 1042 1747 1097 curaque,
1769 1031 1830 1080 ut

230 1101 378 1157 nulla
399 1110 519 1158 ante
537 1103 838 1160 Britanniae
857 1119 994 1160 nova
1014 1119 1140 1173 pars
1160 1101 1458 1159 inlacessita
1479 1101 1762 1156 transierit.

338 1181 392 1232 2⁴
411 1220 422 1233 .
465 1175 706 1251 Sequens
733 1178 908 1234 hiems
937 1176 1307 1232 saluberrimis
1343 1176 1583 1234 consiliis
1608 1178 1830 1234 absum-

229 1261 336 1324 pta.
418 1255 682 1325 Namque,
704 1262 764 1307 ut
784 1253 1026 1314 homines
1046 1252 1275 1324 dispersi
1296 1271 1358 1307 ac
1375 1253 1555 1320 rudes,
1585 1270 1753 1326 eoque
1772 1253 1829 1307 in

231 1327 368 1382 bella
389 1327 587 1392 faciles,
619 1328 790 1400 quieti
817 1337 868 1382 et
883 1329 991 1382 otio
1007 1344 1103 1399 per
1123 1327 1417 1398 voluptates
1438 1328 1826 1394 adsuescerent,

233 1401 430 1456 hortari
450 1403 722 1473 privatim,
745 1402 1000 1457 adiuvare
1018 1401 1251 1472 publice,
1277 1411 1333 1456 ut
1350 1402 1565 1474 templa,
1590 1401 1719 1466 fora,
1736 1404 1830 1458 do-

231 1494 356 1533 mus
376 1485 724 1542 exstruerent,
750 1475 1013 1536 laudando
1033 1484 1325 1550 promptos,
1352 1486 1403 1533 et
1418 1477 1725 1552 castigando
1746 1495 1833 1535 se-

231 1570 384 1625 gnes.
445 1555 520 1609 Ita
540 1552 756 1609 honoris
777 1552 1061 1608 aemulatio
1080 1570 1176 1624 pro
1198 1554 1506 1611 necessitate
1526 1562 1652 1610 erat.
1718 1555 1831 1610 Iam

233 1645 358 1683 vero
377 1629 684 1699 principum
705 1628 840 1683 filios
862 1628 1175 1687 liberalibus
1196 1628 1652 1696 artibuserudire,
1676 1638 1727 1685 et
1744 1631 1831 1685 in-

230 1702 388 1777 genia
415 1704 788 1759 Britannorum
815 1704 1008 1760 studiis
1031 1704 1306 1760 Gallorum
1334 1704 1606 1772 anteferre,
1631 1713 1709 1773 ut,
1732 1708 1829 1779 qui

232 1778 388 1833 modo
409 1778 650 1853 linguam
669 1780 961 1835 Romanam
983 1780 1305 1844 abnuebant,
1328 1780 1683 1853 eloquentiam
1704 1800 1830 1837 con-

231 1854 582 1925 cupiscerent.
663 1855 791 1910 Inde
815 1856 972 1913 etiam
1002 1856 1218 1914 habitus
1250 1856 1414 1910 nostri
1456 1856 1621 1911 honor
1650 1864 1701 1911 et
1718 1856 1829 1914 ‚fre-

232 1946 406 2002 quens
433 1937 571 2004 toga.
653 1930 1040 2003 Paullatimque
1066 1932 1364 1987 discessum
1394 1930 1460 1991 ad
1484 1930 1825 1989 delinimenta
1855 1960 1863 1967 ·

233 2005 504 2072 vitiorum,
517 2006 752 2077 porticus
765 2014 822 2061 et
839 2006 1027 2068 balnea
1046 2015 1096 2062 et
1109 2007 1477 2068 conviviorum
1488 2006 1822 2081 elegantiam.

229 2081 398 2153 quue
425 2081 570 2153 apud
596 2082 849 2154 inperitos
880 2081 1185 2147 humanitas
1216 2082 1517 2149 vocabatur,
1558 2100 1683 2145 cum
1703 2099 1826 2154 pars

232 2158 504 2213 servitutis
523 2166 680 2213 esset.

339 2235 425 2289 22.
468 2232 677 2289 Tertius
704 2232 1100 2305 expeditionum
1126 2251 1299 2289 annus
1320 2250 1484 2295 novas
1496 2240 1684 2307 gen-tes
1703 2250 1829 2305 ape-

231 2308 358 2373 ruit,
386 2309 602 2364 vastatis
625 2326 798 2381 usque
817 2308 883 2363 ad
904 2308 1073 2365 Taum
1100 2307 1380 2381 (aestuario
1402 2326 1595 2365 nomen
1616 2306 1713 2381 est)
1734 2325 1828 2363 na-

231 2384 486 2439 tionibuS.
564 2382 678 2450 Qua
721 2384 1000 2439 formidine
1037 2385 1203 2440 territi
1241 2384 1421 2439 hostes
1437 2427 1452 2450 ,
1493 2402 1825 2457 quamquam

231 2457 584 2515 conflictatum
614 2461 788 2514 saevis
809 2460 1211 2531 tempestatibus
1228 2460 1541 2525 exercitum,
1568 2459 1827 2522 lacessere

233 2551 337 2589 non
366 2536 512 2590 ausi:
553 2535 924 2607 ponendisque
952 2537 1175 2607 insuper
1198 2534 1429 2593 castellis
1449 2535 1682 2607 spatium
1704 2533 1822 2591 fuit.

232 2608 564 2665 Adnotabant
579 2612 757 2683 periti,
788 2627 892 2667 non
913 2610 1081 2666 alium
1102 2610 1292 2667 ducem
1308 2612 1727 2683 opportunitates
1744 2610 1827 2673 20-

231 2700 416 2741 corum
437 2686 730 2758 sapientius
752 2686 973 2763 legisse:
1009 2685 1221 2743 nullum
1242 2687 1309 2745 ab
1330 2687 1571 2763 Agricola
1590 2689 1821 2762 positum
