2081 3038
238 248 289 292 Α.
312 253 361 292 c.
386 235 480 310 19.)
622 244 806 288 -L113.
844 242 913 288 11.
956 241 1134 288 cAP.
1177 241 1421 287 58—60.
1768 235 1834 289 85

244 346 473 400 Vonones
499 347 559 398 in
591 343 753 412 Syria
778 345 1069 405 haberetur,
1095 359 1196 396 neu
1208 361 1450 410 proceres
1466 346 1694 411 qentium
1703 360 1835 411 pro-

234 423 445 489 pinquis
472 421 671 472 nuntiis
696 420 769 472 ad
790 420 1085 472 discordias
1111 420 1349 472 traheret.
1426 417 1508 472 Ad
1531 435 1592 472 ea
1613 417 1838 472 Germa-

237 493 393 550 nicus
414 492 483 547 de
498 492 743 548 societate
760 491 1120 547 Romanorum
1145 491 1564 564 Parthorumque
1585 491 1835 566 magnifi-

237 585 317 633 ee,
344 566 415 628 de
440 566 673 623 adventu
700 567 842 637 regis
868 573 921 622 et
938 564 1086 622 cultu
1116 565 1204 621 sui
1223 583 1348 620 cum
1369 567 1554 622 decore
1571 585 1632 621 ao
1651 567 1834 622 mode-

234 644 339 699 stia
371 640 661 714 respondit.
739 641 983 696 Vonones
1011 640 1447 712 Pompeiopolim,
1480 640 1694 696 Ciliciae
1718 659 1834 696 ma-

236 718 473 774 ritimam
492 715 703 781 urbem,
724 723 933 772 amotus
951 723 1048 770 est.
1113 716 1305 770 Datum
1331 715 1388 770 id
1408 733 1512 770 non
1539 716 1694 772 modo
1712 731 1834 788 pre-

235 793 395 850 cibus
422 791 694 857 Artabani,
722 791 819 848 sed
848 789 1199 847 oontumeliae
1227 791 1456 854 PisoniS,
1485 792 1572 844 oui
1593 792 1834 863 gratissi-

238 885 364 926 mus
381 874 494 924 erat
508 867 579 923 ob
602 864 835 939 plurima
858 865 1032 924 officia
1053 873 1105 920 et
1121 863 1278 931 dona,
1303 865 1505 938 quibus
1526 864 1828 920 Plancinam

238 943 566 1002 devinxerat.

343 1020 429 1074 59.
470 1018 543 1074 M.
566 1015 765 1081 Silano,
787 1017 850 1072 1..
873 1015 1120 1072 Norbano
1135 1033 1272 1072 eoss.
1293 1015 1644 1073 Germanicus
1657 1015 1833 1089 Aegy-

235 1101 389 1166 ptum
408 1091 780 1166 proficiscitur,
802 1091 1195 1166 cognoscendae
1213 1091 1561 1164 antiquitatis,
1609 1090 1718 1146 Sed
1735 1107 1833 1146 ou-

234 1187 294 1225 ra
322 1167 626 1241 provinciae
649 1165 1114 1238 praetendebatur:
1158 1166 1461 1238 levavitque
1485 1167 1692 1238 apertis
1707 1166 1833 1222 hor-

234 1244 339 1300 reis
358 1244 526 1316 pretia
546 1240 795 1316 frugum:
836 1241 1114 1315 multaque
1139 1242 1197 1296 in
1216 1241 1415 1315 vulgus
1433 1249 1581 1314 grata
1601 1259 1832 1313 usurpa-

233 1319 340 1375 vit:
381 1319 501 1374 sine
528 1317 698 1373 milite
724 1317 985 1382 incedere,
1014 1316 1245 1388 pedibus
1269 1317 1477 1372 intectis
1499 1324 1552 1371 et
1566 1318 1685 1388 pari
1703 1334 1826 1372 cum

235 1394 453 1450 Graecis
473 1393 691 1458 amictu,
703 1392 765 1446 P.
778 1391 1044 1462 Scipionis
1063 1391 1438 1460 aemulatione3
1462 1409 1625 1463 quem
1645 1391 1829 1448 eadem

236 1467 556 1527 factitavisse
592 1466 739 1541 apud
773 1465 1009 1523 Siciliam
1026 1505 1039 1530 ,
1079 1466 1332 1539 quamvis
1369 1464 1621 1539 flagrante
1657 1467 1833 1523 adhue

236 1546 533 1601 Poenorum
561 1542 721 1607 bello,
752 1541 1076 1613 accepimus.
1154 1541 1421 1607 Tiberius,
1449 1540 1598 1597 cultu
1617 1542 1834 1597 habitu-
1857 1602 1868 1611 ,
1929 1588 1980 1615 ‚.

234 1636 343 1693 que
372 1617 491 1674 eius
520 1616 732 1673 lenibus
753 1616 931 1671 verbis
957 1616 1251 1688 perstricto,
1275 1616 1529 1671 acerrime
1545 1616 1828 1688 increpuit,

274 1692 401 1757 uod,
438 1700 616 1747 eontra
644 1691 883 1748 instituta
911 1690 1164 1765 Augusti,
1202 1708 1307 1747 non
1335 1698 1522 1763 sponte
1548 1692 1828 1764 principis,

234 1713 611 1825 llemdriam
632 1767 917 1823 introisset.
996 1767 1134 1822 Nam
1161 1764 1439 1840 Augustus
1459 1768 1595 1823 inter
1613 1766 1716 1823 alia
1733 1768 1832 1823 do-

236 1842 545 1899 minationis
562 1857 769 1907 areana,
789 1843 990 1907 vetitis,
1013 1842 1120 1897 nisi
1138 1844 1426 1913 permissu,
1447 1841 1655 1917 ingredi
1675 1860 1831 1899 sena-

236 1916 471 1983 toribus,
503 1925 594 1973 aut
618 1916 893 1989 equitibus
918 1918 1174 1973 Romanis
1200 1917 1521 1973 inlustribus
1536 1958 1550 1982 ,
1592 1918 1830 1988 seposuit

237 1993 569 2067 Aegyptum:
611 2008 681 2047 ne
722 1990 863 2047 fame
897 1998 1112 2066 urgeret
1149 1992 1372 2057 Italiam,
1415 1992 1670 2064 quisquis
1709 2009 1828 2045 eam

235 2067 567 2141 provinciam
594 2064 931 2139 claustraque
954 2076 1124 2123 terrae
1147 2084 1210 2123 ae
1234 2067 1419 2131 maris,
1451 2067 1703 2138 quamvis
1722 2064 1829 2121 levi

235 2140 501 2215 praesidio
520 2140 804 2197 adversum
824 2142 1066 2215 ingentes
1085 2144 1368 2207 exereitus,
1392 2140 1692 2197 insedisset.
1817 2142 1820 2146 ’

346 2220 432 2273 60.
472 2214 577 2273 Sed
596 2215 967 2283 Germanicus,
989 2217 1227 2274 nondum
1247 2223 1531 2289 comperto,
1553 2214 1831 2287 profectio-

237 2310 361 2349 nem
390 2309 507 2349 eam
536 2292 791 2357 incusari,
825 2290 947 2348 Nilo
970 2292 1388 2357 subvehebatur,
1411 2309 1568 2348 orsus
1585 2288 1780 2362 oppido
1799 2308 1830 2345 a

237 2368 469 2441 Canopo.
548 2366 843 2423 Condidere
868 2366 926 2423 id
951 2365 1216 2439 Spartani,
1237 2368 1307 2422 ob
1326 2366 1598 2438 sepultum
1617 2365 1730 2420 illio
1747 2383 1832 2419 re-

235 2450 432 2501 ctorem
472 2442 647 2507 navis,
685 2440 991 2513 Canopum3
1040 2459 1152 2514 qua
1190 2448 1496 2514 tempestate
1535 2440 1826 2506 Menelaus,

237 2518 515 2575 Graeciam
532 2523 795 2589 repetens,
806 2516 1084 2573 diversum
1104 2516 1172 2573 ad
1191 2534 1338 2573 mare
1355 2524 1658 2589 terramque
1665 2515 1832 2589 Liby-

236 2611 325 2649 am
344 2592 601 2649 deiectus.
665 2590 793 2649 Inde
811 2591 1120 2665 proximum
1141 2592 1318 2647 amnis
1335 2608 1416 2657 os,
1437 2590 1672 2646 dicatum
1698 2591 1834 2647 Hen-

236 2666 368 2734 euli,
390 2684 554 2740 quem
573 2664 855 2742 indigenae
871 2674 1050 2723 ortum
1069 2666 1213 2739 apud
1229 2684 1308 2732 se,
1321 2672 1374 2721 et
1390 2666 1832 2739 antiquissimum

237 2740 539 2819 perhibent.
569 2758 767 2802 eosoue
826 2743 925 2802 oui
950 2749 1134 2801 nostea
1160 2742 1276 2799 nari
1305 2742 1500 2803 virtute
1526 2742 1742 2801 fuerint.
1773 2740 1832 2795 in
