2081 3038
171 185 410 257 i.c.55.)
551 195 712 239 mn.
753 195 884 240 xil.
928 167 1104 242 CAP.
1148 197 1391 242 εει-64.
1673 193 1763 246 28⁴

170 291 412 352 facilitate
431 295 605 360 solita,
618 294 764 368 quod
785 295 880 350 uni
899 302 1247 361 concesserat,
1260 295 1425 352 nullis
1444 298 1775 355 extrinsecus

167 371 490 426 adiumentis
507 370 723 426 velavit.
1322 434 1325 437 Ι

279 450 364 500 62.
407 445 475 498 At
491 446 754 519 Byzantii,
779 445 897 499 data
918 443 1130 500 dicendi
1151 445 1301 516 copia
1318 487 1332 508 ‚
1360 464 1482 501 cum
1505 451 1775 524 magnitu-

169 522 354 576 dinem
387 537 611 576 0nerum
651 519 796 592 apud
831 527 1075 575 senatum
1114 520 1519 591 deprecarentur
1534 565 1546 588 ,
1588 535 1773 581 cuncta

172 596 487 667 repetivere3
529 595 635 650 orsi
656 615 692 650 a
712 600 939 665 foedere,
972 599 1109 664 quod
1128 599 1392 650 nobiscum
1417 601 1642 663 icerant,
1672 619 1775 670 qua

171 680 463 740 tempestate
484 674 784 726 bellavimus
808 675 1061 725 adversus
1087 687 1257 740 reqem
1276 671 1641 737 Macedonum,
1673 680 1773 739 cui,

167 755 228 800 ut
245 751 506 816 deqeneri,
526 748 942 814 Pseudophilippi
955 748 1264 814 vocabulum
1280 749 1580 815 inpositum.
1644 750 1779 804 Mis·-

168 839 258 876 sas
278 825 496 890 posthac
525 827 702 890 copias
727 827 784 876 in
802 821 1107 876 Antiochum
1122 863 1135 886 ,
1168 822 1381 886 Persen,
1408 821 1775 888 Aristonicum,

169 908 219 952 et
232 901 463 966 piratico
484 901 612 951 bello
629 895 866 952 adiutum
883 896 1181 961 Antonium,
1204 896 1593 965 memorabant3
1618 917 1779 968 quae·-

169 991 268 1043 que
289 973 468 1028 Sullae
488 982 580 1027 aut
598 973 818 1027 Lucullo
833 981 930 1027 aut
940 973 1177 1040 Pompeio
1197 975 1525 1028 obtulissent:
1546 991 1671 1028 mox
1693 993 1777 1028 re-

171 1053 342 1103 centia
365 1053 424 1103 in
455 1047 704 1104 Caesares
727 1053 945 1102 merita:
984 1053 1194 1118 quando
1220 1067 1283 1103 ea
1322 1051 1438 1104 loca
1476 1053 1774 1122 insiderent,

169 1141 302 1194 quae
324 1127 758 1180 transmeantibus
777 1131 922 1178 terra
940 1128 1179 1194 marique
1196 1127 1415 1180 ducibus
1434 1128 1778 1180 exercitibus-

171 1217 284 1271 que,
307 1202 466 1254 simul
481 1203 705 1254 vehendo
725 1203 1032 1254 commeatui
1050 1209 1342 1269 opportuna
1360 1206 1549 1271 forent.

187 1303 190 1308 ·
278 1278 362 1331 63.
403 1275 651 1348 Namque
689 1274 958 1330 artissimo
995 1273 1135 1330 inter
1170 1276 1442 1347 Europam
1479 1275 1777 1350 Asiamque

167 1351 413 1416 divortio,
425 1351 744 1424 Byzantium
761 1350 820 1405 in
840 1357 1075 1406 extrema
1094 1351 1308 1422 Europa
1328 1365 1553 1422 posuere
1564 1351 1774 1417 Graeci,

169 1427 392 1498 quibus,
414 1423 672 1498 Pythium
692 1424 995 1496 Apollinem
1015 1422 1438 1488 consulentibus,
1470 1424 1566 1480 ubi
1586 1425 1778 1481 conde-

172 1507 288 1555 rent
310 1499 534 1556 urbem?
569 1500 838 1555 redditum
857 1497 1136 1554 oraculum
1156 1505 1255 1565 est,
1284 1509 1591 1570 quaererent
1610 1505 1778 1555 sedem

172 1593 444 1631 caecorum
483 1581 642 1630 terris
681 1580 972 1629 adversam.
1050 1574 1127 1628 Ea
1176 1574 1400 1649 ambage
1438 1572 1776 1630 Chalcedonii

169 1649 619 1715 monstrabantur,
643 1648 790 1721 quod
805 1649 1010 1721 priores
1030 1647 1163 1705 illuc
1182 1648 1407 1714 advecti,
1435 1652 1678 1721 praevisa
1702 1650 1779 1705 lo·-

169 1742 355 1782 corum
386 1724 638 1789 utilitate,
669 1721 848 1795 peiora
875 1723 1147 1799 legissent.
1227 1724 1439 1796 Quippe
1456 1726 1775 1799 Byzantium

170 1798 476 1857 fertilisolo
501 1799 832 1872 fecundoque
860 1801 1026 1869 mari;
1069 1800 1201 1873 quia
1228 1802 1315 1855 vis
1338 1802 1573 1873 piscium
1611 1802 1777 1859 innu-

170 1894 316 1933 mera
337 1918 350 1941 ,
381 1872 544 1930 Ponto
563 1891 870 1947 erumpens,
903 1884 953 1929 et
979 1874 1216 1947 obliquis
1238 1875 1421 1939 subter
1436 1876 1609 1932 undas
1629 1877 1774 1932 saxis

169 1951 436 2014 exterrita,
478 1951 680 2005 omisso
719 1949 934 2004 alterius
975 1951 1144 2006 litoris
1164 1950 1327 2016 flexu,
1365 1951 1465 2007 hos
1496 1951 1563 2005 ad
1588 1960 1774 2023 portus

169 2024 423 2084 defertur.
499 2024 652 2081 Unde
687 2025 864 2097 primo
901 2027 1210 2097 quaestuosi
1241 2033 1291 2080 et
1316 2024 1581 2098 opulenti3
1632 2036 1770 2098 post,

171 2100 540 2177 magnitudine
567 2117 792 2155 onerum
825 2108 1065 2173 urgente,
1100 2100 1261 2155 tinem
1288 2108 1380 2155 aut
1408 2099 1628 2156 modum
1656 2117 1776 2156 ora-

168 2180 317 2243 bant,
359 2176 625 2231 adnitente
661 2176 924 2248 principe,
971 2176 1071 2247 qui
1114 2178 1336 2232 Thracio
1374 2178 1776 2245 Bosporanoque

171 2257 304 2308 bello
337 2269 516 2306 reeens
552 2256 712 2320 sessos
737 2254 1092 2320 iuvandosque
1119 2250 1317 2306 retulit.
1396 2252 1469 2305 Ita
1499 2250 1696 2306 tributa
1716 2252 1773 2307 in

169 2327 609 2405 quinquennium
629 2326 872 2380 remissa.

281 2406 366 2457 64.
408 2402 480 2457 M.
510 2400 718 2467 Asinio,
749 2402 838 2457 Μ’.
866 2398 1036 2455 Acilio
1056 2418 1195 2457 coss.
1224 2402 1571 2457 mutationem
1592 2418 1772 2456 rerum

167 2480 226 2533 in
267 2477 499 2532 deterius
537 2476 799 2548 portendi,
840 2476 1112 2550 cognitum
1156 2485 1237 2531 est
1263 2474 1465 2531 crebris
1492 2476 1773 2551 prodigiis.

165 2554 332 2626 Signa
355 2570 416 2606 ac
435 2553 654 2607 tentoria
683 2551 916 2606 militum
945 2552 1072 2625 igne
1092 2550 1301 2606 coelesti
1328 2566 1523 2606 arsere.
1603 2551 1777 2607 Fasti·-

169 2628 261 2703 gio
289 2625 531 2699 Capitolii
559 2644 782 2683 examen
811 2628 996 2699 apium
1025 2626 1243 2681 insedit.
1321 2625 1579 2681 Biformes
1599 2626 1776 2682 homi-

169 2719 307 2761 num
333 2710 540 2779 partus.
574 2710 626 2759 et
651 2701 768 2757 suis
789 2702 955 2761 fetum
975 2702 1201 2768 editiun,
1224 2702 1312 2760 cui
1336 2702 1650 2782 accipitrum
1670 2720 1775 2765 un-
