2081 3038
241 196 340 253 822
716 200 819 249 ms
857 196 1367 251 olma-omnus

241 305 427 361 minus
456 300 709 360 laetitiam
735 304 1071 375 nitoremque
1101 310 1402 360 nostrorum
1430 309 1732 375 temporum
1752 322 1845 359 ex-

238 382 512 453 primeret,
536 378 913 451 videmusque,
935 378 993 433 in
1012 385 1277 451 quantum
1297 378 1497 451 iudicio
1514 379 1634 434 eius
1651 380 1736 435 vis
1756 385 1849 434 aut

241 454 409 510 animi
429 461 522 509 aut
546 456 603 509 in
671 453 749 508 nii
771 452 1055 509 suffecerit.

350 532 436 586 22.
476 527 563 585 Ad
641 529 905 585 iceronem
946 530 1122 593 venio,
1161 528 1249 583 cui
1269 528 1475 585 ,eadem
1513 545 1695 603 pugna
1720 545 1847 585 cum

241 602 557 678 aequalibus
594 604 713 661 suis
751 602 871 669 fuit,
912 620 1053 677 quae
1089 602 1227 658 mihi
1263 602 1545 660 vobiscum
1584 611 1682 659 est.
1764 604 1850 659 Illi

240 682 387 737 enim
425 681 677 753 antiquos
710 678 1070 749 mirabantur3
1126 678 1244 750 ipse
1282 695 1506 736 suorum
1544 686 1849 750 temporum

241 756 599 830 eloquentiam
626 754 1003 827 anteponebat:
1045 771 1143 809 nec
1170 751 1281 809 ulla
1309 771 1367 809 re
1391 755 1568 843 magis
1603 754 1847 809 eiusdem

242 834 425 889 aetatis
468 838 699 887 oratores
746 830 1069 902 praecurrit,
1120 846 1286 901 quam
1331 829 1552 885 iudicio.
1630 829 1849 885 Primus

242 908 388 963 enim
426 905 657 962 excoluit
693 906 1006 970 orationem,
1049 905 1260 977 primus
1296 911 1348 959 et
1375 905 1555 961 verbis
1579 903 1847 961 delectum

242 982 487 1039 adhibuit
506 987 558 1036 et
576 980 946 1053 compositioni
967 987 1134 1035 artem
1150 998 1163 1049 ;
1207 978 1348 1035 locos
1366 996 1586 1054 quoque
1607 976 1848 1035 laetiores

242 1057 547 1121 adtentavit,
588 1064 641 1113 et
665 1054 930 1127 quasdam
958 1055 1248 1110 sententias
1276 1055 1510 1125 invenit3
1561 1054 1750 1128 utique
1787 1055 1847 1111 in

236 1134 329 1189 his
356 1129 706 1195 orationibus,
747 1146 885 1203 quas
915 1129 1093 1185 senior
1120 1132 1230 1185 iam
1259 1138 1310 1185 et
1337 1130 1487 1186 iuxta
1517 1129 1680 1186 finem
1706 1130 1848 1186 vitae

240 1204 558 1276 composuit,
592 1204 648 1259 id
666 1211 764 1269 est,
804 1212 1090 1277 postquam
1109 1206 1284 1279 magis
1302 1203 1609 1278 profecerat,
1630 1222 1849 1278 usuque

240 1290 291 1336 et
312 1278 691 1354 experimentis
708 1278 981 1347 didicerat,
994 1279 1142 1353 quod
1159 1281 1424 1352 optimum
1443 1280 1654 1337 dicendi
1671 1297 1847 1355 genus

242 1364 398 1412 esset.
476 1354 615 1411 Nam
654 1354 858 1428 priores
901 1355 1020 1412 eius
1057 1355 1320 1411 orationes
1357 1373 1465 1412 non
1493 1363 1673 1411 carent
1701 1356 1848 1413 vitiis

166 1498 171 1503 ¹
242 1429 601 1504 antiquitatis:
644 1430 821 1489 lentus
848 1439 930 1486 est
955 1431 1013 1486 in
1040 1431 1342 1503 principiis,
1374 1428 1566 1506 longus
1586 1432 1644 1487 in
1665 1449 1849 1487 narra-

243 1506 499 1573 tionibus,
538 1507 742 1564 otiosus
780 1506 917 1564 circa
958 1525 1239 1575 excessus;
1281 1506 1428 1563 tarde
1459 1515 1844 1572 commovetur,

240 1601 359 1638 raro
387 1582 685 1652 incalescit3
725 1583 885 1655 pauci
912 1600 1109 1638 sensus
1138 1590 1257 1654 apte
1283 1590 1334 1638 et
1360 1599 1485 1638 cum
1505 1581 1740 1655 quodam
1763 1582 1851 1638 lu-

243 1659 388 1712 mine
410 1659 779 1714 terminantur.
858 1657 1007 1713 Nihil
1028 1674 1328 1730 excerpere,
1352 1656 1490 1713 nihil
1510 1657 1706 1714 referre
1721 1677 1848 1731 pos-

240 1734 346 1787 sis:
388 1739 459 1797 et,
501 1732 650 1789 velut
678 1733 737 1788 in
764 1733 889 1789 rudi
916 1731 1174 1796 aedificio,
1219 1732 1409 1788 firmus
1440 1751 1569 1788 sane
1593 1735 1771 1805 paries
1797 1741 1850 1788 et

240 1808 551 1873 duraturus,
586 1808 681 1864 sed
710 1824 817 1864 non
841 1809 971 1863 satis
991 1806 1257 1880 expolitus
1275 1815 1326 1862 et
1345 1807 1653 1880 splendenS.
1729 1809 1847 1882 Ego

240 1893 417 1940 autem
438 1890 717 1950 oratorem,
749 1883 889 1938 sicut
909 1882 1224 1955 locupletem
1251 1900 1313 1938 ac
1332 1882 1539 1939 lautum
1559 1883 1848 1955 patremfa-

239 1958 439 2022 miliae,
473 1975 576 2014 non
605 1975 667 2014 eo
693 1966 900 2013 tantum
922 1957 1042 2015 volo
1067 1965 1201 2014 tecto
1219 1958 1345 2033 tegi,
1369 1957 1517 2032 quod
1536 1959 1765 2014 imbrem
1786 1977 1846 2014 ac

238 2043 459 2090 ventum
490 2041 679 2099 arceat,
721 2033 815 2088 sed
844 2034 1001 2088 etiam
1028 2033 1177 2107 quod
1203 2033 1387 2090 visum
1413 2041 1467 2089 et
1492 2033 1675 2089 oculos
1701 2034 1845 2089 dele-

238 2118 366 2166 ctet:
412 2126 518 2164 non
545 2125 605 2164 ea
634 2107 810 2164 solum
838 2109 1035 2164 instrui
1065 2107 1412 2181 supellectile,
1442 2126 1581 2182 quae
1600 2126 1844 2165 necessa-

238 2186 336 2240 riis
355 2185 549 2240 usibus
568 2182 825 2251 sufficiat;
868 2182 963 2239 sed
988 2183 1061 2239 sit
1083 2183 1141 2238 in
1162 2183 1416 2256 adparatu
1436 2183 1554 2240 eius
1577 2191 1630 2242 et
1647 2201 1842 2240 aurum

239 2267 289 2315 et
307 2276 571 2333 gemmae,
613 2267 673 2314 ut
692 2275 905 2315 sumere
923 2257 983 2314 in
1003 2275 1218 2324 manus,
1258 2268 1320 2314 ut
1336 2259 1610 2332 adspicere
1627 2261 1843 2332 saepius

238 2335 427 2390 libeat:
470 2334 733 2407 quaedam
753 2351 879 2390 vero
898 2333 1083 2406 procul
1107 2342 1405 2401 arceantur,
1429 2343 1490 2390 ut
1506 2335 1613 2391 iam
1634 2335 1845 2391 oblitte-

238 2419 346 2464 rata
378 2417 429 2463 et
455 2409 675 2465 olentia:
720 2409 933 2464 nullum
962 2411 1033 2464 sit
1065 2409 1288 2466 verbum
1317 2408 1465 2466 velut
1489 2411 1740 2485 rubigine
1759 2411 1846 2467 in-

239 2482 457 2548 fectum,
481 2483 617 2538 nulli
638 2502 831 2540 sensus
851 2484 997 2540 tarda
1017 2492 1069 2539 et
1088 2484 1243 2540 inerti
1261 2493 1546 2553 structura,
1561 2486 1617 2541 in
1637 2503 1842 2542 morem

238 2556 551 2624 Annalium,
592 2567 1005 2632 componantur3
1050 2557 1239 2634 fugitet
1266 2559 1471 2617 foedam
1500 2567 1551 2616 et
1577 2561 1843 2618 insulsam

238 2631 632 2698 scurrilitatem,
680 2636 846 2690 variet
866 2635 1323 2706 compositionem,
1367 2653 1467 2692 nec
1489 2653 1677 2693 omnes
1695 2636 1843 2694 clau·-

239 2703 387 2758 sulas
410 2722 515 2759 uno
533 2715 583 2761 et
602 2707 785 2763 eodem
808 2708 964 2764 modo
984 2711 1248 2764 terminet.
