2081 3038
297 243 360 297 94
777 251 1421 297 HISTORIARUM
1622 241 1893 315 (amma.

299 350 522 421 pularia.
601 351 896 407 Auctoritas
926 351 1103 407 Cluvii
1132 352 1444 423 praevaluit,
1476 360 1535 408 ut
1550 353 1733 424 puniri
1757 351 1894 408 ultro

299 426 545 481 libertum
584 444 744 481 suum
767 427 1014 482 Vitellius
1051 428 1274 482 iuberet.
1354 425 1582 482 Cluvius
1623 429 1891 483 comitatui

297 501 554 574 principis
579 503 835 567 adiectuS,
869 520 971 556 non
1002 503 1243 572 adempta
1266 502 1540 572 Hispania,
1568 521 1733 574 quam
1761 503 1893 557 rexit

295 576 506 640 absenS,
530 577 774 647 exemplo
795 578 855 631 L.
880 577 1139 631 Arruntii.
1186 577 1325 630 Eum
1349 577 1595 632 Tiberius
1614 577 1806 632 Caesar
1824 578 1892 631 ob

297 656 517 716 metum,
551 651 796 706 Vitellius
825 651 1079 706 Cluvium
1108 650 1255 705 nulla
1294 649 1576 706 formidine
1615 651 1887 708 retinebat.

297 727 408 780 Non
439 727 580 780 idem
624 726 883 780 Trebellio
903 727 1137 780 Maximo
1168 726 1353 780 honos.
1434 725 1739 800 profugerat
1777 727 1890 780 Bri-

295 801 473 854 tannia
510 802 580 856 ob
617 802 946 856 iracundiam
977 801 1240 855 militum:
1288 801 1489 855 missus
1519 810 1599 855 est
1628 803 1679 854 in
1716 801 1889 856 locum

293 875 410 930 eius
431 876 634 930 Vettius
653 877 882 930 Bolanus
903 893 932 929 e
959 875 1346 946 praesentibus.

403 955 486 1006 66.
530 949 768 1023 Angebat
806 950 1081 1006 Vitellium
1122 952 1382 1004 victarum
1413 950 1683 1022 legionum
1720 951 1892 1004 haud-

293 1042 563 1096 quaquam
597 1025 792 1079 fractus
822 1027 1057 1080 animuS.
1137 1024 1361 1096 Sparsae
1389 1041 1483 1096 per
1514 1025 1711 1078 ltaliam
1738 1033 1787 1078 et
1810 1028 1892 1079 vi-

293 1101 526 1154 ctoribus
566 1101 877 1169 permixtae,
922 1100 1133 1155 hostilia
1176 1100 1555 1172 loquebantur:
1606 1101 1891 1170 praecipua

294 1175 878 1245 quartadecimanorum
921 1175 1131 1239 ferocia,
1162 1176 1259 1247 qui
1284 1193 1345 1229 se
1362 1176 1528 1230 victos
1554 1175 1887 1232 abnuebant:

293 1253 477 1316 quippe
489 1249 825 1304 Bedriacensi
860 1255 988 1312 acie,
1011 1253 1311 1305 vexillariis
1332 1259 1530 1304 tantum
1546 1253 1730 1318 pulsis,
1752 1255 1893 1305 vires

294 1327 506 1390 leyionia
525 1341 626 1376 non
645 1329 888 1392 adfuisse.
961 1326 1171 1379 Remitti
1192 1343 1280 1380 eos
1300 1326 1355 1379 in
1377 1325 1723 1389 Britanniam,
1748 1324 1892 1379 unde

292 1415 320 1450 a
351 1397 557 1453 Nerone
587 1399 742 1453 exciti
774 1408 940 1462 erant,
975 1399 1203 1470 placuit3
1246 1408 1406 1470 atque
1440 1400 1650 1454 interim
1671 1401 1893 1457 Batavo·

292 1491 413 1530 rum
435 1473 672 1530 cohortes
692 1491 798 1529 una
821 1474 1048 1540 tendere,
1062 1475 1131 1530 ob
1149 1481 1379 1530 veterem
1400 1475 1654 1530 adversus
1674 1483 1892 1547 quarta-

289 1549 593 1605 decimanos
621 1549 959 1604 discordiam.
1043 1552 1150 1603 Nec
1170 1550 1285 1615 diu,
1307 1550 1365 1604 in
1386 1552 1544 1604 tantis
1564 1558 1890 1606 armatorum

289 1624 445 1689 odiis,
470 1627 626 1695 quies
648 1625 766 1679 fuit.
802 1625 1073 1698 Augustae
1095 1625 1467 1689 Taurinorum,
1492 1625 1621 1679 dum
1644 1626 1891 1696 opificem

259 1700 265 1709 ’
292 1699 560 1769 quendam
591 1700 817 1755 Batavus
851 1710 908 1755 ut
937 1698 1288 1755 fraudatorem
1319 1700 1624 1765 insectatur,
1653 1700 1892 1773 legiona-

291 1774 404 1827 rius
432 1782 493 1827 ut
521 1774 781 1845 hospitem
815 1783 1010 1839 tuetur,
1051 1776 1137 1829 sui
1164 1777 1363 1847 cuique
1382 1775 1765 1831 commilitones
1796 1778 1899 1832 ad-

288 1849 510 1921 gregati,
541 1867 570 1903 a
589 1852 846 1905 conviciis
867 1850 932 1904 ad
951 1849 1167 1904 caedem
1187 1851 1459 1905 transiere.
1539 1852 1606 1904 Et
1625 1852 1894 1921 proelium

291 1932 436 1978 atrox
465 1925 768 1989 exarsisset,
802 1926 859 1979 ni
887 1924 1024 1979 duae
1050 1927 1341 1996 praetoriae
1361 1925 1617 1989 eohorteS,
1642 1943 1887 1981 caussam

291 2000 877 2069 quartadecimanorum
917 2007 1147 2064 secutae,
1187 2000 1273 2055 his
1314 2001 1562 2055 fiduciam
1606 2010 1654 2054 et
1684 2012 1887 2055 metum

289 2074 496 2128 Batavis
519 2073 781 2129 fecissent.
861 2073 1008 2140 Quos
1027 2074 1273 2131 Vitellius
1294 2077 1495 2149 agmini
1519 2094 1617 2129 suo
1636 2077 1807 2149 iungi,
1832 2086 1894 2129 ut

291 2148 448 2215 fidos3
495 2148 774 2222 legionem,
817 2149 994 2205 Graiis
1031 2150 1263 2221 Alpibus
1302 2150 1612 2215 traductam,
1657 2168 1717 2205 eo
1748 2150 1889 2205 flexu

290 2224 494 2277 itineris
535 2226 610 2278 ire
645 2225 813 2290 iubet,
854 2243 964 2297 quo
992 2227 1252 2280 Viennam
1285 2228 1535 2280 vitarent:
1582 2244 1815 2297 namque
1842 2236 1895 2279 et

293 2298 618 2353 Viennenses
653 2300 997 2355 timebantur.
1079 2302 1266 2365 Nocte,
1312 2318 1419 2372 qua
1462 2301 1893 2371 proficiscebatur

291 2372 444 2444 legio,
489 2374 685 2428 relictis
711 2376 914 2446 passim
947 2375 1187 2448 ignibuS,
1230 2392 1353 2446 pars
1375 2376 1633 2429 Taurinae
1654 2376 1894 2431 coloniae

289 2448 562 2501 ambusta:
603 2450 747 2520 quod
779 2450 1058 2513 damnum,
1092 2457 1151 2504 ut
1170 2449 1423 2521 pleraque
1445 2450 1566 2509 belli
1594 2450 1748 2514 mala,
1775 2468 1894 2504 ma·

291 2521 492 2575 ioribus
513 2521 735 2577 aliarum
759 2524 977 2578 urbium
998 2524 1241 2579 cladibus
1258 2524 1633 2579 oblitteratum.
1714 2524 1893 2589 Quar—

287 2594 601 2650 tadecimani
623 2607 905 2669 postquam
928 2598 1157 2668 Alpibus
1176 2598 1409 2671 degressi
1434 2608 1576 2662 sunt,
1593 2598 1895 2655 seditiosis-

287 2666 461 2719 simus
501 2672 736 2741 quisque
773 2674 926 2745 signa
965 2673 1225 2727 Viennam
1275 2673 1525 2726 ferebant.
1608 2673 1891 2728 Consensu

288 2739 566 2796 meliorum
597 2748 886 2816 compressi
919 2754 968 2799 et
989 2746 1125 2817 legio
1145 2748 1200 2800 in
1220 2748 1541 2800 Britanniam
1568 2756 1889 2803 transvecta.
