2081 3038
251 194 350 249 326»
719 198 821 245 DE
860 195 1374 244 ORATORIBUS

247 309 357 373 quo·
375 299 563 371 inpetu
591 295 868 353 saeculum
889 304 1130 355 nostrum
1151 296 1413 353 defendit!
1457 316 1624 371 quam
1646 301 1867 372 copiose

247 394 309 429 ac
338 376 484 430 varie
514 375 728 429 vexavit
755 374 1030 445 antiquos!
1074 381 1274 445 quanto
1302 390 1409 429 non
1440 374 1619 429 solum
1642 376 1865 449 ingenio

247 468 308 504 ac
327 450 543 521 spiritu,
576 448 668 503 sed
697 450 853 503 etiam
879 449 1175 504 eruditione
1202 456 1254 503 et
1272 456 1400 514 arte,
1426 450 1495 503 ab
1514 452 1653 521 ipsis
1674 460 1864 507 mutu-

248 533 366 579 atus
386 533 484 590 est,
509 542 602 596 per
622 540 761 595 quae
779 540 906 579 mox
927 524 1074 594 ipsos
1096 524 1409 579 incesseret!
1454 524 1634 579 Tuum
1655 534 1860 591 tamen,

249 600 503 665 Messala,
555 599 884 671 promissum
931 599 1228 653 inmutasse
1268 616 1373 654 non
1412 598 1587 654 debet.
1668 602 1866 673 Neque

247 677 393 731 enim
433 673 763 730 defensorem
802 675 1147 745 antiquorum
1186 674 1486 747 exigimuS‚
1527 692 1627 730 nec
1664 694 1864 748 quem-

249 769 415 823 quam
445 758 706 815 nostrum,
739 766 1072 821 quamquam
1102 749 1260 804 modo
1286 748 1482 804 laudati
1502 768 1720 817 sumuS,
1745 752 1859 817 his,

249 844 387 899 quos
425 827 714 881 insectatus
751 833 831 878 est
865 823 1028 897 Aper,
1070 840 1463 895 comparamus,
1542 824 1622 881 Ae
1648 844 1719 881 ne
1741 827 1863 899 ipse

249 902 470 974 quidem
502 904 573 955 ita
603 900 779 963 sentit,
811 898 905 953 sed
929 916 1076 953 more
1095 901 1260 954 veteri
1282 907 1333 953 et
1350 918 1379 953 a
1401 902 1594 954 vestris
1616 901 1863 972 philoso-

247 978 374 1048 phis
395 993 552 1047 saepe
571 973 847 1039 celebrato,
862 975 1097 1045 sumpsit
1116 975 1221 1029 sibi
1241 975 1632 1030 contradicendi
1652 984 1856 1047 partes,

248 1054 420 1125 Igitur
455 1066 708 1121 exprome
747 1050 920 1115 nobis,
963 1066 1071 1103 non
1098 1049 1455 1105 laudationem
1483 1052 1856 1123 antiquorum,

247 1127 394 1199 (satis
416 1127 559 1180 enim
585 1124 706 1178 illos
731 1122 870 1177 fama
889 1141 986 1177 sua
1013 1123 1229 1195 laudat),
1270 1126 1365 1180 sed
1396 1142 1635 1192 caussaS‚
1678 1127 1857 1182 curin

247 1209 451 1256 tantum
473 1199 542 1253 ab
569 1197 868 1270 eloquentia
891 1216 1077 1254 eorum
1103 1201 1508 1267 recesserimus3
1550 1218 1678 1256 cum
1700 1219 1860 1274 prae-

247 1276 430 1331 sertim
469 1280 684 1329 centum
703 1280 754 1328 et
773 1274 879 1327 XX
921 1290 1089 1329 annos
1132 1275 1200 1329 ab
1238 1275 1451 1330 interitu
1484 1275 1759 1333 Ciceronis
1799 1279 1856 1333 in

249 1352 394 1406 hunc
411 1350 554 1405 diem
573 1348 734 1417 effici,
765 1351 898 1405 ratio
915 1356 1218 1421 temporum
1240 1348 1545 1425 conlegerit.

355 1428 441 1483 25.
483 1426 622 1481 Tum
651 1424 904 1481 Messala:
947 1423 1153 1498 Sequar
1179 1426 1557 1498 praescriptam
1586 1444 1617 1481 a
1646 1436 1717 1493 te,
1742 1429 1857 1483 Ma-

249 1511 412 1569 terne,
456 1500 702 1558 formam.
781 1502 968 1574 Neque
995 1501 1141 1556 enim
1161 1500 1259 1557 diu
1282 1502 1753 1559 contradicendum
1775 1513 1860 1560 est

246 1579 408 1650 Apro,
433 1579 529 1650 qui
551 1579 810 1649 primum,
851 1584 911 1631 ut
927 1577 1135 1648 opinor,
1176 1578 1410 1632 nominis
1436 1581 1851 1636 controversiam

247 1655 431 1716 movit,
475 1659 750 1725 tamquam
788 1669 979 1723 parum
1018 1653 1235 1724 proprie
1276 1653 1483 1726 antiqui
1513 1664 1852 1720 vocarentur,

246 1745 383 1801 quos
411 1728 539 1782 satis
567 1735 828 1783 constaret
855 1733 974 1783 ante
1003 1735 1219 1782 centum
1250 1745 1418 1783 annos
1447 1728 1633 1783 fuisse.
1711 1731 1855 1784 Mihi

245 1812 423 1863 autem
454 1803 520 1858 de
551 1801 808 1859 vocabulo
832 1819 1014 1876 pugna
1035 1819 1141 1858 non
1164 1810 1262 1868 est,
1304 1804 1420 1858 sive
1439 1802 1557 1859 illos
1577 1806 1851 1877 antiquos,

245 1883 362 1935 sive
401 1881 646 1944 maiores»,
688 1880 804 1934 sive
831 1895 940 1950 quo
959 1877 1065 1934 alio
1090 1877 1296 1932 mavult
1316 1883 1549 1945 nomine,
1590 1879 1851 1951 adpellet:

246 1955 536 2012 dummodo
564 1955 620 2008 in
648 1952 888 2009 confesso
915 1953 1003 2017 sit,
1050 1954 1453 2009 eminentiorem
1478 1954 1694 2010 illorum
1717 1961 1855 2010 tem-

246 2024 438 2103 porum
467 2029 823 2102 eloquentiam
853 2028 1039 2083 fuisse.
1122 2031 1199 2082 Ne
1224 2028 1306 2083 illi
1332 2029 1551 2102 quidem
1578 2032 1717 2101 parti
1739 2049 1855 2085 ser-

248 2109 420 2160 monis
441 2107 558 2160 eius
579 2122 838 2178 repugno,
879 2103 1151 2176 siquidem
1171 2121 1357 2160 omnes
1379 2103 1625 2170 fatemur,
1667 2105 1853 2175 plures

249 2181 442 2236 formas
463 2180 672 2236 dicendi
693 2181 853 2234 etiam
878 2178 1071 2234 iisdem
1094 2179 1341 2245 saeculis,
1376 2179 1576 2234 nedum
1597 2179 1849 2246 diversiS,

246 2256 531 2310 exstitisse.
611 2254 716 2310 Sed
733 2254 1001 2327 quomodo
1022 2255 1158 2309 inter
1180 2254 1377 2310 Atticos
1395 2263 1627 2309 oratores
1646 2255 1853 2326 primae

246 2330 584 2385 Demostheni
612 2329 943 2394 tribuuntur,
984 2331 1294 2400 proximum
1330 2337 1508 2384 autem
1541 2329 1716 2385 locum
1748 2331 1852 2385 Ae—

244 2404 457 2458 schines
481 2411 538 2457 et
567 2403 861 2476 Hyperides
889 2411 940 2458 et
967 2404 1160 2478 Lysias
1200 2413 1250 2458 et
1280 2405 1559 2478 Lycurgus
1588 2405 1847 2472 obtinent,

242 2479 485 2532 omnium
519 2486 696 2532 autem
726 2495 990 2533 consensu
1015 2479 1147 2533 haec
1164 2487 1432 2534 oratorum
1452 2487 1593 2534 aetas
1614 2482 1850 2534 maxime

241 2552 521 2620 probatur3
565 2552 645 2604 sic
673 2552 817 2622 apud
847 2570 944 2608 nos
973 2552 1158 2608 Cicero
1185 2554 1404 2625 quidem
1433 2561 1633 2608 ceteros
1654 2571 1849 2610 eorun-

242 2623 364 2674 dem
405 2632 706 2694 temporum
735 2626 958 2682 disertos
988 2630 1287 2693 antecessit,
1339 2627 1539 2684 Calvus
1574 2637 1757 2682 autem
1800 2637 1851 2682 et

245 2693 464 2750 Asinius
493 2704 543 2750 et
569 2697 762 2753 Caesar
787 2707 839 2756 et
857 2700 1071 2756 Coelius
1092 2709 1144 2755 et
1160 2703 1357 2758 Brutus
1376 2718 1476 2756 suo
1495 2703 1614 2757 iure
1633 2711 1685 2757 et
1702 2705 1847 2773 prio-
