2081 3038
246 160 347 213 260
562 164 637 211 12.
676 164 1120 211 CORNELIUS
1158 166 1497 213 TACITUS

154 274 164 282 '
246 267 383 321 tium
402 266 643 320 instituta
662 268 926 337 ritusque,
950 274 1216 338 quatenus
1237 266 1498 333 differant,
1521 283 1658 339 quae
1679 268 1860 323 natio-

246 360 340 399 nes
361 358 391 395 e
409 340 693 397 Germania
718 342 777 396 in
800 340 1000 396 Gallias
1028 344 1514 416 commigraverint,
1543 342 1853 413 expediam.

353 420 438 472 28.
481 415 775 472 Validiores
802 416 931 471 olim
954 416 1232 472 Gallorum
1260 435 1347 471 res
1366 417 1555 483 fuisse,
1595 435 1855 473 summus

244 502 519 547 auctorum
549 491 604 547 d.
636 491 807 546 Iulius
831 491 1020 547 tradit:
1083 510 1252 565 eoque
1273 492 1526 548 credibile
1545 500 1645 558 est,
1687 495 1852 548 etiam

246 566 425 623 Gallos
445 568 502 621 in
527 568 868 623 Germaniam
888 575 1266 641 transgressoS.
1345 567 1677 634 Quantulum
1699 570 1852 623 enim

245 644 419 700 amnis
440 643 699 706 obstabat,
712 660 823 714 quo
842 643 1046 708 minue,
1061 651 1120 697 ut
1136 660 1384 715 quaeque
1399 662 1536 717 gens
1555 642 1848 708 evaluerat‚

244 728 523 791 occuparet
547 728 977 789 permutaretque
1006 718 1180 783 sedeS,
1220 720 1555 790 promiscuas
1593 718 1769 773 adhuc
1797 728 1854 774 et

244 791 393 849 nulla
426 811 711 867 regnorum
740 794 968 865 potentia
996 792 1238 850 divisas?
1293 796 1463 868 Igitur
1490 796 1626 850 inter
1645 795 1854 868 Hercy-

242 872 390 926 niam
420 870 614 925 silvam
645 868 1001 941 Rhenumque
1030 878 1082 924 et
1108 870 1359 925 Moenum
1385 888 1570 925 amnes
1595 869 1844 936 Helvetii,

243 946 492 1002 ulteriora
519 946 653 1011 Boii,
697 942 899 999 Gallica
917 954 1144 1016 utraque
1162 962 1316 1019 genS,
1359 954 1591 1001 tenuere.
1668 946 1851 1000 Manet

243 1021 420 1077 adhuc
448 1022 679 1075 Boihemi
703 1036 917 1084 nomen,
950 1020 1321 1093 significatque
1348 1019 1448 1075 loci
1475 1029 1708 1075 veterem
1729 1038 1850 1075 me—

242 1098 487 1160 moriam,
510 1095 761 1165 quamvis
783 1095 1001 1149 mutatis
1020 1094 1335 1150 cultoribus.
1386 1093 1488 1149 Sed
1508 1104 1689 1150 utrum
1711 1095 1848 1149 Ara-

240 1172 377 1226 visci
405 1171 462 1224 in
492 1170 818 1224 Pannoniam
847 1169 914 1223 ab
943 1167 1087 1235 Osis,
1113 1170 1500 1226 Germanorum
1521 1172 1750 1237 natione,
1774 1189 1846 1226 an

241 1245 336 1301 Osi
358 1243 427 1299 ab
456 1244 727 1299 Araviscis
755 1244 812 1298 in
836 1244 1179 1300 Germaniam
1208 1248 1690 1319 commigraverint,
1715 1264 1846 1301 cum

242 1321 425 1377 eodem
446 1319 621 1376 adhuc
641 1337 903 1387 sermone,
929 1322 1208 1386 institutiS,
1238 1322 1479 1378 moribus
1503 1330 1735 1387 utantur,
1759 1324 1850 1376 in-

242 1406 444 1453 certum
476 1406 581 1451 est:
623 1396 773 1468 quia,
800 1397 919 1469 pari
948 1396 1078 1451 olim
1101 1397 1278 1469 inopia
1297 1414 1358 1451 ac
1377 1396 1632 1462 libertate,
1657 1396 1844 1452 eadem

240 1474 525 1547 utriusque
554 1473 701 1545 ripae
726 1472 865 1530 bona
893 1472 1142 1544 malaque
1159 1479 1327 1528 erant.
1406 1473 1619 1528 Treveri
1641 1481 1690 1526 et
1707 1474 1848 1528 Ner-

239 1552 317 1605 vii
346 1551 482 1604 circa
514 1549 911 1604 adfectationem
938 1549 1286 1604 Germanicae
1313 1550 1538 1622 originis
1567 1547 1705 1603 ultro
1725 1567 1846 1602 am-

240 1625 418 1681 bitiosi
440 1632 585 1690 sunt,
628 1633 923 1697 tamquam,
964 1641 1060 1695 per
1083 1623 1224 1679 hano
1239 1622 1465 1698 gloriam
1483 1624 1788 1697 sanguiniS,
1813 1643 1843 1678 a

236 1698 592 1756 similitudine
632 1708 683 1754 et
718 1700 908 1755 inertia
936 1698 1214 1754 Gallorum
1251 1709 1580 1771 separentur.
1663 1701 1841 1770 Ipsam

239 1775 412 1830 Rheni
441 1774 613 1846 ripam
640 1774 787 1830 haud
813 1774 977 1829 dubie
1006 1773 1396 1830 Germanorum
1425 1773 1609 1846 populi
1637 1774 1840 1840 colunt,

238 1851 559 1925 VangioneS‚
582 1850 812 1914 Triboci,
834 1851 1100 1904 Nemetes.
1141 1849 1222 1903 Ne
1239 1849 1363 1905 Ubii
1385 1851 1624 1923 quidem,
1645 1868 1843 1922 quam-

239 1945 403 2000 quam
444 1927 679 1980 Romana
718 1923 918 1979 colonia
939 1941 1058 1978 esse
1075 1927 1369 1980 meruerint
1395 1943 1458 1980 ao
1485 1925 1737 1980 libentius
1768 1929 1844 1980 Α-

236 2008 605 2073 9rippinenses,
640 1999 923 2055 conditoris
956 2001 1046 2056 sui
1074 2001 1309 2062 nomine,
1337 2009 1611 2065 vocentur,
1633 2002 1843 2074 origine

238 2078 577 2141 erubescunt,
593 2075 911 2148 transgressi
929 2074 1059 2131 olim
1079 2082 1130 2130 et
1148 2076 1511 2147 experimento
1531 2075 1656 2130 fidei
1677 2093 1842 2148 super

236 2155 411 2226 ipsam
433 2152 604 2207 Rheni
626 2152 797 2223 ripam
819 2149 1092 2216 conlocati,
1111 2159 1171 2206 ut
1189 2159 1442 2216 arcerent,
1458 2168 1562 2206 non
1581 2159 1641 2206 ut
1663 2161 1842 2206 custo-

237 2229 495 2284 direntur.

345 2307 431 2360 29.
473 2301 732 2357 Omnium
760 2300 951 2356 harum
972 2303 1214 2376 gentium
1237 2301 1432 2356 virtute
1447 2302 1721 2373 praecipui
1737 2303 1839 2358 Ba-

237 2379 363 2442 tavi,
407 2395 512 2432 non
543 2374 775 2430 multum
804 2393 869 2430 ex
894 2378 1030 2448 ripa,
1073 2376 1170 2432 sed
1190 2375 1424 2432 insulam
1444 2376 1620 2432 Rheni
1637 2379 1834 2444 amniS,

235 2453 432 2516 colunt,
453 2451 720 2506 Cattorum
744 2451 1015 2524 quondam
1033 2451 1288 2523 populu5‚
1311 2460 1363 2506 et
1380 2451 1637 2507 seditione
1654 2452 1838 2508 dome-

236 2527 366 2580 stica
386 2527 442 2580 in
464 2543 551 2579 eas
570 2525 723 2581 sedes
745 2535 1130 2600 transgressus,
1158 2527 1217 2581 in
1236 2527 1438 2598 quibus
1464 2543 1591 2598 pars
1610 2528 1835 2582 Romani

235 2599 446 2668 imperii
465 2599 671 2654 fierent.
751 2603 927 2656 Manet
944 2600 1112 2657 honos
1130 2609 1181 2655 et
1198 2601 1448 2672 antiquae
1465 2603 1730 2657 societatis
1749 2603 1837 2657 in-

233 2672 415 2740 signe:
449 2691 573 2728 nam
596 2691 697 2730 nec
714 2676 928 2732 tributis
947 2683 1378 2741 contemnuntur,
1393 2692 1492 2731 nec
1509 2676 1834 2748 publicanus
