2081 3038
239 218 516 295 (numu.)
587 226 1010 275 AemconA.
1052 226 1208 275 cAP.
1254 226 1493 273 ss—ss.
1736 214 1843 273 '293

239 333 572 385 incolumitas
591 348 656 383 ac
675 334 830 385 decus
848 334 1018 383 eodem
1037 333 1149 383 loco
1172 334 1279 383 sita
1296 338 1432 383 sunt.
1492 328 1598 384 Nec
1624 330 1846 397 inylori-

241 423 328 459 um
346 409 524 473 suerit,
545 408 603 457 in
623 408 736 472 ipso
755 414 1016 459 terrarum
1035 422 1101 459 ac
1119 413 1345 458 naturae
1368 408 1468 474 fine
1487 405 1742 457 cecidisse.

354 482 437 534 34.
481 478 544 535 Si
567 496 730 533 novae
756 488 927 548 qentes
954 488 1111 549 atque
1139 484 1319 547 iynota
1350 483 1490 534 acies
1520 482 1845 540 constitisset,

242 558 469 609 aliorum
489 559 811 609 eccereituum
831 556 1082 622 exemplis
1100 572 1191 609 vos
1209 557 1465 607 hortarer.
1508 553 1659 608 Nunc
1672 562 1847 607 vestra

244 634 432 684 decora
469 638 740 693 recensete,
784 639 981 683 vestros
1009 634 1186 683 ocutos
1224 632 1555 696 inter-royate.
1634 628 1683 681 Ii
1708 635 1845 687 sunt,

245 722 374 774 quos
395 709 639 770 promimo
657 721 812 767 anne,
835 722 996 759 unam
1016 708 1265 773 leqionem
1288 710 1431 773 furto
1449 705 1616 756 noctis
1634 706 1850 771 adqres-

244 797 344 844 sos,
379 782 604 835 clamore
631 783 953 834 debellastis:
991 784 1035 834 ii
1065 789 1350 833 ceterorum
1368 780 1745 833 Britannorum
1764 782 1853 845 fu·-

244 856 524 924 9acissimi,
547 859 762 924 ideoque
781 862 886 908 tam
910 858 1335 923 diu-superstites.
1410 854 1672 919 Quomodo
1690 854 1853 906 silvas

245 932 511 999 saltusque
527 932 916 997 penetrantibus
933 934 1279 999 fortissimum
1299 933 1533 999 quodque
1550 929 1852 982 ani-malro-

247 1007 382 1069 bore,
412 1009 608 1073 pavida
637 1014 684 1057 et
711 1010 904 1059 inertia
921 1009 1277 1075 ipso·a9minis
1294 1022 1420 1059 sono
1437 1006 1735 1073 pelluntur:
1776 1006 1853 1056 sic

245 1084 493 1134 acerrimi
515 1080 890 1134 Britannorum
909 1085 1017 1135 iam
1031 1084 1236 1149 pridem
1255 1084 1575 1135 ceciderunt:
1616 1081 1853 1149 reliquus

245 1164 320 1210 est
337 1172 582 1210 numerus
603 1159 908 1223 ignavorum
929 1165 977 1209 et
995 1160 1343 1211 metuentium.
1417 1157 1554 1222 Quos
1572 1158 1711 1225 quod
1732 1162 1853 1208 tan-

245 1234 358 1283 dem
375 1234 646 1285 invenistis
653 1250 672 1297 ‚·
711 1247 815 1284 non
842 1234 1161 1293 restiterunt,
1184 1236 1274 1284 sed
1298 1234 1596 1301 deprehensi
1614 1239 1735 1286 sunt
1755 1246 1851 1283 no-

244 1308 472 1373 vissimi;
512 1314 560 1359 et
590 1314 820 1359 extremo
847 1313 984 1359 metu
1013 1322 1237 1373 corpora
1265 1310 1489 1375 defixere
1513 1312 1569 1362 in
1588 1310 1668 1361 his
1692 1312 1852 1361 vesti-

246 1383 365 1448 qiis,
395 1384 452 1433 in
470 1382 656 1448 quibus
673 1382 950 1447 pulchram
969 1388 1018 1433 et
1034 1383 1366 1447 spectabilem
1383 1384 1655 1435 victoriam
1674 1387 1851 1435 edere-

249 1459 331 1509 tis.
411 1455 702 1522 Transiyite
729 1472 844 1507 cum
863 1457 1305 1522 expeditionibus:
1345 1459 1573 1522 inponite
1590 1461 1852 1525 quinqua-

247 1535 394 1599 qinta
413 1533 568 1584 annis
587 1529 830 1596 maynum
847 1533 980 1584 diem
992 1547 1010 1583 .-
1050 1532 1337 1598 adprobate
1354 1531 1685 1597 reipublicae,
1700 1547 1853 1583 nun-1-

250 1623 408 1675 quam
445 1609 702 1658 exercitui
735 1609 974 1671 inputari
1002 1608 1234 1673 potuisse
1260 1611 1353 1658 aut
1390 1620 1565 1659 moras
1606 1606 1725 1657 betti
1760 1612 1853 1657 aut

252 1683 465 1735 caussas
481 1682 780 1734 rebellandi.

362 1759 445 1810 35.
486 1755 554 1808 Et
590 1753 906 1826 adloquente
948 1753 1125 1808 adhuc
1162 1751 1404 1827 Agricola
1434 1753 1666 1809 militum
1698 1754 1851 1809 ardor

252 1829 536 1895 eminebat,
567 1836 619 1883 et
649 1829 810 1884 finem
830 1829 1081 1885 orationis
1101 1828 1293 1902 ingens
1313 1827 1553 1884 alacritas
1573 1837 1850 1884 consecuta

251 1914 348 1970 est,
373 1905 660 1976 statimque
680 1904 747 1960 ad
767 1923 912 1959 arma
933 1905 1261 1960 discursum.
1312 1904 1592 1960 Instinctos
1612 1911 1853 1958 ruentes—-

244 1999 361 2054 ‘que
388 1981 459 2035 ita
489 1980 775 2051 disposuit,
808 1988 864 2034 ut
883 1979 1124 2050 peditum
1146 1979 1368 2046 auxilia,
1392 1997 1531 2053 quae
1548 1987 1661 2035 octo
1684 1979 1849 2033 millia

237 2064 416 2123 erant,
459 2055 692 2111 mediam
730 2056 896 2109 aciem
936 2055 1227 2122 firmarent,
1270 2056 1513 2130 equitum
1554 2055 1651 2110 tria
1682 2049 1851 2108 millia

251 2131 504 2189 cornibus
541 2129 974 2186 adfunderentur.
1054 2131 1315 2204 Legiones
1352 2148 1449 2202 pro
1478 2129 1615 2186 vallo
1642 2137 1849 2194 stetere,

252 2209 442 2282 ingens
463 2206 712 2262 victoriae
738 2204 901 2259 decus
927 2204 1057 2260 citra
1079 2206 1378 2263 Romanum
1400 2207 1717 2280 sanguinem
1739 2205 1854 2259 bel-

251 2281 402 2348 lanti,
425 2289 476 2336 et
492 2279 778 2345 auxilium,
811 2280 856 2334 si
880 2278 1220 2352 pellerentur.
1295 2283 1667 2336 Britannorum
1690 2282 1849 2343 acieS,

250 2359 309 2414 in
339 2357 572 2430 speciem
598 2355 762 2410 simul
793 2373 854 2412 ac
877 2363 1151 2424 terrorem,
1174 2356 1488 2412 editioribus
1510 2356 1636 2412 locis
1656 2356 1855 2410 consti-

250 2436 382 2488 terat
401 2434 493 2499 ita,
515 2440 576 2487 ut
591 2432 828 2503 primum
851 2449 1046 2506 agmen
1072 2432 1126 2486 in
1148 2449 1339 2504 aequo,
1362 2433 1521 2486 ceteri
1541 2449 1633 2504 per
1654 2429 1854 2486 acclive

249 2511 445 2583 iugum
475 2507 700 2580 connexi
729 2507 875 2561 velut
902 2508 1267 2580 insurgerent3
1310 2507 1483 2562 media
1514 2509 1687 2578 campi
1708 2505 1854 2560 covi-

252 2585 438 2639 narius
456 2592 506 2637 et
526 2599 690 2654 eques
709 2583 933 2653 strepitu
963 2599 1025 2637 ac
1049 2583 1300 2638 discursu
1322 2582 1633 2654 complebat.
1711 2581 1850 2634 Tum

251 2659 516 2732 Agricola,
555 2665 840 2729 superante
857 2657 1095 2714 hostium
1117 2658 1479 2725 multitudine,
1522 2659 1741 2724 verituS‚
1786 2673 1855 2710 ne

253 2732 416 2788 simul
447 2735 503 2789 in
533 2733 776 2801 frontem,
818 2732 984 2790 simul
1010 2743 1063 2792 et
1080 2733 1240 2790 latera
1261 2751 1483 2792 suorum
1502 2741 1849 2808 pugnaretur,
