2081 3038
185 218 427 293 n.c.21.)
522 187 527 195 ⁶
582 229 739 274 ΜΒ.
778 224 883 274 111.
924 227 1109 273 cAP.
1155 227 1398 272 as—as.
1689 221 1774 274 ω

180 327 423 400 Blaesus,
446 329 624 400 specie
644 329 939 382 recusantis
954 368 969 393 ,
990 327 1087 384 sed
1105 344 1280 400 neque
1297 328 1480 384 eadem
1507 327 1786 387 adsevera-

182 405 345 469 tione,
369 411 421 458 et
440 420 702 458 consensu
724 401 1057 458 adulantium
1076 401 1224 458 haud
1241 405 1390 460 iutus
1409 411 1508 458 est.

296 483 381 535 36.
422 477 563 533 Exin
584 484 893 550 promptum
909 518 923 542 ,
946 477 1092 550 quod
1111 476 1404 534 multorum
1423 479 1630 534 intimis
1651 496 1786 552 que-

183 553 362 608 stibus
400 552 691 626 tegebatur.
770 551 1050 608 Incedebat
1087 551 1232 609 enim
1271 552 1552 620 deterrimo
1589 555 1787 627 cuique

184 627 417 694 licentia,
429 628 653 700 impune
670 627 860 700 probra
882 635 933 682 et
951 626 1218 682 invidiam
1234 627 1292 683 in
1312 627 1480 684 bonos
1498 629 1782 696 excitandi,

184 703 399 776 adt-epta
427 702 661 776 imagine
690 701 957 772 Caesaris;
1000 701 1286 775 libertique
1325 701 1483 758 etiam
1521 719 1584 757 ac
1621 705 1784 770 servi,

180 785 406 851 patrono
425 776 510 833 vel
531 778 744 834 domino
762 795 887 834 cum
902 794 1077 843 voces,
1090 795 1216 834 cum
1236 794 1431 836 manus
1449 776 1786 845 intentarent,

185 851 327 908 ultro
369 853 757 908 metuebantur.
836 853 1005 926 Igitur
1032 851 1094 908 C.
1127 851 1337 909 Cestius
1380 861 1590 910 senator
1618 854 1790 910 disse-

186 927 326 984 ruit:
370 928 633 998 Principes
652 931 853 998 quidem
874 932 1047 985 instar
1063 933 1276 984 deorum
1292 945 1430 985 esse:
1465 933 1558 984 sed
1575 946 1736 999 neque
1755 947 1790 984 a

186 1006 316 1067 dii-3,
347 1007 452 1058 nisi
470 1008 659 1068 iustas,
689 1007 981 1072 supplicum
993 1021 1176 1072 preces
1194 1008 1400 1069 audiri,
1431 1020 1594 1075 neque
1615 1021 1791 1076 quem-

185 1095 343 1148 quam
363 1082 419 1134 in
444 1077 753 1148 Capitolium
776 1081 949 1136 aliave
967 1082 1115 1134 urbis
1133 1083 1321 1149 templa
1335 1074 1625 1150 persuffere,
1656 1088 1790 1136 uteo

184 1155 417 1208 subsidio
443 1159 515 1208 ad
540 1157 746 1225 flagitia
771 1161 968 1210 utatur.
1045 1154 1279 1211 Abolitas
1308 1158 1442 1225 leqes
1469 1164 1517 1210 et
1553 1160 1790 1225 [unditus

184 1246 385 1292 versas,
418 1231 508 1284 abi
526 1234 582 1286 in
598 1235 740 1300 soro,
770 1233 827 1284 in
853 1232 1030 1284 limine
1058 1235 1265 1297 curiae,
1297 1230 1558 1286 abAnm’a
1573 1227 1787 1301 Rufina,

186 1321 343 1372 quam
361 1309 569 1374 fraudis
586 1308 680 1360 sub
700 1307 871 1360 iudice
890 1308 1264 1370 damnavisset,
1285 1309 1486 1376 probra
1502 1309 1604 1362 sibi
1623 1311 1791 1361 etmi—

185 1397 285 1433 nae
305 1383 665 1443 intendantur,
688 1397 851 1449 neque
870 1383 980 1446 ipse
1002 1384 1194 1434 audeat
1212 1385 1298 1436 ius
1315 1384 1578 1450 experiri,
1599 1384 1661 1434 ob
1677 1384 1788 1450 esli-

185 1459 319 1524 yiem
347 1457 679 1523 imperator-is
704 1457 1007 1523 oppositam.
1084 1453 1240 1509 Haud
1266 1453 1551 1513 dissimilia
1579 1453 1671 1510 alii
1687 1496 1700 1521 ‚
1742 1462 1794 1510 et

186 1528 409 1601 quidam
451 1530 701 1585 atrociora
741 1528 1274 1600 circumstrepebant3
1335 1529 1794 1601 precabanturque

188 1604 425 1663 Drusum
441 1644 455 1667 ‚
486 1606 638 1659 daret
657 1606 871 1657 ultionis
892 1607 1206 1672 exemplum,
1235 1602 1402 1659 donec
1429 1604 1647 1661 accitam
1668 1621 1795 1661 con-

189 1679 497 1750 victamque
515 1677 723 1731 attineri
744 1674 959 1749 publica
980 1678 1218 1735 custodia
1237 1678 1414 1737 iussit.

303 1753 387 1806 37.
428 1752 497 1805 Et
516 1750 801 1808 Considius
821 1751 1064 1826 Aequus,
1089 1762 1139 1809 et
1158 1752 1369 1811 Coelius
1391 1754 1588 1815 Cursor
1602 1796 1616 1821 ,
1639 1756 1795 1828 equi-

192 1835 271 1881 tes
309 1826 463 1883 Rom.
506 1827 651 1899 quod
689 1827 824 1883 lictis
862 1829 1154 1885 maiestatis
1197 1830 1516 1887 criminibus
1555 1831 1792 1906 Magium

193 1899 554 1956 Caecilianum
576 1909 867 1973 praetorem
886 1904 1218 1976 petivissent,
1243 1914 1453 1963 auctore
1470 1906 1716 1979 principe
1734 1924 1796 1961 ac

192 1976 402 2049 decreto
440 1984 655 2031 senatus
691 1978 889 2049 puniti.
966 1980 1268 2054 Utrumque
1304 1982 1362 2037 in
1393 1979 1606 2037 laudem
1633 1982 1794 2037 Drusi

192 2050 527 2107 trahebatur:
569 2053 636 2105 ab
656 2069 714 2106 eo
726 2093 741 2115 ,
765 2056 822 2107 in
841 2056 989 2119 urbe,
1011 2060 1150 2111 inter
1171 2065 1341 2111 coetus
1360 2065 1407 2111 et
1427 2073 1686 2113 sermones
1704 2060 1797 2112 ho·

190 2131 389 2182 minum
416 2130 738 2191 obversante,
767 2136 967 2183 secreta
976 2133 1154 2199 patris
1176 2135 1428 2201 mitigari.
1504 2131 1692 2205 Neque
1713 2131 1796 2187 lu-

192 2220 299 2258 xus
319 2202 376 2257 in
395 2202 591 2257 iuvene
610 2201 739 2258 adeo
756 2200 1091 2275 displicebat.
1167 2206 1284 2261 Hac
1297 2210 1474 2275 potius
1494 2210 1794 2271 intenderet,

146 2282 153 2288 '
192 2282 328 2333 diem
347 2280 680 2342 editionibus,
700 2286 899 2333 noctem
922 2284 1172 2336 conviviis
1191 2284 1434 2345 traheret,
1465 2299 1620 2352 quam
1637 2285 1796 2345 solus,

194 2361 243 2407 et
266 2354 428 2409 nullis
444 2355 797 2422 voluptatibus
813 2363 1090 2421 avocatus,
1121 2365 1369 2413 maestam
1397 2360 1725 2427 viqilantiam
1751 2366 1800 2412 et

193 2430 366 2483 malas
386 2445 543 2483 curas
562 2437 841 2486 exerceret.
928 2486 935 2493 ‚

306 2504 390 2558 38.
432 2502 550 2557 Non
588 2503 731 2558 enim
763 2503 1009 2560 Tiberius
1024 2546 1039 2571 ‚
1083 2522 1190 2562 non
1230 2514 1557 2562 accusatores
1593 2506 1802 2563 fatisce-

194 2576 341 2632 bant.
421 2576 489 2632 Et
516 2576 818 2634 Ancharius
846 2578 1062 2636 Priscus
1093 2580 1338 2637 Caesium
1374 2581 1636 2649 Cordum,
1677 2599 1803 2656 pro·-

197 2651 471 2708 consulem
493 2650 692 2721 Cretae,
704 2654 1064 2727 postulaverat
1083 2655 1417 2728 repetundis;
1441 2656 1616 2714 addito
1636 2659 1804 2715 maie-

199 2726 347 2786 statis
375 2729 625 2799 crimine,
658 2729 803 2809 quod
833 2741 949 2789 tum
974 2731 1222 2791 omnium
1242 2732 1637 2793 accusationum
1657 2751 1806 2793 com-
