2081 3038
182 265 238 306 Α.
262 266 311 306 c.
335 245 429 324 21.)
588 257 747 306 mn.
787 257 891 305 ιιι.
934 259 1038 304 ω
1061 259 1114 306 1³.
1155 259 1396 308 44—46.
1695 251 1795 310 ⁴25

178 357 338 430 sore?
372 359 655 415 Exslttisee
692 363 900 414 tandem
934 363 1104 423 virae,
1145 365 1237 428 qui
1273 370 1514 417 cruentae
1551 364 1797 432 epistolas

180 439 352 490 armis
372 437 677 490 cohiberent.
726 434 977 490 Miseram
991 451 1178 502 pacem
1193 438 1274 489 vel
1295 439 1424 490 bello
1442 441 1562 492 bene
1580 443 1793 493 mutari.

183 509 354 565 Tanto
372 509 677 581 imwnsius
696 509 755 564 in
775 509 1113 566 securitatem
1134 510 1479 582 compositus,
1493 529 1668 585 neque
1683 511 1797 570 loco

180 583 1791 736 5ᾌῖῧέζὲἱῖἷέἰέἽέἔοῖᾖῖἱὲἓέἷι“ἒὸἕῗέξέἒὲἒοῗῖ’ωθῗξὲ’

668 700 681 726 2
1135 701 1150 726 v
1769 693 1798 704 '⁸

182 735 255 790 tis
280 732 500 791 leviora.

302 811 387 866 45.
428 809 649 866 Interim
676 808 871 876 Silius,
904 827 1031 865 cum
1061 810 1365 885 legionibus
1399 810 1612 867 duabus
1653 811 1798 867 ince-

181 882 320 940 dens
333 925 348 949 ,
386 886 680 957 praemissa
709 884 959 942 auxiliari
986 903 1154 942 manu
1169 927 1183 952 ,
1229 894 1398 943 vastat
1425 885 1797 959 Sequanorum

184 975 352 1032 pagos
366 1000 381 1025 ,
400 960 500 1033 qui
519 959 713 1017 finium
735 961 957 1018 extremi
974 1004 988 1027 ‚
1010 969 1062 1018 et
1079 961 1284 1020 Aeduis
1303 962 1620 1018 contermini
1638 963 1800 1020 socii-

182 1051 294 1107 que
309 1076 324 1100 ,
354 1035 413 1092 in
441 1037 609 1092 armis
634 1044 801 1094 erant.
880 1036 1005 1094 Mox
1033 1036 1488 1112 Augustodunum
1521 1039 1651 1110 petit
1674 1055 1801 1110 pro-

179 1126 313 1182 pero
328 1111 572 1186 agmine,
604 1111 931 1168 certantibus
958 1112 1097 1168 inter
1122 1129 1182 1168 se
1205 1113 1480 1188 signiferis
1496 1154 1509 1180 ,
1541 1113 1802 1170 fremente

180 1186 345 1248 etium
371 1187 616 1261 gregario
642 1187 842 1244 milite:
885 1205 949 1243 ne
980 1197 1186 1244 suetam
1222 1195 1478 1259 requiem,
1519 1207 1584 1244 ne
1621 1195 1797 1260 spatia

180 1265 414 1316 noctium
441 1267 797 1333 opperit-elam
836 1267 1072 1319 viderent
1097 1268 1248 1319 modo
1274 1269 1522 1322 adversos
1547 1274 1596 1320 el
1615 1271 1797 1334 adspi-

184 1345 455 1393 ceremur.-
496 1342 553 1393 id
588 1342 722 1394 calis
758 1342 832 1396 ad
868 1343 1161 1394 victoriam.
1240 1339 1627 1403 Duodecimum
1651 1339 1794 1412 apud

184 1410 419 1484 lapidem
439 1410 682 1470 Sacrovir
700 1413 992 1486 copiaeque
1010 1415 1318 1485 patentibus
1334 1413 1466 1470 locis
1484 1414 1794 1486 adparuere.

184 1487 247 1545 ln
274 1485 443 1545 fronte
461 1495 716 1544 statuerat
732 1486 952 1545 ferratos
968 1530 983 1554 ‚
1002 1489 1064 1543 in
1083 1489 1339 1545 cornibus
1357 1488 1618 1556 cohortes,
1641 1507 1672 1546 a
1694 1499 1799 1547 ter-

182 1580 254 1638 go
272 1580 588 1619 semermos.
666 1563 789 1635 Ipse
806 1563 947 1619 inter
962 1564 1226 1635 primores
1247 1581 1389 1637 equo
1405 1564 1609 1639 insigni
1629 1563 1795 1632 adire,

187 1654 485 1694 memorare
512 1646 707 1695 veteres
737 1637 1010 1694 Gallorum
1036 1641 1262 1709 gloriae,
1295 1656 1528 1710 quaeque
1555 1641 1801 1697 Romanis

184 1717 411 1769 adversa
449 1715 773 1769 intulissent:
808 1732 969 1784 quam
1003 1718 1196 1771 deeora
1232 1718 1517 1773 viclombue
1555 1718 1799 1773 libertas:

186 1796 385 1859 quanto
408 1789 774 1844 intolerantior
790 1796 1014 1845 servitus
1032 1795 1223 1846 iterum
1245 1796 1420 1847 violis.

304 1865 389 1918 46.
431 1863 550 1919 Non
566 1863 665 1919 diu
684 1864 833 1932 haec,
856 1883 955 1921 nec
972 1866 1120 1938 apud
1140 1865 1328 1923 laetos:
1361 1868 1557 1923 etenim
1579 1868 1801 1941 propin-

187 1937 391 2011 quabat
415 1936 689 2013 legionum
708 1940 859 1995 acies
876 1960 888 2007 ;
920 1941 1289 2015 inconditique
1309 1960 1370 1997 ac
1389 1942 1611 1999 militiae
1631 1945 1800 1999 nescii

188 2012 447 2087 oppidani
485 2030 663 2087 neque
698 2014 871 2070 oculis
908 2034 1085 2089 neque
1123 2017 1350 2075 auribus
1377 2020 1508 2073 satis
1533 2027 1801 2090 compete-

188 2090 338 2145 bant.
416 2087 611 2145 Contra
638 2088 835 2155 Silius‚
876 2093 975 2148 etsi
1011 2102 1358 2165 praesumpta
1393 2110 1522 2165 spes
1555 2093 1799 2149 hortandi

190 2180 413 2221 caussas
430 2172 731 2232 exemerat,
760 2164 1064 2222 clamitabat
1082 2176 1286 2225 tamen:
1329 2170 1630 2224 Pudendum
1650 2174 1796 2237 ipsis,

186 2244 327 2312 quod
348 2239 753 2297 Germaniarum
771 2246 993 2299 victores
1010 2247 1288 2301 adversum
1312 2243 1510 2309 Gallos,
1536 2254 1801 2313 tamquam

187 2322 247 2372 in
264 2318 473 2381 hostem,
495 2321 825 2373 ducerentur.
912 2318 1029 2373 Una
1049 2335 1214 2388 nuper
1233 2322 1416 2375 cohors
1435 2322 1676 2375 rebellem
1700 2320 1800 2374 Tu-

186 2395 422 2456 ronium,
445 2409 553 2448 una
570 2395 663 2447 ala
688 2393 964 2449 Treverum
977 2436 991 2457 ,
1008 2412 1214 2463 paucae
1233 2398 1390 2450 huius
1409 2400 1574 2463 ipsius
1592 2398 1801 2449 eoeerci-

190 2476 275 2523 lue
292 2476 496 2523 turmae
508 2471 856 2537 profligavere
874 2468 1159 2539 Sequanos.
1241 2470 1449 2536 Quanto
1472 2473 1697 2538 pecunia
1717 2473 1802 2524 di-

192 2550 266 2599 τοι
288 2550 338 2596 et
353 2545 703 2612 voluptatibus
720 2547 1003 2613 opulentos,
1016 2554 1161 2599 lanto
1181 2550 1348 2613 maqis
1365 2547 1592 2600 imbelles
1600 2542 1801 2601 Aeduos

190 2621 424 2683 evincite,
444 2627 493 2673 et
508 2622 825 2689 suqienlibus
844 2624 1114 2675 consulite.
1191 2620 1386 2693 Ingens
1405 2618 1472 2675 ad
1490 2637 1550 2675 ea
1571 2620 1796 2679 clamor:

192 2700 247 2747 et
260 2692 605 2749 circumfudit
622 2710 809 2767 eques,
830 2693 1168 2767 frontemque
1186 2694 1390 2766 pedites
1409 2696 1680 2753 invasere:
1705 2712 1802 2753 nec

193 2775 497 2827 cunctatum
516 2770 660 2844 apud
676 2769 857 2831 latera.
900 2768 1150 2829 Paullum
1166 2786 1343 2829 morae
1360 2770 1580 2831 attulere
1597 2771 1794 2831 serrati-
