2081 3038
307 223 408 300 252
581 230 589 239 ’
869 247 1345 295 ANNALluM
1640 235 1917 311 (nuans.

419 354 470 406 4.
513 351 682 424 Igitur
699 349 948 411 Vitellius
963 392 976 416 ,
1011 350 1230 404 nomine
1256 346 1495 404 censoris
1520 345 1745 404 serviles
1766 345 1922 403 falle-

307 427 420 486 cias
445 426 700 500 obtegens
715 427 744 492 ,'
772 426 1255 500 ingruentiumque
1280 423 1707 479 dominationum
1733 422 1921 494 provi-

307 519 396 559 sor
409 523 434 568 ,2
445 519 559 574 qm
571 502 801 576 gratiam
821 500 1151 575 Agrippinae
1168 506 1379 571 pararet
1390 539 1403 564 ,
1430 497 1673 573 consiliis
1690 499 1811 554 eius
1831 498 1919 552 in-

306 577 523 650 plicari,
555 594 733 632 serere
751 577 978 632 crimina
996 577 1057 630 in
1068 574 1351 640 Silanum,
1380 575 1472 628 cui
1502 590 1633 630 sane
1656 572 1848 632 decora
1866 581 1920 628 et

306 670 504 726 procax
521 670 690 719 soror,
715 652 869 708 Iunia
889 650 1131 715 Calvina,
1154 649 1301 706 haud
1320 648 1555 704 multum
1576 655 1697 704 ante
1714 646 1921 705 Vitellii

307 746 482 784 nurus
502 726 691 786 fuerat.
771 728 908 782 Hinc
927 726 1147 782 initium
1170 725 1550 781 accusationis:
1583 721 1921 796 stati-umque

307 822 415 861 non
444 797 709 860 incestum
725 845 739 870 ,
771 801 866 858 sed
890 801 1274 861 incustoditum
1296 817 1531 868 amorem
1552 797 1618 856 ad
1638 797 1919 856 infamiam

307 879 485 935 traxit.
563 879 634 934 Et
648 877 936 952 praebebat
955 875 1147 932 Caesar
1165 893 1321 930 aures
1337 917 1351 940 ,
1382 874 1704 947 accipiendis
1730 874 1922 930 adver-

309 973 433 1010 sum
459 971 721 1028 generum
751 951 1155 1024 suspicionibus
1183 951 1397 1026 carItate
1422 949 1566 1008 filiae
1599 951 1916 1028 promptior.

309 1030 378 1084 At
397 1027 612 1084 Silanus
630 1071 643 1094 ‚
676 1029 998 1084 insidiarum
1019 1024 1235 1082 nescius
1248 1067 1262 1091 ,
1291 1043 1353 1080 ac
1373 1023 1503 1082 forte
1523 1043 1585 1082 eo
1604 1042 1744 1098 anno
1762 1029 1920 1099 prae-

307 1108 406 1169 tor,
430 1109 644 1176 repente
661 1121 757 1176 per
777 1103 1010 1158 edictum
1029 1099 1233 1157 Vitellii
1251 1099 1436 1156 ordine
1456 1101 1716 1157 senatorio
1734 1117 1922 1158 move-

307 1183 414 1244 tur,
427 1195 760 1252 quamquam
781 1177 912 1233 lecto
928 1176 1147 1258 pridemx
1160 1183 1367 1242 senatu,
1390 1174 1667 1250 lustroque
1685 1175 1917 1234 condito.

309 1251 483 1308 Simul
515 1251 837 1308 adfinitatem
859 1251 1119 1310 Claudius
1147 1251 1391 1322 diremit3
1436 1249 1763 1326 adactusque
1780 1251 1923 1308 Sila·
1998 1299 2007 1308 .

309 1346 414 1383 nus
431 1371 445 1394 ,
481 1329 688 1402 eiurare
716 1328 1119 1402 magistratum,
1152 1335 1204 1386 et
1231 1325 1477 1400 reliquus
1500 1333 1779 1402 praeturae
1802 1327 1921 1389 dies

307 1402 368 1462 in
387 1403 616 1476 Eprium
635 1403 947 1460 Marcellum
969 1401 1209 1459 conlatus
1231 1411 1329 1458 est.

417 1482 468 1535 5.
513 1478 574 1537 C.
615 1478 894 1553 Pompeio,
936 1477 1001 1547 Q.
1042 1477 1314 1536 Verannio
1346 1495 1484 1535 coss.
1525 1484 1742 1553 pactum
1781 1479 1922 1536 inter

309 1554 598 1612 Claudium
619 1564 668 1614 et
679 1554 732 1611 Ἀ
800 1555 1043 1629 Ippinam
1064 1554 1467 1611 matrimonium
1488 1552 1597 1610 iam
1616 1552 1778 1621 fama,
1803 1554 1919 1611 'iam

307 1648 488 1703 amore
507 1620 709 1687 inlicito
733 1574 1081 1687 {mabatun
1126 1630 1356 1699 necdum
1386 1628 1649 1685 celebrare
1677 1628 1920 1703 solennia

308 1706 620 1778 nuptiarum
651 1706 943 1768 audebant,
987 1703 1137 1761 nullo
1164 1704 1409 1777 exemplo
1429 1703 1695 1776 deductae,
1726 1706 1785 1761 i'n'
1824 1704 1922 1761 do·-

309 1799 463 1837 mum
482 1781 661 1851 patrui
680 1780 856 1836 fratris
875 1780 1033 1838 filiae.
1078 1779 1223 1847 Quin
1243 1787 1293 1835 et
1316 1781 1600 1847 incestum,
1619 1798 1681 1835 ac
1698 1781 1747 1836 si
1768 1788 1923 1853 sper-

308 1855 552 1921 neretur,
581 1856 652 1911 ne
669 1856 727 1911 in
746 1854 952 1915 malum
970 1854 1253 1928 publicum
1282 1854 1614 1927 erumperet,
1644 1856 1922 1911 metueba-

308 1938 415 1987 tur.
495 1931 609 1986 Nec
631 1938 752 1987 ante
777 1932 978 1987 omissa
1005 1931 1269 1987 cunctatio
1283 1972 1297 1997 ,
1329 1948 1496 2003 quam
1524 1930 1773 1989 Vitellius
1796 1933 1922 1994 nub

309 2006 516 2063 artibus
545 2006 610 2063 id
646 2006 1061 2079 perpetrandum
1098 2007 1351 2078 sumpsit.
1380 2040 1387 2054 ·
1433 2006 1923 2079 Rercunmatusque

309 2082 610 2149 Gaesarem,
632 2100 704 2138 an
717 2086 879 2138 iussis
891 2085 1092 2152 populi,
1120 2099 1194 2137 an
1213 2086 1523 2137 auctoritati
1538 2091 1750 2146 sonam
1770 2087 1923 2137 cede-

307 2156 428 2214 ret?
467 2158 564 2214 ubi
592 2156 710 2226 ille,
749 2174 912 2213 unum
947 2175 1004 2211 se
1042 2162 1236 2213 civium
1268 2167 1319 2211 et
1355 2159 1626 2213 censemus·
1658 2162 1919 2225 imum,

307 2233 608 2306 respondit,
635 2233 869 2306 opperiri
887 2233 1025 2287 intra
1044 2231 1305 2305 palatium
1326 2231 1492 2287 iubet.
1570 2233 1695 2305 Ipse
1710 2233 1929 2290 curiam

308 2308 636 2383 ingreditur,
669 2325 1051 2380 summamque
1066 2324 1237 2379 remp,
1262 2308 1349 2381 agi
1374 2307 1671 2374 obtestans,
1700 2308 1920 2371 veniam

308 2382 520 2440 dicendi
549 2392 670 2439 ante
705 2383 836 2440 alies
873 2383 1139 2455 exposcit,
1179 2381 1521 2457 orditurque:
1568 2384 1922 2453 Gravi-seimon

301 2462 566 2528 principis
585 2462 810 2529 labore-⁹,
844 2463 960 2529 quis
975 2462 1149 2512 orbem
1168 2460 1340 2513 terrae
1357 2468 1621 2528 capessat,
1648 2475 1795 2528 egere
1816 2463 1923 2515 ad·-

307 2537 588 2599 mealia,
610 2543 670 2590 ut
687 2539 966 2590 domestica
987 2551 1119 2588 eura
1136 2550 1358 2603 vacuum,
1372 2539 1433 2589 in
1451 2550 1715 2589 commune
1730 2550 1923 2589 consu-⁶

310 2611 404 2662 lat.
485 2610 642 2677 Quod
655 2628 820 2679 porro
843 2613 1105 2665 honestius
1144 2614 1409 2665 consonae
1444 2613 1629 2665 mentis
1664 2612 1920 2675 hoamen,

311 2696 470 2749 quam
493 2688 764 2740 adsumere
793 2690 1080 2755 coniugem,
1106 2689 1373 2753 prosperis
1398 2686 1667 2755 dubiisque
1688 2689 1923 2742 sociam:

313 2758 400 2812 cui
419 2762 751 2829 coqitationes
769 2764 982 2817 intimas
995 2801 1008 2827 ,
1045 2765 1131 2815 cui
1142 2775 1340 2830 parvos
1361 2764 1547 2817 liberos
1572 2762 1751 2816 tradat
1764 2800 1784 2829 ,
1812 2776 1925 2818 non
