2081 3038
146 223 383 298 A.c.⁷1.)
561 229 722 278 Lm.
760 228 824 278 v.
865 230 1046 281 cAP.
1088 229 1302 276 e-.-11.
1640 221 1741 278 235

147 343 344 390 motum
384 331 626 388 Caesaris
663 349 810 388 mors
847 331 1083 388 diremit.
1163 329 1440 395 Claudius,
1476 329 1745 386 defunctis

149 411 362 484 regibus
381 416 472 463 aut
492 406 560 462 ad
578 406 852 463 modicum
873 403 1119 472 redactis,
1143 403 1391 461 Iudaeam
1411 407 1743 478 provinciam

145 485 414 557 equitibus
455 484 708 538 Romanis
747 490 838 538 aut
877 481 1083 538 libertis
1120 481 1383 554 permisit.
1460 481 1504 536 E
1540 482 1745 554 quihus

145 561 405 616 Antonius
431 557 584 614 Felix
615 573 709 630 per
738 575 954 616 omnem
975 557 1253 614 saevitiam
1276 573 1336 611 ac
1358 555 1635 612 libidinem
1658 557 1744 614 ius

147 635 351 710 regium
369 633 554 689 servili
575 634 790 708 ingenio
819 633 1076 697 exercuit,
1098 629 1350 697 Drusilla,
1375 629 1676 703 Cleopatrae
1696 639 1748 686 et

146 711 358 766 Antonii
391 718 566 781 nepte,
607 709 663 764 in
704 708 1107 764 matrimonium
1134 715 1373 780 accepta:
1416 713 1478 760 ut
1504 705 1747 760 eiusdem

149 787 359 842 Antonii
378 786 531 840 Felix
549 801 827 858 progener,
855 782 1115 839 Claudius
1132 799 1297 854 nepos
1316 789 1475 837 esset.

256 865 338 916 ⁴0.
380 861 601 917 Duravit
620 869 798 916 tamen
825 860 1077 931 patientia
1097 858 1307 914 Iudaeis
1328 873 1503 929 usque
1522 855 1589 912 ad
1614 855 1749 911 Ges-

146 938 288 994 sium
326 934 544 994 Florum
582 942 996 1008 procuratorem.
1074 933 1189 990 Sub
1217 950 1281 990 eo
1318 932 1521 989 bellum
1547 939 1745 986 ortum.

146 1014 211 1068 Et
247 1012 597 1085 comprimere
634 1017 959 1084 coeptantem
997 1007 1237 1067 Cestium
1278 1007 1517 1074 Gallum,
1562 1005 1750 1082 Syriae

146 1089 398 1162 legatum,
440 1088 587 1145 varia
625 1086 824 1159 proelia
859 1103 921 1142 ac
959 1086 1179 1160 saepius
1213 1085 1435 1142 adversa
1472 1099 1744 1156 excepere.

146 1162 249 1230 Qui
274 1164 370 1222 ubi
390 1162 514 1229 fate,
545 1170 637 1220 aut
663 1162 835 1220 taedio
861 1161 1071 1228 occidit,
1104 1162 1279 1218 missu
1300 1161 1526 1217 Neronis
1545 1159 1750 1232 Vespa-

144 1239 329 1294 sianus
348 1238 556 1296 fortuna
576 1237 824 1311 famaque
843 1245 894 1294 et
913 1238 1145 1312 egregiis
1163 1236 1599 1302 ministris,intra
1611 1235 1747 1290 duas

145 1323 385 1379 aestateS,
409 1321 598 1370 cuncta
618 1331 930 1385 camporum
950 1329 1269 1384 omnesque,
1283 1320 1487 1386 praeter
1504 1312 1751 1366 Hieroso—

145 1389 310 1477 lyma,
333 1389 516 1453 urbes,
529 1388 725 1443 victore
744 1388 980 1444 exercitu
998 1387 1225 1442 tenebat.
1268 1387 1553 1442 Proximus
1573 1403 1749 1441 annus

143 1461 294 1521 c1vili
321 1461 460 1518 bello
486 1463 744 1530 intentus,
784 1468 1050 1535 quantum
1081 1461 1150 1516 ad
1175 1461 1417 1528 ludaeos,
1459 1477 1555 1533 per
1578 1460 1749 1515 otium

147 1537 370 1595 transiit.
448 1538 581 1595 Pace
607 1550 704 1609 per
731 1538 936 1594 Italiam
960 1544 1132 1609 parta,
1155 1543 1207 1591 et
1225 1546 1473 1592 externae
1491 1552 1647 1591 curae
1667 1553 1752 1591 re-

144 1615 309 1670 diere.
387 1612 630 1687 Augebat
656 1614 785 1679 iras,
825 1612 972 1685 quod
990 1611 1093 1669 soli
1113 1610 1293 1668 Iudaei
1317 1629 1425 1668 non
1442 1612 1747 1667 cessissent.

145 1688 323 1746 Simul
343 1705 558 1745 manere
575 1688 719 1760 apud
746 1690 1011 1745 exercitus
1030 1688 1233 1754 Titum,
1256 1686 1332 1743 ad.
1342 1704 1530 1743 omnes
1548 1682 1752 1759 princi-

141 1773 303 1839 patus
333 1764 460 1821 novi
489 1772 711 1820 eventus
739 1782 966 1821 casusve
987 1763 1179 1821 utilius
1205 1762 1505 1820 videbatur.
1582 1763 1751 1837 Igitur

143 1840 354 1906 castris,
383 1840 462 1894 uti
481 1838 741 1907 diximus,
772 1846 894 1895 ante
918 1840 1128 1897 moenia
1145 1836 1635 1913 Hierosolymorum
1656 1855 1753 1910 po-

141 1917 286 1982 sitis,
310 1917 596 1971 instructas
616 1914 850 1989 legiones
867 1916 1167 1973 ostentavit.

260 1995 343 2047 Η.
385 1988 567 2047 Iudaei
595 1990 700 2045 sub
726 1992 874 2062 ipsos
901 2008 1089 2047 muros
1116 1998 1358 2047 struxere
1376 1988 1565 2055 aciem,
1588 1988 1751 2043 rebus

143 2066 400 2125 secundis
429 2066 644 2140 longius
662 2067 872 2132 ausuri,
902 2074 972 2133 et,
995 2067 1043 2123 si
1063 2065 1409 2139 pellerentur,
1432 2071 1613 2137 parato
1629 2081 1753 2136 per-

142 2142 314 2218 fugio.
393 2143 596 2199 Missus
617 2142 676 2198 in
704 2160 794 2199 eos
823 2157 989 2215 eques
1011 2159 1139 2197 cum
1165 2142 1425 2215 expeditis
1446 2139 1753 2195 cohortibus

143 2219 402 2293 ambigue
419 2219 656 2274 certavit.
734 2219 860 2275 Mox
878 2234 1087 2273 cessere
1106 2218 1305 2283 hostes,
1328 2224 1380 2272 et
1399 2214 1751 2288 sequentihus

141 2294 340 2353 diebus
368 2294 550 2349 crebra
577 2309 674 2365 pro
699 2294 866 2366 portis
887 2293 1089 2365 proelia
1108 2294 1379 2350 serebant:
1423 2291 1589 2347 donec
1608 2288 1753 2345 adsi-

142 2368 274 2425 duis
293 2369 506 2425 damnis
526 2369 662 2423 intra
683 2370 892 2425 moenia
908 2368 1251 2442 pellerentur.
1326 2366 1552 2423 Romani
1572 2366 1639 2421 ad
1655 2383 1753 2437 op-

140 2445 501 2519 pugnandum
541 2444 701 2499 versi.
780 2444 969 2517 Neque
1005 2444 1150 2500 enim
1188 2444 1417 2519 dignum
1452 2441 1748 2505 videbatur,

143 2518 345 2575 famem
375 2519 610 2577 hostium
639 2520 901 2591 opperiri:
943 2520 1341 2594 poscebantque
1362 2515 1602 2590 pericula
1626 2533 1753 2589 pars

141 2596 364 2660 virtute,
409 2594 564 2650 multi
592 2593 782 2651 ferocia
813 2602 864 2650 et
889 2596 1143 2670 cupidine
1180 2596 1563 2669 praemiorum.
1642 2592 1752 2664 Ipsi

141 2669 267 2725 Tito
305 2670 470 2725 Roma
509 2678 560 2725 et
599 2687 726 2743 opes
755 2668 1163 2745 voluptatesque
1188 2679 1311 2727 ante
1338 2668 1547 2729 oculos:
1590 2686 1672 2734 ac,
1696 2668 1755 2722 ni

139 2745 330 2801 statim
368 2745 732 2821 Hierosolyma
769 2746 1132 2816 conciderent,
1180 2748 1376 2806 morari
1412 2744 1749 2805 videbantur.
