2081 3038
272 220 370 275 354
831 224 1313 271 ANNALmM
1598 217 1869 291 (mansis.

269 334 406 383 dum.
487 327 548 382 St·
575 331 858 396 samaqima
876 328 1067 381 milites
1082 323 1175 398 (tot
1196 326 1340 381 enim
1361 324 1730 399 adveniebant)
1742 344 1877 397 pro-

264 407 481 473 pulisset
490 422 508 469 ,·
547 406 670 456 dum
688 406 915 471 refertur
933 406 1149 457 nuntius
1168 402 1380 465 Neroni,
1411 406 1534 455 dum
1557 418 1745 457 manus
1762 406 1879 458 alia

266 486 512 546 permeat,
533 479 699 530 inulta
719 486 979 539 secutura,
993 493 1129 544 quae
1146 479 1218 528 ad
1233 492 1395 549 usque
1414 479 1600 530 bellum
1619 480 1889 533 evalesce-'

267 561 398 607 rent.
477 553 708 621 Denique
733 560 828 605 aut
854 554 1074 605 salutem
1102 554 1201 604 tali
1220 554 1436 605 consilio
1454 556 1656 621 quaeri,
1676 560 1773 607 aut
1788 556 1879 607 ni-

269 630 347 683 hil
366 631 582 697 ¹qram'tas
601 630 830 689 audenti,
853 639 1010 694 quam
1029 630 1237 693 iynavo,
1255 628 1559 693 patiendum
1576 642 1698 681 esse.

379 706 465 758 59.
499 700 603 757 Sed
621 700 869 755 Plautum
891 716 950 753 ea
972 714 1078 753 non
1098 716 1331 765 movere,
1354 700 1471 755 sive
1488 700 1693 756 nullam
1714 718 1877 773 opem

267 776 578 851 providebat
601 776 840 831 'inermis
877 782 1039 847 atque
1055 773 1231 835 exsul,
1264 791 1361 829 seu
1389 775 1561 831 taedio
1588 776 1879 849 ambiguae

268 854 405 926 spei,
428 870 496 907 an
514 868 692 906 amore
711 851 956 923 coniugis
977 858 1029 903 et
1049 849 1359 915 liberorum,
1371 850 1575 922 quibus
1594 850 1878 923 placabili-

267 947 413 985 orem
435 927 545 983 fore
565 924 865 999 principem
885 922 1120 990 rebatur,
1145 924 1293 979 nulla
1313 924 1673 981 sollicitudine
1690 926 1880 982 turba·-

268 1014 404 1060 tum.
484 1000 639 1066 Sunt,
673 1002 769 1073 qui
800 1000 932 1055 alios
956 1016 986 1053 a
1013 1016 1195 1054 socero
1212 1001 1427 1056 nuntios
1447 1002 1660 1056 venisse
1680 1000 1873 1067 ferant,

267 1088 544 1151 tamquam
574 1076 708 1131 nihil
733 1082 882 1130 atrox
900 1075 1211 1143 inmineret3
1254 1074 1599 1149 doctoresque
1618 1077 1878 1149 sapienti-

269 1172 348 1219 ae,
382 1152 679 1208 Coeranum
707 1150 894 1205 Graeci
910 1191 923 1215 ,
954 1150 1266 1205 Musonium
1296 1151 1456 1206 Tusci
1482 1153 1715 1225 generis,
1746 1166 1881 1209 oon-

268 1229 517 1285 stantiam
547 1226 900 1299 opperiendae
929 1224 1135 1289 mortis,
1167 1240 1265 1296 pro
1282 1226 1481 1281 incerta
1500 1234 1551 1281 et
1568 1227 1773 1299 trepida
1790 1229 1879 1283 vi·-

268 1314 340 1371 ta,
363 1304 617 1359 suasisse.
684 1302 944 1373 Repertus
965 1308 1045 1355 est
1064 1308 1221 1365 certe,
1243 1318 1339 1373 per
1358 1301 1598 1357 medium
1617 1302 1745 1368 diei,
1770 1318 1878 1359 nu-

268 1381 372 1435 dus
399 1378 734 1435 exercitando
762 1377 987 1449 corpori.
1069 1374 1251 1431 Talem
1278 1394 1406 1432 eum
1433 1378 1675 1433 centurio
1710 1380 1877 1434 truci-

268 1457 434 1522 davit,
466 1470 640 1511 coram
671 1451 930 1528 Pelagone
959 1452 1213 1526 spadone,
1236 1468 1399 1526 quem
1420 1452 1561 1508 Nero
1577 1454 1878 1510 centurioni

270 1541 321 1588 et
367 1531 644 1604 manipulo
658 1573 670 1595 ,
717 1529 876 1602 quasi
924 1528 1244 1584 satellitibus
1292 1529 1601 1585 ministrum
1640 1524 1875 1604 regium,

269 1614 662 1680 praeposuerat.
741 1604 914 1676 Caput
932 1603 1193 1659 interfecti
1212 1603 1465 1660 relatum:
1508 1605 1666 1660 cuius
1684 1605 1877 1679 adspe-

257 1691 377 1757 ctu,
410 1681 544 1754 (ipsa
567 1681 827 1752 principis
847 1679 1009 1734 verba
1030 1678 1275 1752 referam)
1308 1680 1463 1746 Quin,
1491 1681 1690 1753 inquit,
1714 1679 1874 1746 Nero,

265 1762 496 1825 'dopo-sito
533 1765 686 1819 metu,
727 1760 941 1823 nuptias
969 1756 1252 1822 Poppaeae,
1284 1758 1347 1809 ob
1371 1760 1622 1810 eiusmodi
1650 1765 1880 1812 terrores

267 1836 480 1895 dilatas,
511 1839 782 1885 maturare
798 1845 977 1898 paras,
1011 1829 1383 1900 Octaviamque
1406 1835 1669 1901 com'uyem
1686 1835 1880 1887 amoti-

269 1913 321 1962 ri
333 1927 350 1972 ;
390 1911 627 1976 quamvis
665 1909 886 1960 modesto
923 1914 1066 1974 ἀραὶ,
1108 1913 1157 1959 et
1183 1911 1387 1960 nomine
1409 1909 1584 1974 patris
1610 1915 1659 1965 et
1688 1911 1879 1962 studiis

267 1985 448 2052 populi
465 1979 714 2050 ‚qv-avem?
749 1978 854 2034 Sed
872 1979 941 2034 ad
959 1987 1203 2035 senatum
1224 1979 1423 2036 litteras
1442 1982 1609 2047 misit,
1632 1981 1701 2036 de
1718 1982 1879 2038 caede

269 2058 448 2114 Sullae
467 2053 750 2128 Plautique
769 2055 915 2110 haud
934 2055 1230 2121 confessus,
1260 2073 1449 2111 verum
1467 2055 1739 2128 utriusque
1760 2067 1878 2112 tur-

271 2139 445 2189 bidum
473 2136 734 2202 inqenium
762 2148 886 2196 esse,
919 2140 968 2184 et
986 2134 1089 2185 sibi
1114 2134 1519 2186 incolumitatem
1536 2135 1664 2201 reip.
1685 2147 1879 2202 maqna

272 2227 403 2264 cura
422 2211 616 2262 haberi.
671 2207 918 2261 Decretae
935 2221 997 2261 eo
1016 2205 1233 2262 nomine
1251 2206 1685 2278 supplicationes,
1708 2213 1879 2280 utque

269 2282 420 2340 Sulla
440 2289 491 2338 et
510 2281 730 2337 Plautus
750 2288 936 2336 senatu
957 2289 1316 2347 moverentur,
1339 2283 1679 2356 gravioribus
1696 2291 1875 2338 tamen

271 2358 541 2422 ludibriis„
565 2373 730 2429 quam
748 2356 923 2411 malis.

381 2437 466 2488 60.
501 2433 668 2507 {gitur
685 2442 896 2504 accepto
915 2440 1129 2503 patrum
1150 2433 1408 2498 consulto,
1437 2439 1722 2506 postquam
1742 2451 1882 2488 cun-

272 2517 354 2564 cta
374 2508 635 2564 scelerum
657 2525 879 2564 sucrum
899 2525 996 2580 pro
1014 2508 1244 2582 egregiis
1264 2509 1431 2579 accipi
1454 2508 1617 2573 videt,
1630 2509 1883 2565 exturbat

273 2583 568 2647 Octaviam,
599 2584 834 2638 sterilem
853 2583 1121 2639 dictitans.
1198 2583 1339 2640 Exin
1362 2585 1632 2654 Poppaeae
1651 2586 1879 2640 coniun-

274 2659 438 2730 gitur.
517 2659 594 2712 Ea
623 2659 718 2714 diu
747 2659 942 2731 pellex,
971 2666 1022 2713 et
1039 2657 1263 2714 adulteri
1283 2659 1528 2723 Neronis,
1552 2675 1680 2714 mox
1701 2661 1879 2714 mariti

275 2739 482 2804 potens,
515 2733 784 2804 quendam
818 2751 882 2788 ex
915 2733 1178 2788 ministris
1198 2731 1445 2788 Octaviae
1464 2733 1681 2806 inpulit,
1710 2737 1881 2790 servi-
