2081 3038
282 221 380 275 ⁴94
763 224 1418 275 HISTORIARUM
1601 213 1876 288 (nmen.

277 327 505 399 Usipiis,
535 328 793 383 Mattiacis
816 328 1100 394 exercitus,
1142 327 1376 381 satietate
1393 323 1638 397 praedae,
1681 340 1780 379 nec
1797 323 1882 379 in-

280 402 505 458 cruenti.
585 404 645 457 In
678 405 760 457 via
788 402 1058 473 dispersos
1099 409 1150 456 et
1177 402 1384 455 nescios
1423 398 1582 455 miles
1601 406 1778 454 noster
1797 398 1883 453 in-

280 484 503 532 vaserat.
547 476 689 543 Quin
710 486 761 532 et
782 477 995 533 loricam
1020 476 1332 548 vallumque
1349 492 1444 547 per
1461 475 1597 529 fines
1617 492 1744 529 suos
1754 474 1884 529 Tre-

280 553 393 607 veri
420 560 683 618 struxere,
717 554 1039 625 magnisque
1068 552 1298 607 invicem
1329 550 1572 605 cladibus
1600 568 1727 605 cum
1748 548 1882 605 Ger-

280 627 456 683 manis
486 627 771 693 certabant,
814 628 981 683 donec
1008 628 1218 700 egregia
1247 643 1371 700 erga
1397 624 1659 698 populum
1687 626 1882 681 Roma-

280 720 413 759 num
435 704 621 758 merita
642 720 768 758 mox
786 702 1009 757 rebelles
1029 702 1313 757 foedarent.

388 782 473 833 38.
516 779 715 833 Interea
740 778 1098 849 Vespasianus
1126 778 1318 832 iterum
1357 793 1420 831 ac
1445 776 1597 833 Titus
1634 774 1883 831 consula-

277 863 394 909 tum
422 854 667 909 absentes
686 854 948 922 inierunt;
992 862 1191 909 maesta
1213 861 1264 906 et
1282 850 1570 923 multiplici
1592 860 1736 907 metu
1757 869 1884 906 sus-

277 946 443 1001 pensa
463 929 695 994 civitate,
719 946 879 1001 quae,
900 946 1064 999 super
1080 929 1330 983 instantia
1351 928 1508 992 mala,
1537 925 1697 982 falsos
1715 944 1884 999 pavo-

276 1022 361 1059 res
393 1004 664 1060 induerat:
706 1008 981 1059 descivisse
1000 1005 1252 1074 Africam,
1279 1020 1363 1058 res
1383 1020 1546 1059 novas
1564 1006 1800 1057 moliente
1818 1003 1882 1057 L.

276 1081 474 1135 Pisone.
554 1079 604 1132 Is
623 1087 860 1149 praeerat
884 1080 1210 1150 provinciae,
1252 1094 1596 1150 nequaquam
1630 1077 1884 1132 turbidus

276 1153 520 1226 ingenio:
564 1152 677 1217 sed,
708 1154 836 1224 quia
866 1172 1029 1209 naves
1060 1155 1278 1209 saevitia
1311 1154 1504 1208 hiemis
1524 1152 1885 1226 prohibeban-

276 1236 382 1293 tur,
418 1226 639 1300 vulgus,
670 1227 919 1283 alimenta
948 1232 1003 1285 in
1024 1230 1142 1285 dies
1159 1230 1381 1283 mercari
1402 1229 1640 1294 solitum,
1663 1228 1752 1284 cui
1774 1246 1888 1283 una

276 1320 341 1357 ex
363 1302 635 1373 republica
656 1321 897 1359 annonae
916 1322 1064 1371 cura,
1079 1305 1322 1361 clausum
1347 1303 1493 1369 litus,
1507 1304 1719 1359 retineri
1733 1320 1888 1359 com-

279 1386 505 1444 meatuS,
517 1379 651 1434 dum
670 1381 840 1446 timet,
855 1380 1124 1449 credebat3
1167 1379 1488 1454 augentibus
1508 1378 1704 1435 famam
1712 1378 1885 1435 Vitel-

280 1453 454 1517 lianis,
497 1456 594 1528 qui
633 1455 877 1511 studium
916 1458 1150 1529 partium
1193 1455 1431 1510 nondum
1458 1461 1770 1528 posuerant:
1813 1472 1889 1511 ne

276 1530 571 1586 victoribus
600 1532 822 1604 quidem
856 1533 1064 1606 ingrato
1091 1549 1323 1597 rumore,
1356 1549 1590 1603 quorum
1617 1530 1888 1602 cupidita-

278 1614 377 1671 teS,
400 1609 633 1662 externis
654 1625 873 1680 quoque
892 1607 1049 1663 bellis
1072 1606 1445 1680 inexplebiles,
1470 1606 1616 1663 nulla
1636 1623 1887 1680 unquam

276 1680 455 1736 civilis
474 1683 691 1738 victoria
710 1683 941 1739 satiavit.

389 1759 473 1811 39.
498 1757 753 1814 Kalendis
774 1758 1035 1814 Ianuariis
1054 1757 1111 1811 in
1133 1764 1342 1824 senatu,
1355 1775 1518 1830 quem
1533 1756 1703 1812 Iulius
1713 1757 1888 1812 Fron-

279 1833 445 1896 tinuS‚
478 1842 684 1904 praetor
704 1835 965 1895 urbanus,
997 1841 1293 1897 vocaverat,
1328 1832 1514 1906 legatis
1533 1832 1891 1886 exercitibus-

278 1924 386 1978 que
407 1925 468 1962 ac
483 1909 703 1982 regibus
724 1908 909 1964 laudes
925 1915 1210 1982 gratesque
1227 1907 1489 1962 decretae:
1533 1916 1584 1962 et
1600 1908 1772 1962 Tertio
1791 1907 1891 1962 Iu-

278 1981 419 2039 liano
443 1993 709 2055 praetura,
742 1993 1005 2054 tamquam
1030 1988 1494 2053 transgredientem
1514 1988 1571 2036 in
1583 1991 1763 2052 partes
1789 1983 1890 2037 Ve-

274 2064 516 2127 spasiani
561 2063 807 2128 leqionem
844 2063 1176 2123 deseruisset,
1218 2058 1390 2114 ablata
1405 2099 1418 2124 ,
1460 2065 1520 2113 ut
1555 2057 1613 2112 in
1651 2054 1891 2113 Plotium

278 2133 547 2206 Griphum
570 2133 958 2190 transferretur.
1038 2135 1236 2189 Hormo
1253 2133 1487 2208 dignitas
1505 2133 1769 2206 equestris
1788 2132 1894 2188 da-

280 2217 349 2265 ta.
429 2209 497 2264 Et
534 2227 678 2276 mox,
720 2211 961 2265 eiurante
1003 2210 1278 2274 Frontino,
1318 2207 1511 2264 Caesar
1549 2209 1892 2264 Domitianus

278 2292 580 2356 praeturam
600 2287 756 2356 cepit.
790 2285 924 2340 Eius
944 2301 1136 2340 nomen
1159 2282 1398 2355 epistolis
1416 2284 1710 2356 edictisque
1729 2301 1896 2356 prae-

276 2361 591 2432 ponebatur,
618 2361 699 2414 vis
720 2377 885 2432 penes
903 2361 1212 2416 Mucianum
1239 2367 1376 2414 erat:
1419 2360 1528 2414 nisi
1547 2359 1690 2432 quod
1708 2357 1898 2430 plera-

276 2451 386 2564 gne
407 2435 759 2501 Domitiam&
783 2436 1164 2510 instigantibus
1184 2435 1393 2497 amicis,
1418 2443 1510 2489 aut
1527 2435 1739 2507 propria
1762 2434 1900 2492 libi-

316 2511 423 2573 ine,
448 2511 691 2567 audebat.
728 2510 832 2568 Sed
850 2512 1174 2584 praecipuus
1194 2511 1441 2566 Muciano
1462 2518 1636 2566 metus
1655 2527 1686 2564 e
1705 2511 1900 2570 Primo

278 2583 509 2640 Antonio
535 2586 781 2660 Varoque
808 2588 991 2643 Arrio:
1033 2603 1172 2659 quos
1201 2594 1456 2652 recentes,
1497 2585 1777 2659 clarosque
1805 2606 1906 2646 re-

280 2675 401 2710 rum
434 2657 571 2714 sama
600 2679 661 2716 ac
689 2663 924 2718 militum
951 2663 1167 2727 studiis,
1207 2662 1364 2716 etiam
1395 2661 1630 2734 populus
1655 2661 1907 2729 fovebat,

340 2732 409 2782 *ia
429 2733 487 2786 in
508 2737 778 2792 neminem
801 2737 938 2794 ultra
958 2739 1129 2793 aciem
1154 2738 1472 2795 saevierant.
1535 2737 1604 2792 Et
1622 2734 1912 2798 ferebatur
