2081 3038
773 211 816 253 1.
837 212 854 253 1
879 212 915 255 Β
937 212 978 255 E
1001 212 1047 253 R
1103 212 1253 257 ΚΝ.
1711 206 1803 261 324

205 310 472 350 conscientia
507 317 658 347 vecors
695 308 938 348 adulatione
973 310 1165 359 erigitur.
1227 310 1291 349 11.
1316 310 1489 351 Litteris
1525 312 1577 351 ad
1612 314 1811 351 senatum

204 379 388 417 matrem
414 376 546 415 etiam
571 378 670 425 post
693 376 780 415 rata
797 378 1059 416 criminatur.
1112 379 1174 417 12.
1202 377 1381 417 Senatus
1400 381 1579 429 turpIter
1596 380 1811 421 adulatur.

202 446 399 485 Thrasea
415 446 573 484 Paetus
591 444 734 485 virum
753 454 800 484 se
817 448 1019 495 praestat.
1069 444 1181 485 Nero
1200 446 1302 485 mite
1322 446 1537 493 ingenium
1557 446 1759 487 adfectat.

308 528 372 567 13.
393 526 556 567 Urbem
580 528 713 572 intrat
735 529 910 575 anxiusz
942 529 1172 569 blanditias
1191 532 1413 579 expertus,
1441 530 1485 569 in
1504 541 1651 571 omnes
1668 532 1811 571 libidi-

201 606 281 636 nes
305 606 354 635 se
380 595 584 643 effundit;
628 597 694 636 14.
721 596 1014 645 citharoedus,
1042 599 1209 646 auriga,
1236 598 1407 637 nobiles
1430 598 1485 635 ad
1509 600 1627 645 paria
1651 600 1814 647 flagitia

203 665 358 713 adigit.
425 665 488 705 15.
524 664 760 705 Iuvenalis.
823 664 934 705 Nero
969 666 1014 705 in
1050 674 1193 706 scena.
1256 662 1533 712 Augustanos
1568 667 1811 707 conscribit.

204 735 271 772 16.
293 732 495 773 Carmina
510 734 674 782 pangit.
709 733 994 781 Philosophos
1011 732 1139 772 ridet.
1184 733 1247 771 17.
1270 731 1431 774 Caedes
1449 733 1561 771 inter
1577 732 1813 774 Nucerinos

203 804 251 841 et
265 801 555 851 Pompeianos
575 802 798 841 occasione
815 800 1059 849 gladiatorii
1076 800 1325 848 spectaculi.
1362 800 1427 839 18.
1441 800 1623 841 Blaesus
1641 801 1816 841 damnar-

204 866 290 909 ω’..
324 868 480 908 strabo
494 869 749 908 absolvitur.
781 869 843 907 19.
858 868 974 909 Mors
992 856 1173 909 Domitii
1189 867 1295 915 Afri,
1310 867 1369 907 M.
1388 867 1571 909 sei-vnn.
1604 867 1815 917 sunnin-

205 934 419 985 quennale
445 935 658 974 ludicrum
682 936 856 976 Romae.
899 934 1030 975 Varia
1048 935 1101 975 de
1126 935 1390 983 ludisfama,
1420 946 1568 975 eorum
1585 937 1813 985 vituperia,

204 1001 449 1043 21.·laudes
484 1004 529 1043 et
561 1003 798 1043 excusatio.
851 1003 963 1042 Nero
995 1004 1259 1052 elequentiae
1290 1004 1443 1044 victor.
1505 1004 1569 1043 22.
1600 1004 1817 1044 Portentis

206 1072 448 1110 commotus
465 1069 706 1110 Rubellium
723 1068 923 1110 Plautum
942 1071 984 1109 in
1004 1070 1175 1109 exilium
1195 1065 1301 1118 agit.

309 1154 374 1194 28.
394 1152 579 1193 Corbulo
597 1154 843 1195 Mardorum
861 1156 1086 1195 latrocinia
1104 1154 1239 1205 punit.
1284 1156 1349 1195 24.
1368 1154 1669 1196 Percussorem
1686 1157 1811 1206 vltat,

205 1222 513 1271 Tigranocerta
538 1223 668 1272 capit.
717 1223 781 1262 25.
809 1222 1031 1273 Hyrcanos
1058 1222 1103 1261 in
1127 1223 1377 1262 societatem
1402 1224 1569 1273 recipIt.
1614 1226 1679 1265 26.
1705 1225 1814 1265 Tiri-

207 1291 354 1330 datem
389 1292 508 1331 arcet
541 1290 594 1329 ab
629 1290 854 1339 Armenia,
891 1301 1020 1341 quam
1046 1290 1179 1333 tradit
1200 1290 1390 1339 Tigrani.
1444 1288 1633 1331 Corbulo
1668 1292 1815 1343 Syriae

207 1357 470 1407 praeficitur.
515 1358 580 1399 2⁷.
605 1358 804 1407 Puteoli,
817 1358 1073 1407 Tenentum,
1092 1356 1273 1398 Antium
1290 1358 1497 1398 coioniae.
1540 1360 1607 1399 28.
1634 1358 1817 1401 Comitia

205 1424 439 1474 praetoris.
475 1422 628 1464 Vibius
647 1426 889 1467 damnatus.

309 1503 376 1544 29.
397 1499 554 1542 Clades
578 1502 842 1544 Britannica.
887 1502 1117 1544 Suetonius
1142 1502 1314 1542 Monam
1338 1500 1516 1549 invadit,
1566 1502 1631 1544 30.
1656 1502 1817 1544 incolas

207 1572 368 1612 domat.
406 1571 470 1610 81.
497 1570 629 1618 Iceni,
648 1571 865 1612 Boudicca
880 1571 1002 1619 duce,
1030 1573 1075 1610 et
1090 1570 1373 1610 Trinobantes
1390 1569 1611 1616 rebellant,
1652 1571 1719 1614 32.
1738 1569 1818 1612 Ga-

204 1639 486 1679 maiodunum
513 1641 781 1688 expugnautz
813 1639 1014 1681 Petilium
1033 1637 1241 1678 Cerialem
1268 1648 1365 1677 cum
1390 1647 1505 1678 noua
1527 1638 1694 1686 legione
1719 1639 1817 1678 fun-

207 1708 338 1752 duntz
381 1707 448 1746 83.
467 1717 494 1746 a
513 1705 716 1746 Suetonio
735 1706 952 1747 desertum
967 1707 1227 1746 Londinium
1248 1709 1290 1744 et
1306 1705 1597 1746 Verulamium
1616 1706 1812 1754 spoliant,

208 1776 326 1814 cives
345 1775 390 1814 et
408 1774 550 1812 socios
569 1775 853 1814 Romanorum
869 1775 1101 1826 trucidant.
1138 1775 1317 1814 34-37,
1336 1774 1592 1814 Boediceam
1610 1775 1817 1815 ferocien-

207 1845 297 1882 tem
317 1843 500 1890 superat
515 1841 756 1881 Suetonius.
791 1841 894 1890 Ipsa
909 1852 1075 1882 veneno
1094 1843 1226 1882 vitam
1245 1843 1350 1882 finit.
1388 1842 1569 1880 Poenius
1589 1843 1817 1882 Postumus

208 1910 354 1959 gladio
380 1919 430 1948 se
455 1909 666 1958 transigit.
711 1907 776 1949 38.
805 1908 1106 1959 classicianus,
1136 1910 1339 1950 Suetonio
1366 1909 1543 1957 discors,
1572 1921 1641 1950 res
1658 1911 1816 1951 turbat.

207 1979 274 2017 39.
309 1977 473 2017 Missus
507 1976 750 2026 Polycletus
784 1977 982 2018 hostibus
1017 1980 1086 2018 est
1126 1978 1283 2018 irrisui.
1355 1977 1559 2016 Suetonio
1594 1978 1818 2018 Petronius

207 2045 487 2095 Turpilianus
503 2055 726 2084 successor
743 2045 885 2085 datus.

310 2114 377 2152 40.
397 2113 464 2153 41.
485 2111 554 2153 Ob
579 2113 736 2152 falsum
753 2113 1059 2152 testamentum
1083 2113 1285 2152 damnati.
1330 2113 1399 2152 42.-
1422 2113 1633 2152 Pedanius
1658 2113 1819 2152 Secun-

211 2182 310 2231 dus,
337 2181 457 2222 urbis
476 2181 738 2230 praefectus,
767 2191 793 2220 a
815 2180 954 2219 servis
979 2189 1147 2220 caesus.
1189 2181 1252 2220 43.
1272 2181 1337 2230 44,
1366 2180 1416 2218 In
1434 2189 1508 2220 eos
1524 2181 1621 2228 lege
1638 2182 1708 2230 agi
1728 2182 1820 2220 vult

213 2248 262 2290 0.
281 2248 480 2296 Cassius,
509 2250 555 2288 et
594 2249 660 2288 45.
687 2251 838 2288 contra
867 2249 1047 2286 aliorum
1083 2249 1339 2288 sententiam
1376 2248 1553 2288 obtinet.
1607 2248 1818 2296 Populum

211 2317 421 2368 supplicio
446 2317 704 2357 renitentem
721 2316 833 2356 Nero
850 2315 1059 2364 increpat.
1101 2316 1167 2354 4⁶.
1194 2316 1439 2364 Tarquitius
1456 2316 1629 2356 Priscus
1648 2315 1823 2354 damna-

212 2388 296 2424 tus.
334 2383 500 2424 Census
529 2394 608 2432 per
639 2383 798 2424 Gallias
829 2387 964 2422 actus.
1019 2383 1084 2420 47.
1110 2382 1225 2422 Mors
1251 2386 1294 2421 et
1317 2383 1412 2421 laus
1438 2381 1627 2422 Memmii
1653 2383 1819 2432 Reguli.

212 2453 274 2491 48.
301 2437 514 2490 affusum
541 2453 777 2491 maiestatis
803 2450 984 2496 delatus,
1037 2450 1103 2488 49.
1130 2461 1156 2488 a
1172 2449 1359 2489 mrasea
1383 2449 1598 2490 defensus.
1652 2450 1716 2489 50.
1738 2449 1819 2489 Fa-

213 2519 370 2558 bricius
389 2517 586 2567 Veiente,
607 2520 841 2558 caiumniae
858 2527 970 2564 reus,
993 2515 1118 2558 ltalia
1135 2517 1319 2566 pellitur.
1340 2551 1345 2556 .

311 2587 377 2626 51.
396 2585 526 2626 Burri
544 2597 679 2635 mors,
705 2588 817 2634 iaus,
846 2590 1117 2624 successores
1137 2581 1269 2622 Rufus
1289 2585 1334 2622 et
1350 2583 1601 2632 Tigellinus.
1638 2585 1819 2626 52—54.

213 2653 546 2695 criminationes
573 2655 784 2694 discutere
809 2656 933 2702 parat
959 2652 1119 2690 Seneca
1146 2650 1257 2698 apud
1286 2648 1510 2691 Caesarem
1538 2657 1581 2693 et
1606 2663 1819 2694 commee-

211 2727 302 2764 tum
322 2723 445 2773 petit,
475 2724 550 2771 qui
581 2723 645 2762 55.
665 2724 730 2762 56.
749 2721 930 2761 subdole
948 2720 1193 2769 respondet.
1232 2717 1412 2757 57-59.
1431 2719 1587 2760 Rufum
1604 2717 1821 2763 imminuit

212 2791 466 2840 Tigellinus,
487 2791 642 2830 Plauto
660 2793 704 2832 et
721 2790 865 2830 Sullae
884 2790 1119 2840 periculum
1138 2788 1279 2836 struit,
1299 2797 1373 2826 eos
1392 2790 1605 2837 opprimit.

291 2845 509 2898 Tscn'us
548 2844 592 2897 l.
1356 2841 1407 2894 X
