2081 3038
275 204 337 255 to
840 208 1309 256 ANNALIUM
1593 197 1870 273 (nunes.

383 310 467 364 62.
509 306 677 379 Igitur
697 308 988 374 Romanus,
1053 308 1111 364 ui
1130 308 1326 375 aderat,
1348 308 1633 375 exercitus,
1656 317 1871 366 sextum

270 390 389 454 post
409 381 574 437 cladis
595 400 816 448 annum,
841 326 1301 457 triumciegionum
1320 400 1460 450 ossa,
1475 383 1627 441 nullo
1646 402 1873 441 noscen-

269 466 320 512 te
333 500 346 523 ‚
381 456 582 513 alienas
601 457 858 532 reliquias
877 476 944 512 an
966 474 1190 513 suorum
1209 457 1378 515 humo
1396 465 1592 533 tegeret
1606 501 1620 526 .
1660 477 1871 527 omnes,

270 540 330 588 ut
348 532 656 588 coniunctos
669 576 683 599 ,
726 541 786 588 ut
804 534 1225 608 consanguineos
1241 576 1254 599 ,
1297 542 1447 589 aucta
1465 535 1524 589 in
1542 534 1753 590 bostem
1772 536 1872 601 ira,

269 608 459 662 moesti
479 608 644 662 simul
667 607 938 663 eta‘nfensi
958 608 1269 665 condebant.
1329 609 1573 665 Primum
1592 617 1877 665 exstruen-

269 683 337 736 do
355 682 566 738 tumulo
585 685 838 757 cespitem
857 683 1051 739 Caesar
1070 682 1276 755 posuit,
1316 685 1621 759 gratissimo
1650 702 1879 740 munere

267 774 327 812 m
365 758 640 817 defunctos
656 801 670 826 ‚
712 767 764 813 et
800 758 1171 830 praesentibus
1208 758 1405 814 doloris
1441 760 1638 815 socius.
1718 759 1880 832 Quod

269 832 482 888 Tiberio
501 832 646 888 haud
663 834 945 906 probatum
961 876 974 899 ‚
998 850 1097 889 seu
1116 840 1304 889 cuncta
1328 834 1631 890 Germanici
1649 836 1710 890 in
1728 834 1880 891 dete-

269 910 386 962 rius
414 908 670 974 trahenti,
713 908 830 963 sive
859 910 1153 964 exercitum
1172 908 1407 983 imagine
1432 926 1709 965 caesorum
1728 910 1880 965 inse-

269 981 652 1056 pultorumque
680 983 943 1039 tardatum
972 984 1042 1039 ad
1072 982 1271 1056 proelia
1310 991 1362 1039 et
1400 982 1879 1041 formidolosiorem

271 1058 505 1112 hostium
526 1057 795 1113 credebatt
836 1076 998 1129 nequo
1017 1063 1403 1128 imperatorem,
1434 1069 1699 1129 auguratu
1720 1069 1769 1114 et
1786 1078 1883 1115 ve-

271 1136 568 1187 tustissimis
606 1136 937 1189 caerimoniis
965 1138 1291 1203 praeditum,
1356 1144 1638 1191 attrectare
1680 1139 1880 1205 feralia

270 1211 517 1262 debuisse.

383 1286 470 1338 63.
511 1280 616 1337 Sed
635 1281 987 1339 Germanicus
1003 1324 1016 1349 ,
1056 1283 1327 1339 cedentem
1348 1284 1405 1345 in
1426 1285 1545 1340 avia
1564 1282 1877 1339 Arminium

270 1365 514 1423 secutae,
557 1356 654 1412 ubi
672 1358 914 1430 primum
937 1358 1086 1431 copia
1109 1357 1236 1425 fuit,
1273 1359 1427 1414 evehi
1448 1360 1683 1431 equites,
1726 1376 1878 1413 cam-

271 1450 542 1507 pumque,
585 1449 750 1507 quem
769 1432 939 1489 hostis
958 1432 1251 1499 insederat,
1294 1434 1428 1505 eripi
1449 1426 1613 1489 iubet.
1693 1431 1879 1488 Armi-

271 1510 398 1566 nius
418 1507 599 1584 eollIgi
617 1526 745 1566 suos
764 1516 816 1565 et
843 1508 1204 1584 propinquare
1237 1506 1393 1565 silvis
1420 1509 1673 1574 monitos,
1716 1509 1877 1566 vertit

271 1593 513 1657 repente:
553 1603 680 1642 mox
698 1585 918 1659 signum
938 1585 1325 1657 prorumpendi
1344 1583 1488 1640 dedit
1506 1585 1573 1640 iis
1590 1626 1603 1651 ,
1626 1601 1762 1658 quos
1778 1600 1875 1654 per

271 1661 440 1715 saltus
467 1660 836 1716 occultaverat.
915 1661 1069 1715 Tune
1096 1676 1231 1714 nova
1262 1660 1373 1714 acie
1402 1659 1644 1714 turbatus
1673 1675 1871 1732 eques:

271 1737 578 1807 missaeque
597 1734 952 1789 subsidiariae
972 1735 1231 1799 cohortes,
1246 1742 1298 1788 et
1317 1733 1635 1808 fugientium
1662 1733 1876 1807 agmine

270 1808 538 1881 impulsae
552 1850 565 1875 ,
598 1816 854 1865 auxerant
873 1809 1347 1864 consternationem
1365 1828 1379 1864 z
1421 1807 1877 1880 trudebanturque

270 1887 329 1940 in
350 1883 601 1955 paludem
617 1926 630 1949 ‚
651 1901 875 1958 gnaram
895 1883 1237 1940 vincentibus
1253 1925 1266 1949 ‚
1300 1884 1545 1956 iniquam
1564 1884 1760 1938 nesciis
1774 1925 1788 1948 ‚
1819 1883 1877 1936 ni

273 1957 466 2016 Caesar
484 1957 768 2032 productas
788 1956 1020 2034 legiones
1042 1958 1405 2014 instruxisset.
1485 1958 1612 2014 Inde
1631 1957 1877 2018 hostibus

273 2044 468 2100 terror,
511 2032 706 2089 fiducia
734 2033 928 2090 militi:
971 2042 1022 2089 et
1052 2034 1304 2089 manibus
1334 2035 1520 2106 aequis
1541 2033 1871 2088 abscessum.

273 2111 398 2167 Mox
413 2153 428 2176 ‚
459 2111 674 2165 reducto
694 2107 761 2164 ad
778 2107 1043 2164 Amisiam
1062 2110 1297 2166 exercitu
1313 2151 1325 2173 ‚
1352 2109 1586 2182 legiones
1606 2109 1795 2174 classe,
1820 2116 1880 2163 ut

275 2185 582 2252 advexerat,
607 2192 859 2258 reportat:
902 2202 1028 2257 pars
1050 2184 1295 2257 equitum
1317 2183 1466 2238 litore
1486 2181 1681 2240 Oceani
1700 2190 1881 2256 petere

273 2261 523 2318 Rhenum
549 2261 727 2316 iussa:
772 2259 994 2316 Caecina
1011 2302 1024 2327 ,
1065 2259 1164 2334 qui
1193 2277 1356 2316 suum
1385 2257 1609 2313 militem
1630 2257 1877 2324 ducebat,

279 2339 514 2392 monitus
532 2376 545 2401 ,
610 2353 941 2408 quamquam
988 2335 1127 2391 notis
1179 2334 1461 2390 itineribus
1494 2331 1879 2408 regrederetur,

276 2413 465 2467 Pontes
493 2410 679 2484 longos
708 2427 874 2482 quam
903 2411 1217 2466 maturrime
1253 2426 1522 2482 superare.
1601 2407 1882 2482 Angustus

274 2487 324 2538 is
345 2493 540 2541 trames
560 2493 736 2542 vastas
756 2485 893 2542 inter
912 2484 1138 2557 paludes
1152 2526 1166 2551 ,
1200 2491 1251 2539 et
1269 2482 1541 2556 quondam
1562 2501 1593 2538 a
1612 2483 1675 2538 L.
1698 2482 1885 2536 Domi-

275 2560 349 2613 tio
368 2569 676 2632 aggeratus:
720 2569 889 2617 cetera
907 2561 1128 2627 limosa,
1170 2560 1371 2624 tenacia
1389 2560 1541 2632 gravi
1561 2575 1750 2624 coeno,
1790 2565 1886 2612 aut

277 2634 411 2687 rivis
431 2635 626 2689 incerta
648 2645 821 2705 erant3
865 2637 1071 2692 circum
1090 2634 1286 2701 silvae,
1318 2633 1596 2706 paullatim
1617 2630 1853 2688 adclives
1868 2652 1891 2708 :-

278 2724 415 2780 quas
443 2716 560 2765 tum
589 2709 868 2769 Arminius
901 2711 1177 2783 implevit,
1226 2707 1555 2781 compendiis
1593 2708 1806 2764 viarum
1833 2715 1886 2762 et

1598 2968 2025 2985 -A—bfl-—ss-b‘

2032 780 2043 1037 ἰ

2039 1040 2047 1165 5

2030 2941 2058 2971 1
