2081 3038
211 250 454 314 Δ.α.10.,
658 245 818 294 mn.
854 243 908 292 1:
938 244 1118 294 cnr.
1158 245 1241 294 es.
1281 245 1363 292 eo.
1750 239 1819 296 5ο

211 349 370 414 Nam,
413 365 482 404 ex
518 363 629 420 quo
664 345 719 401 d.
742 343 1025 418 Augustus
1063 361 1150 400 ree
1179 343 1468 403 Caesarum
1496 347 1815 418 composuit.

212 421 418 495 procul,
452 429 504 478 et
532 423 590 476 in
618 421 785 476 unius
814 419 1230 476 sollicitudinem
1255 428 1346 475 aut
1367 419 1552 482 decus,
1583 421 1818 492 populus

211 499 485 552 Romanus
505 495 811 551 bellaverat.
890 493 1004 552 Sub
1024 495 1238 550 Tiberio
1257 503 1308 549 et
1327 494 1474 560 Gaio,
1499 505 1701 552 tantum
1725 513 1820 567 pa-

213 575 291 627 cis
330 572 551 626 adversa
583 573 639 630 in
670 569 1058 642 rempublicam
1083 572 1405 641 pertinuere.
1483 569 1819 626 Scriboniani

212 655 391 713 eontra
413 645 698 702 Claudium
718 647 927 716 incepta
946 645 1114 702 simul
1135 644 1312 700 audita
1335 652 1386 698 et
1402 647 1642 699 coercita.
1681 645 1821 700 Nero

214 723 419 777 nuntiis
460 722 632 794 magis
670 728 721 775 et
759 720 1090 785 rumoribus,
1131 737 1296 792 quam
1336 721 1501 774 armis
1535 719 1815 791 depulsus.

213 799 351 852 Tum
377 796 610 870 legiones
630 794 955 868 classesque,
988 803 1059 862 et,
1087 795 1234 868 quod
1253 813 1372 865 raro
1391 795 1542 858 eliae,
1566 795 1822 867 praetori-
1844 821 1854 826 ·

212 890 349 927 anus
371 872 721 943 urbanusque
741 870 897 926 miles
918 873 975 926 in
994 871 1161 926 aciem
1183 870 1424 926 deducti:
1454 869 1647 926 Oriens
1666 869 1820 925 Occi-

212 948 455 1019 densque
482 955 534 1002 et
556 947 827 1018 quidquid
856 947 1132 1018 utrimque
1151 947 1350 1001 virium
1382 954 1480 1010 est,
1503 963 1532 1000 a
1556 954 1730 1020 tergo:
1771 946 1821 1000 si

212 1022 444 1078 ducibus
464 1022 585 1076 aliis
606 1021 861 1076 bellatum
883 1020 1033 1086 foret,
1059 1021 1215 1094 longo
1235 1019 1372 1076 bello
1391 1022 1634 1097 materia..
1710 1019 1822 1074 Fu-

194 1115 317 1164 ·ere,
350 1099 447 1175 qui
476 1097 827 1170 proficiscenti
850 1095 1047 1152 Othoni
1069 1114 1244 1154 moras
1271 1100 1671 1168 reliyionemquo
1689 1112 1822 1150 norv-

210 1178 332 1229 dum
369 1178 694 1232 conditorum
732 1175 985 1228 ancilium
1015 1171 1299 1227 adferrent.
1377 1173 1710 1243 Aspernatus
1739 1179 1819 1232 eet
1873 1219 1882 1224 -

210 1266 423 1306 omnem
446 1250 854 1312 cunctationem,
878 1256 939 1303 ut
958 1248 1155 1303 Neroni
1178 1264 1395 1320 quoque
1418 1251 1726 1306 exitiosam:
1769 1253 1819 1308 et

212 1323 455 1389 Caecina,
479 1325 586 1381 iam
607 1324 769 1395 Alpes
792 1333 1180 1408 transgressus,
1203 1322 1599 1378 exstimulabat.

320 1402 405 1454 90.
449 1399 626 1454 Pridie
656 1399 781 1454 ldus
810 1398 963 1452 Mart.
998 1396 1362 1452 commendata
1395 1398 1638 1468 patribus
1658 1414 1820 1468 repu-

210 1473 349 1530 blica
388 1473 647 1547 reliquias
677 1473 1102 1529 Neronianarum
1133 1473 1450 1537 sectionum,
1495 1473 1733 1527 nondum
1762 1473 1822 1529 in

211 1551 402 1606 fiscum
428 1566 731 1613 conversae,
745 1550 1002 1603 revocatis
1022 1546 1092 1601 ab
1111 1547 1302 1602 exsilio
1321 1550 1608 1603 concessit:
1634 1549 1822 1602 iustis·-

210 1627 413 1680 simum
434 1625 637 1679 donum
658 1632 709 1678 et
726 1625 784 1678 in
804 1626 1035 1694 speciem
1058 1622 1428 1688 manniacum,
1447 1623 1561 1694 sed,
1579 1622 1820 1679 festinata

210 1704 319 1755 iam
342 1699 550 1771 pridem
572 1700 861 1763 exactione,
896 1716 1001 1755 usu
1022 1700 1150 1752 steri
1173 1714 1220 1754 e.
1298 1698 1422 1753 Mox
1443 1708 1621 1754 vocata
1643 1699 1822 1753 conci-

209 1782 330 1838 one,
370 1779 691 1827 maiestatem
728 1776 875 1829 urbis
910 1782 959 1831 et
984 1791 1285 1830 consensum
1309 1778 1491 1843 populi
1517 1792 1582 1829 ac
1608 1784 1822 1829 senatus

207 1866 309 1917 pro
335 1865 390 1903 se
418 1847 696 1912 adtollenS,
724 1847 1011 1904 adversum
1045 1848 1354 1904 Vitellianas
1381 1858 1556 1919 partes
1587 1849 1822 1905 modeste

209 1923 492 1979 disseruit:
534 1927 798 1977 inscitiam
822 1930 996 1991 potius
1022 1926 1296 1993 leyionum,
1334 1942 1492 1993 quam
1518 1928 1818 1989 audaciam,

210 2000 515 2069 increpanS,
545 1996 695 2053 nulla
714 1997 911 2053 Vitellii
940 2002 1236 2056 mentione:
1279 2000 1397 2053 sive
1421 2000 1596 2070 ipsius
1622 2016 1682 2053 ea
1705 2016 1822 2055 mo-

208 2075 429 2137 deratio,
460 2090 558 2128 seu
584 2075 810 2145 scriptor
828 2075 1101 2143 orationis,
1125 2073 1230 2129 sibi
1253 2083 1517 2138 metuens,
1544 2083 1823 2129 contume-

212 2151 300 2204 liis
322 2151 379 2203 in
405 2147 678 2203 Vitellium
700 2150 987 2204 abstinuit:
1030 2149 1266 2221 quando,
1295 2158 1354 2204 ut
1375 2150 1432 2204 in
1455 2149 1697 2205 consiliis
1717 2148 1824 2204 mi-

211 2224 373 2289 litiae,
416 2222 668 2279 Suetonio
705 2223 947 2280 Paullino
984 2231 1036 2278 et
1065 2224 1230 2279 Mario
1258 2223 1432 2288 Celso,
1473 2226 1542 2279 ita
1572 2227 1626 2279 in
1659 2225 1820 2280 rebus

208 2299 432 2355 urbanis
452 2297 653 2355 Galerii
676 2298 921 2354 Trachali
942 2299 1160 2373 ingenio
1180 2297 1442 2355 Othonem
1473 2302 1550 2354 uti
1572 2300 1824 2354 credeba-

212 2383 328 2431 tur:
370 2383 421 2429 et
449 2382 616 2438 erant,
650 2375 747 2446 qui
773 2390 949 2448 genus
975 2375 1160 2445 ipsum
1183 2375 1366 2430 orandi
1391 2386 1683 2438 noscerent,
1707 2392 1824 2430 cre-

208 2450 307 2505 bro
327 2448 424 2505 fori
448 2466 551 2505 usu
573 2448 798 2515 celebre,
831 2457 883 2505 et
900 2449 969 2505 ad
990 2449 1271 2521 inplendas
1299 2466 1456 2505 aures
1478 2450 1642 2505 latum
1665 2461 1714 2504 et
1733 2467 1820 2506 so-

208 2542 366 2580 nans.
444 2524 657 2582 Clamor
684 2542 952 2597 vocesque
970 2524 1144 2598 vulgi,
1177 2542 1250 2581 ex·
1273 2542 1421 2581 more
1437 2525 1713 2589 adulandi,
1738 2527 1822 2583 ni-

208 2601 352 2657 miae
378 2606 431 2656 et
458 2598 639 2657 falsae.
720 2598 887 2667 Quasi
909 2600 1218 2658 dictatorem
1237 2599 1516 2657 Caesarem
1537 2611 1630 2657 aut
1649 2603 1822 2674 impe«-

208 2685 435 2731 ratorem
452 2676 760 2749 Augustum
783 2685 1252 2750 prosequerentur,
1265 2677 1337 2733 ita
1357 2677 1555 2733 studiis
1576 2678 1822 2751 votisque

208 2750 505 2809 certabant:
528 2768 627 2807 neo
646 2762 793 2809 metu
813 2760 905 2811 aut
926 2770 1124 2821 amore,
1145 2752 1242 2811 sed
1261 2770 1329 2811 ex
1347 2752 1573 2811 libidine
1591 2754 1819 2821 servitii,
