2081 3038
283 201 346 255 η
755 202 1403 256 Hls'ronunum
1610 196 1883 271 (A.u,s2s.

278 312 478 364 animos
515 307 809 375 emplorant,
851 312 976 378 quia
1016 315 1257 365 miseriae
1284 312 1593 373 tolerantur,
1634 311 1887 378 felicitate

280 389 680 453 conrumpimur.
723 384 919 449 Fidem,
945 388 1247 449 libertatem,
1271 390 1575 447 amicitiam,
1592 389 1887 452 praecipua

278 463 490 513 humani
510 464 674 512 animi
702 462 850 521 bona,
874 469 928 513 tu
955 466 1159 529 quidem
1184 466 1358 514 eadem
1380 464 1672 515 constantia
1690 465 1885 513 retine-

280 538 384 590 bis:
423 538 512 589 sed
539 537 637 587 alii
651 552 745 602 per
764 538 1059 605 obsequium
1081 540 1382 591 inminuent.
1464 538 1727 603 Inrumpet
1747 540 1885 589 adu·-

281 611 426 672 latio,
452 612 749 673 blanditiae,
771 617 1045 677 pessimum
1083 616 1196 665 veri
1224 617 1457 681 adfectus
1483 628 1743 673 venenum,
1784 628 1885 663 sua

281 692 466 755 cuique
495 688 713 739 utilitas.
792 686 900 754 qu
929 705 993 739 ac
1025 696 1079 739 tu
1107 690 1486 754 simplicissime
1514 692 1651 739 inter
1678 703 1772 739 nos
1790 688 1885 738 ho-

279 766 363 815 die
383 765 668 829 loquimur:
711 765 867 814 ceteri
887 764 1127 815 libentius
1147 780 1261 815 cum
1278 768 1493 831 fortuna
1512 770 1708 821 nostra,
1727 778 1887 829 quam

279 840 558 891 nobiscum.
638 835 775 889 Nam
791 841 1011 891 suadere
1023 841 1274 905 principi,
1305 842 1442 907 quod
1462 846 1710 904 oporteat,
1732 838 1887 889 multi

284 915 505 966 laboris:
538 914 828 965 adsentatio
848 929 974 980 erga
983 930 1333 982 quemcunque
1344 916 1638 981 principem
1654 917 1767 965 siue
1784 915 1886 965 ad-

278 991 414 1057 fectu
429 990 719 1055 perayitur.

394 1064 474 1115 ⁴6.
517 1061 691 1116 Etiam
717 1064 767 1115 si
794 1065 1079 1115 inmensum
1106 1066 1313 1130 imperii
1341 1080 1528 1130 corpus
1554 1072 1695 1117 stare
1722 1080 1785 1116 ac
1814 1066 1887 1115 li-

283 1140 430 1190 brari
454 1140 564 1190 sine
590 1144 789 1191 rectore
811 1144 998 1204 posset,
1022 1141 1211 1206 diqnus
1230 1155 1388 1201 eram,
1418 1156 1452 1193 a
1473 1155 1574 1207 quo
1592 1156 1725 1206 resp.
1748 1142 1886 1191 inci-

275 1220 448 1280 peret.-
507 1228 644 1265 nunc
674 1229 731 1265 eo
757 1215 1075 1267 necessitatis
1101 1216 1209 1267 iam
1235 1218 1435 1281 pridem
1460 1223 1667 1268 ventum
1692 1221 1783 1276 est,
1827 1221 1887 1265 ut

279 1306 371 1341 nec
391 1305 505 1341 mea
523 1295 755 1342 senectus
773 1293 1008 1356 conferre
1021 1290 1146 1356 plus
1158 1291 1351 1356 populo
1372 1290 1512 1342 Rom.
1529 1294 1711 1357 possit,
1728 1306 1887 1356 quam

282 1366 466 1417 bonum
493 1380 851 1425 successorem,
882 1381 975 1417 nec
1007 1372 1099 1417 tua
1121 1366 1245 1431 plus
1264 1368 1490 1427 iuventa,
1524 1381 1679 1433 quam
1700 1367 1891 1427 bonum

277 1444 584 1507 principem.
664 1438 771 1493 Sub
797 1440 998 1493 Tiberio
1018 1448 1067 1492 et
1092 1438 1217 1493 Caio
1242 1448 1288 1492 et
1316 1438 1534 1493 Claudio
1553 1443 1708 1493 unius
1726 1442 1889 1507 sami-

282 1518 384 1570 liae
421 1521 574 1585 quasi
611 1518 868 1570 hereditas
903 1521 1124 1584 suimus:
1166 1517 1277 1570 loco
1308 1517 1564 1570 libertatis
1591 1521 1707 1578 erit,
1750 1518 1889 1584 quod

281 1595 402 1661 eliqi
423 1596 698 1659 coepimus.
777 1591 860 1654 Et,
885 1595 1036 1659 linita
1056 1591 1313 1646 Iuliorum
1336 1589 1773 1660 Claudiorumque
1790 1594 1889 1643 do-

281 1684 378 1728 ma,
401 1670 647 1734 optimum
667 1684 914 1736 quemque
936 1671 1147 1734 adoptio
1170 1669 1408 1722 inveniet.
1486 1667 1627 1722 Nam
1643 1669 1889 1734 qenerari

281 1751 327 1795 et
355 1746 502 1795 nasci
529 1759 565 1795 a
591 1745 930 1810 principibus,
958 1747 1248 1812 fortuitum,
1273 1760 1367 1797 nec
1386 1745 1531 1796 ultra
1548 1745 1886 1796 aestimatur.-

280 1821 566 1884 adoptandi
593 1821 845 1871 iudicium
871 1821 1156 1886 inteqrum;
1194 1827 1260 1880 et,
1290 1823 1340 1872 si
1367 1820 1495 1872 velis
1522 1820 1726 1886 elmere,
1760 1833 1887 1870 con-

279 1909 430 1946 sensu
459 1901 796 1946 monstratur.
874 1891 956 1947 Sit
982 1901 1104 1946 ante
1122 1895 1297 1946 oculos
1322 1893 1479 1955 Nera,
1522 1910 1686 1962 quem,
1730 1893 1885 1959 lonqa

286 1967 568 2022 Caesarum
593 1973 728 2022 serie
758 1976 1043 2030 tumentem,
1064 1985 1169 2021 non
1198 1969 1394 2030 Vindex
1417 1984 1532 2021 cum
1552 1970 1739 2022 inermi
1755 1985 1885 2044 pros

279 2047 472 2106 vincia,
501 2051 594 2098 aut
623 2060 714 2112 eqo
743 2059 859 2096 cum
879 2060 985 2096 una
1003 2045 1214 2111 leqione,
1236 2047 1327 2097 sed
1344 2060 1441 2097 sua
1464 2047 1762 2104 inmanitas,
1785 2059 1885 2096 sua

282 2121 520 2182 lud-uria,
545 2121 828 2173 cervicibus
841 2119 1073 2185 publicis
1089 2120 1358 2187 depulere:
1396 2135 1559 2186 neque
1576 2127 1691 2172 erat
1712 2121 1883 2171 adhuc

279 2199 517 2248 damnati
529 2197 786 2262 principis
805 2195 1109 2262 exemplum.
1170 2193 1278 2248 Nos
1298 2195 1429 2248 bello
1448 2202 1493 2247 et
1514 2197 1582 2247 ab
1599 2198 1884 2247 aestiman-

281 2273 416 2323 tibus
434 2273 640 2331 adsciti,
666 2285 781 2322 cum
801 2273 1017 2332 invidia,
1044 2273 1281 2338 quamvis
1298 2274 1507 2338 eqreqii,
1531 2273 1737 2322 erimus.
1806 2269 1885 2322 Ne

283 2353 451 2397 tamen
492 2349 706 2398 territus
743 2347 921 2411 fueris,
956 2349 1005 2398 si
1029 2349 1165 2398 duae
1192 2348 1415 2414 leqiones
1442 2349 1499 2397 in
1524 2347 1619 2398 hoc
1648 2347 1886 2398 concussi

281 2422 421 2472 orbis
438 2427 574 2472 motu
594 2422 818 2472 nondum
837 2424 1119 2486 quiescunt.
1195 2420 1273 2473 Ne
1292 2425 1401 2488 ipse
1420 2423 1625 2488 quidem
1642 2423 1714 2474 ad
1731 2435 1886 2472 secu-

280 2509 374 2546 ras
392 2511 476 2548 res
495 2498 718 2548 accessi:
755 2503 826 2559 et,
847 2498 1032 2548 audita
1054 2498 1343 2562 adoptione,
1361 2498 1595 2548 desinam
1610 2498 1782 2548 videri
1800 2509 1885 2547 se-

281 2585 384 2621 nex
395 2587 413 2634 ;
454 2572 590 2637 quod
619 2586 755 2622 nunc
783 2572 910 2622 mihi
937 2585 1097 2622 unum
1116 2573 1373 2624 obiicitur.
1452 2569 1592 2624 Nero
1610 2587 1645 2623 a
1657 2573 1884 2636 pessimo

281 2658 479 2709 quoque
496 2660 695 2711 semper
710 2647 1118 2698 desiderabitur.-
1156 2647 1283 2698 mihi
1306 2661 1373 2698 ac
1395 2647 1489 2698 tibi
1506 2647 1883 2712 providendum

281 2723 371 2776 est,
395 2731 460 2768 ne
479 2722 636 2771 etiam
650 2735 687 2772 a
708 2721 852 2773 bonis
867 2722 1202 2774 desideretur.
1251 2720 1463 2774 Monere
1480 2723 1693 2784 diutius,
1719 2735 1883 2788 neque
