2081 3038
304 293 371 348 at
869 298 1334 344 ANNALIUM
1632 288 1897 362 (mmm.

220 383 227 400 ’
307 405 447 464 nata,
470 413 634 470 quam
658 402 717 456 ut
735 397 949 468 penitus
969 399 1168 454 sentire
1184 397 1501 452 crederetur.
1559 397 1902 453 paucioribus

306 473 543 528 Drusum
564 480 615 526 et
636 472 793 528 finem
817 470 1018 546 lllyrici
1038 479 1217 527 motus
1237 471 1492 538 laudavit,
1518 472 1614 529 sed
1633 472 1899 537 intentior,

304 557 356 603 et
378 547 481 602 fida
499 547 749 603 oratione.
828 545 1164 620 Cunctaque,
1196 564 1335 620 quae
1356 545 1706 604 Germanicus
1726 547 1905 604 indul-

306 630 464 688 serat,
486 622 720 678 servavit
738 621 897 678 etiam
916 622 1061 693 apud
1082 623 1410 678 Pannonicos
1431 623 1716 678 exercitus.

418 700 505 753 53.
545 696 746 754 Eodem
773 714 914 753 anno
949 697 1084 753 Iulia
1123 714 1440 769 supremum
1474 697 1617 754 diem
1637 697 1769 754 obiit
1783 739 1796 762 ,
1838 697 1906 754 ob

307 772 697 845 impudicitiam
724 771 855 828 olim
885 790 915 826 a
941 779 1091 845 patre
1109 770 1354 845 Augusto
1372 772 1679 828 Pandateria
1707 772 1904 838 insula,

308 865 435 904 mox
451 847 648 921 oppido
656 847 1042 920 Rheginorum,
1055 849 1154 920 qui
1164 845 1408 902 Siculum
1430 846 1625 902 fretum
1645 846 1904 912 accolunt,

308 923 506 979 clausa.
569 923 762 979 Fuerat
779 923 837 977 in
858 922 1196 978 matrimonio
1216 922 1434 988 Tiberii,
1457 921 1766 978 florentibus
1785 921 1910 978 Caio

308 1007 360 1052 et
379 997 544 1053 Lucio
562 996 878 1053 Caesaribus
893 1039 907 1062 ‚
931 1004 1309 1070 spreveratque
1327 1038 1341 1062 ,
1365 1007 1428 1053 ut
1444 998 1724 1069 imparem.
1803 997 1912 1052 Nec

309 1073 413 1128 alia
441 1079 548 1127 tam
577 1072 765 1127 intima
791 1071 1002 1127 Tiberio
1030 1089 1219 1128 caussa
1236 1114 1248 1138 ‚
1280 1090 1377 1127 cur
1395 1071 1643 1128 Rhodum
1662 1071 1912 1130 abscede—

312 1155 407 1202 ret.
460 1147 748 1218 Imperium
770 1146 1021 1219 adeptuS‚
1055 1155 1346 1213 extorrem,
1377 1146 1659 1214 infamem,
1694 1156 1773 1214 et,
1793 1156 1913 1220 post

310 1220 647 1277 interfectum
674 1222 987 1277 Postumum
998 1221 1312 1296 Agrippam,
1335 1222 1512 1280 omnis
1530 1223 1644 1295 spei
1667 1239 1908 1298 egenam,

312 1297 491 1368 inopia
511 1312 572 1352 ac
592 1296 710 1352 tabe
730 1296 884 1370 longa
904 1297 1149 1368 peremit,
1161 1298 1444 1354 obscuram
1465 1297 1574 1354 fore
1593 1315 1778 1354 necem
1796 1296 1914 1353 lon-

312 1373 610 1446 ginquitate
630 1369 809 1426 exsilii
831 1379 997 1427 ratus.
1078 1373 1178 1428 Par
1197 1390 1385 1429 caussa
1406 1373 1657 1431 saevitiae
1685 1374 1742 1428 iu
1762 1371 1916 1428 Sem-

313 1448 565 1519 pronium
586 1447 889 1504 Gracchum
904 1489 918 1513 ,
942 1449 1040 1521 qui
1062 1447 1264 1504 familia
1284 1447 1471 1514 nobili,
1495 1447 1680 1506 sollers
1701 1447 1916 1537 ingenio

314 1531 365 1579 et
389 1540 555 1596 prave
584 1521 875 1590 facundus,
918 1523 1141 1581 eandem
1171 1524 1364 1580 Iuliam
1395 1526 1451 1581 in
1483 1525 1819 1582 matrimomo
1837 1526 1910 1579 M.

316 1599 581 1673 Agrippae
602 1606 963 1655 temeraverat.
1043 1600 1155 1655 Nec
1173 1601 1221 1656 is
1245 1599 1457 1656 libidini
1476 1598 1627 1657 linis:
1671 1599 1916 1655 traditam

316 1674 526 1729 Tiberio
554 1674 803 1745 pervicax
831 1673 1035 1730 adulter
1063 1674 1393 1731 contumacia
1422 1683 1474 1730 et
1499 1674 1638 1731 odiis
1664 1675 1722 1729 in
1755 1674 1918 1730 mari-

316 1758 432 1803 tum
452 1746 791 1805 accendebat:
835 1747 1172 1822 litteraeque,
1201 1768 1338 1821 quas
1361 1750 1492 1806 Iulia
1521 1750 1657 1823 patri
1675 1751 1919 1823 Augusto

316 1840 442 1878 cum
464 1822 804 1879 insectatione
824 1823 1024 1879 Tiberii
1044 1824 1276 1897 scripsit,
1291 1843 1321 1880 a
1342 1824 1580 1881 Graccho
1598 1824 1922 1897 compositae

318 1897 685 1953 credebantur.
764 1897 931 1972 Igitur
959 1906 1169 1955 amotus
1196 1898 1473 1955 Cercinam
1491 1942 1504 1965 ,
1545 1898 1712 1956 Africi
1753 1899 1920 1955 maris

317 1972 1006 2045 insulam,quattuordec-im
1026 1975 1183 2030 annis
1204 1974 1456 2031 exsilium
1479 1972 1736 2032 toleravit.
1769 1976 1924 2031 Tunc

320 2047 517 2105 milites
532 2089 546 2115 ,
569 2047 637 2103 ad
656 2049 870 2105 caedem
892 2048 1079 2115 missi,
1112 2050 1362 2107 invenere
1382 2051 1439 2106 in
1458 2050 1781 2123 prominenti
1802 2048 1923 2105 lito-

319 2124 415 2190 ris,
438 2121 575 2180 nihil
598 2122 793 2179 laetum
813 2126 1193 2197 opperientem.
1263 2124 1504 2192 Quorum
1524 2125 1756 2181 adventu
1775 2128 1924 2181 breve

321 2208 516 2269 tempus
532 2198 747 2273 petivit,
770 2208 827 2254 ut
846 2217 1089 2269 suprema
1108 2204 1358 2255 mandata
1375 2204 1537 2256 umori
1555 2200 1814 2257 Alliariae
1825 2217 1927 2269 per

321 2278 525 2329 litteras
540 2277 720 2329 daret.-
746 2275 1117 2348 cervicemque
1134 2275 1541 2347 percussoribus
1560 2274 1773 2340 obtulit,
1797 2292 1928 2330 con-

320 2348 512 2405 stantia
532 2348 719 2403 mortis
739 2348 884 2404 haud
904 2350 1161 2423 indignus
1181 2348 1495 2422 Sempronio
1528 2350 1770 2420 nomine;
1816 2350 1928 2407 vita

318 2424 744 2499 degeneraverat.
822 2422 1053 2491 Quidam
1092 2442 1198 2481 non
1228 2426 1393 2481 Roma
1432 2442 1521 2481 eos
1557 2425 1756 2481 milites
1773 2467 1786 2491 ,
1831 2424 1928 2481 sed

321 2499 390 2554 ab
408 2498 470 2555 1..
494 2498 815 2573 Asprenate,
836 2499 1153 2572 proconsule
1172 2499 1398 2568 Africae,
1421 2501 1618 2558 missos
1639 2500 1924 2567 tradidere,

323 2582 535 2630 auctore
543 2573 775 2641 Tiberio,
786 2575 887 2649 qui
906 2573 1104 2632 famam
1125 2575 1302 2633 caedis
1320 2593 1478 2650 posse
1497 2576 1554 2633 in
1575 2574 1930 2651 Asprenatem

326 2649 458 2705 verti
479 2644 671 2704 frustra
691 2657 1009 2723 speraverat.

434 2724 519 2779 54.
563 2722 705 2779 Idem
728 2744 903 2783 annus
924 2745 1090 2785 novas
1109 2726 1457 2783 caerimonias
1489 2726 1717 2799 accepit,
1750 2724 1934 2783 addito

322 2796 585 2855 sodalium
607 2799 983 2871 Augustalium
998 2802 1319 2863 sacerdotio:
1361 2808 1420 2858 ut
1449 2800 1719 2875 quondam
1739 2802 1802 2858 T.
1827 2802 1936 2859 Ta-
