2081 3038
214 271 455 346 Λ.ο.14.)
651 281 809 326 L113.
850 282 887 326 1.
930 280 1114 327 cAr.
1158 281 1397 328 13—16.
1752 279 1816 334 13

214 379 513 454 Augustam
530 389 720 447 oraret,
745 383 975 454 eiusque
994 384 1351 439 curatissimis
1370 383 1623 456 precibus
1641 391 1818 458 prote-

214 463 441 510 veretur.
1287 478 1292 482 >
1840 470 1842 473 ·

213 497 247 530 ὃ
324 533 406 586 44.
448 531 614 586 Multa
642 539 854 604 patrum
886 539 935 586 et
962 533 1019 587 in
1049 531 1348 606 Augustam
1379 531 1631 590 adulatio.
1709 533 1819 590 Alii

215 608 504 671 Parentem,
528 607 621 662 alii
639 608 864 664 Matrem
876 613 1092 676 patriae
1111 605 1508 680 appellandam3
1551 608 1814 682 plerique,

215 690 271 736 ut
310 683 517 736 nomini
556 681 795 738 Caesaris
834 683 1222 738 adscriberetur
1248 683 1419 737 Iuliae
1456 687 1598 753 filius
1636 701 1818 740 cense—

216 758 357 812 bant.
402 757 521 822 Ille,
562 763 904 814 moderandos
940 764 1256 828 seminarum
1293 759 1512 814 honores
1548 758 1815 824 dictitanS,

214 837 487 902 eademque
503 849 559 888 se
580 839 921 902 temperantia
938 851 1157 889 usurum
1179 839 1236 888 in
1255 838 1338 898 iis,
1352 851 1486 902 quae
1504 837 1608 888 sibi
1625 839 1821 889 tribue-

216 917 421 973 rentur,
454 914 688 964 ceterum
709 909 905 964 anxius
922 909 1129 965 invidia
1145 951 1158 974 ,
1189 915 1242 964 et
1260 907 1524 964 muliebre
1545 908 1818 984 fastigium

216 984 267 1037 in
290 983 711 1040 deminutionem
732 985 820 1040 sui
840 983 1108 1057 accipiens
1121 1027 1134 1050 ,
1171 1003 1240 1040 ne
1268 983 1506 1040 lictorem
1527 985 1749 1058 quidem
1771 985 1820 1041 ei

212 1059 424 1114 decerni
450 1075 646 1131 passus
674 1055 779 1130 est3
822 1077 1079 1132 aramque
1107 1059 1404 1132 adoptionis
1434 1068 1485 1116 et
1503 1060 1606 1114 alia
1625 1061 1821 1116 huius-

213 1135 417 1190 cemodi
435 1135 728 1207 prohibuit.
789 1134 857 1191 At
877 1136 1193 1192 Germanico
1213 1135 1423 1192 Caesari
1447 1136 1822 1208 proconsulare

216 1209 501 1283 imperium
530 1211 746 1283 petivit:
790 1211 1058 1285 missique
1086 1210 1270 1286 legati,
1303 1211 1401 1284 qui
1421 1211 1713 1278 deferrent,
1745 1214 1821 1266 si-

216 1285 327 1342 mul
360 1287 680 1342 maestitiam
710 1287 829 1342 eius
854 1285 923 1343 ob
943 1304 1223 1343 excessum
1246 1285 1478 1362 Augusti
1500 1286 1815 1343 solarentur.

214 1363 332 1430 Quo
360 1363 545 1416 minus
571 1362 714 1417 idem
743 1379 841 1435 pro
866 1363 1039 1419 Druso
1078 1361 1462 1434 postularetur,
1506 1379 1566 1417 ea
1607 1381 1818 1428 caussa,
1887 1371 1896 1382 ·

212 1437 359 1511 quod
376 1437 688 1511 designatus
708 1437 893 1494 consul
904 1439 1113 1494 Drusus
1131 1454 1493 1511 praesensque
1512 1447 1638 1493 erat.
1683 1438 1824 1494 Can-

214 1513 420 1570 didatos
448 1522 725 1585 praeturae
751 1513 1034 1571 duodecim
1065 1513 1390 1581 nominavit,
1434 1532 1722 1569 numerum
1755 1513 1822 1568 ab

216 1590 459 1665 Augusto
480 1586 761 1646 traditum:
794 1597 874 1657 et,
897 1590 1140 1645 hortante
1157 1596 1346 1644 senatu
1360 1631 1373 1655 ,
1399 1597 1458 1644 ut
1479 1597 1713 1665 augeret,
1736 1590 1824 1644 iu-

214 1664 499 1721 reiurando
518 1664 808 1721 obstrinxit
826 1683 903 1731 se,
930 1682 1036 1721 non
1061 1682 1430 1721 excessurum.

328 1743 410 1795 ⁴5.
452 1740 593 1796 Tum
612 1742 852 1813 primum
874 1740 1116 1813 eCampo
1135 1741 1347 1797 comitia
1367 1740 1435 1796 ad
1451 1748 1628 1813 patres
1649 1748 1825 1795 trans-

214 1816 317 1872 lata
347 1824 494 1872 sunt.
572 1817 710 1871 Nam
740 1816 807 1873 ad
834 1834 951 1872 eam
979 1816 1153 1883 diem,
1187 1817 1287 1871 etsi
1305 1817 1585 1889 potissima
1606 1816 1824 1872 arbitrio

212 1892 507 1965 principiS,
560 1892 821 1965 quaedam
870 1901 1046 1947 tamen
1089 1892 1284 1948 studiis
1321 1892 1564 1947 tribuum
1605 1892 1820 1947 fiebant.

212 1969 404 2040 Neque
429 1968 664 2040 populus
694 1968 1001 2040 ademptum
1030 1969 1120 2023 ius
1147 1976 1372 2040 questus
1401 1976 1508 2033 est,
1543 1968 1647 2022 nisi
1677 1968 1824 2022 inani

212 2059 460 2099 rumore:
496 2051 546 2097 et
565 2050 782 2097 senatus
800 2085 812 2109 ,
847 2044 1220 2117 largitionibus
1243 2060 1304 2097 ac
1321 2044 1573 2115 precibus
1595 2042 1825 2097 sordidis

213 2118 492 2175 exsolutus
508 2162 520 2185 ,
554 2118 727 2174 libens
750 2120 945 2185 tenuit,
970 2119 1277 2177 moderante
1295 2117 1532 2183 Tiberio,
1557 2135 1625 2171 ne
1644 2118 1826 2189 plures

211 2212 381 2269 quam
404 2202 655 2267 quattuor
674 2193 979 2250 candidatos
1010 2193 1432 2259 commendaret,
1465 2192 1584 2247 sine
1611 2191 1826 2265 repulsa

211 2278 265 2325 et
285 2270 493 2325 ambitu
513 2269 889 2343 designandos.
953 2270 1094 2325 Inter
1113 2286 1254 2343 quae
1272 2269 1476 2326 tribuni
1495 2268 1671 2341 plebei
1693 2269 1830 2339 peti-

213 2362 342 2401 vere
356 2388 370 2412 ,
403 2354 464 2401 ut
480 2347 697 2418 proprio
716 2354 937 2419 sumptu
960 2344 1174 2401 ederent
1193 2345 1347 2401 ludos
1363 2388 1375 2411 ,
1408 2342 1592 2419 quide
1612 2344 1829 2398 nomine

210 2421 479 2496 Augusti,
530 2420 680 2475 fastis
720 2421 912 2487 additi,
955 2420 1277 2495 Augustales
1318 2427 1647 2477 vocarentur.
1727 2418 1830 2484 Sed

209 2496 423 2553 decreta
450 2497 679 2569 pecunia
706 2514 773 2552 ex
801 2497 1027 2562 aerario,
1071 2504 1239 2569 utque
1264 2514 1360 2567 per
1391 2494 1608 2551 Circum
1636 2496 1832 2550 trium-

206 2572 365 2645 phali
408 2580 555 2627 veste
592 2580 891 2629 uterentur:
936 2590 1100 2627 curru
1140 2572 1266 2627 vehi
1304 2569 1451 2625 haud
1477 2570 1826 2643 permissum.

208 2648 343 2705 Mox
363 2646 645 2703 celebratio
664 2664 843 2703 annua
864 2647 932 2703 ad
950 2656 1245 2721 praetorem
1274 2641 1525 2701 translata
1539 2686 1553 2712 ,
1585 2646 1674 2701 cui
1694 2646 1832 2699 inter

208 2726 363 2787 cives
384 2732 435 2779 et
454 2724 763 2797 peregrinos
782 2723 1083 2779 iurisdictio
1103 2722 1387 2778 evenisset.

334 2802 417 2854 46.
461 2800 559 2854 Hic
578 2816 759 2854 rerum
782 2800 1109 2855 urbanarum
1132 2805 1301 2853 status
1323 2803 1605 2862 erat,·'cum
1627 2794 1838 2849 Panno-
