2081 3038
250 269 350 328 Μ
608 319 622 330 ,
737 241 1283 326 ’ΆΝΝΑΜΠΜ
1584 263 1849 346 (auster.

251 379 572 454 sanguinem
615 377 827 451 effudit3
870 379 1243 454 aemulataque
1272 388 1352 436 est
1379 381 1615 438 coniunx
1633 381 1856 439 Paxaea.

250 458 388 512 Nam
405 463 681 529 promptas
702 456 968 513 eiusmodi
993 465 1187 514 mortes
1216 465 1392 513 metus
1412 456 1679 514 carnificis
1700 457 1857 514 facie-

251 533 378 602 bat3.
411 539 462 588 et
491 531 620 606 quia
647 531 904 600 damnati,
925 533 1214 606 publicatis
1234 533 1411 601 bonis,
1440 531 1716 606 sepultura
1736 552 1863 608 pro-

247 607 573 664 hibebantur
589 626 606 680 ς.
645 625 851 676 eorum,
875 610 972 682 qui
993 609 1061 664 de
1078 625 1137 664 se
1154 609 1473 676 statuebant,
1495 609 1861 666 humabantur

249 701 487 758 corpora,
509 683 797 740 manebant
814 691 1145 752 testamenta,
1168 685 1401 757 pretium
1421 684 1726 742 festinandi.
1756 685 1859 742 Sed

249 759 464 828 Caesar,
503 759 688 816 missis
728 759 795 816 ad
833 769 1076 817 senatum
1121 760 1329 829 litteris,
1362 761 1636 827 disseruit,
1669 780 1861 818 morem

245 841 408 908 {aisse
423 839 727 900 maioribus,
757 843 992 908 quotiens
1009 841 1315 892 dirimerent
1337 841 1617 902 amicitias,
1640 833 1862 896 interdi-

250 931 364 968 cere
382 918 548 978 domo,
573 929 787 984 eumque
805 917 958 984 finem
976 918 1183 981 qratiae
1196 930 1418 982 ponere:
1445 917 1501 967 id
1520 930 1575 967 se
1591 918 1863 982 repetivis-

248 1007 303 1044 se
338 993 396 1044 in
433 987 681 1043 Labeone.
760 987 927 1060 Atque
952 991 1118 1053 illum,
1161 993 1289 1058 quia
1305 991 1441 1044 male
1462 991 1864 1045 administratae

242 1066 550 1134 provinciae
577 1067 904 1138 aliorumque
929 1067 1209 1120 criminum
1227 1067 1527 1135 arcebatur,
1552 1067 1758 1134 culpam
1779 1069 1865 1120 in·
1922 1121 1929 1130 ,

247 1145 394 1197 vidia
419 1141 700 1194 velavisse.-
756 1146 963 1210 frustra
998 1144 1284 1196 conterrita
1319 1157 1505 1206 uxore,
1548 1157 1723 1210 quam,
1767 1147 1865 1196 etsi
1894 1207 1899 1212 ι

247 1223 528 1280 nocentem,
556 1218 789 1285 periculi
815 1225 986 1270 tamen
1018 1225 1282 1284 expertem
1306 1219 1485 1287 fuisse.
1560 1215 1863 1272 Mamercus

249 1291 376 1347 dein
402 1287 636 1346 Scaurus
665 1309 888 1348 rursum
916 1290 1237 1364 postulatur,
1268 1291 1501 1365 insignis
1523 1287 1795 1348 nobilitate
1814 1301 1864 1347 et

248 1365 466 1424 orandis
495 1367 722 1434 caussiS,
755 1369 862 1423 vita
891 1367 1228 1440 probrosus.-
1284 1365 1432 1423 Nihil
1462 1365 1610 1423 hunc
1629 1368 1863 1423 amicitia

251 1443 449 1510 Seiani,
471 1441 568 1498 sed
589 1441 830 1500 labefecit
849 1443 996 1499 haud
1020 1443 1206 1499 minus
1228 1441 1471 1500 validum
1491 1441 1558 1498 ad
1578 1443 1739 1499 exitia
1748 1443 1863 1498 Ma—

251 1519 428 1577 cronis
466 1518 674 1587 odium,
717 1519 815 1593 qui
853 1519 1068 1577 easdem
1098 1526 1236 1575 artes
1266 1516 1529 1577 occultius
1555 1517 1859 1576 exercebat:

249 1595 618 1668 detuleratque
638 1604 1017 1669 argumentum
1036 1595 1354 1671 tragoediae,
1368 1594 1605 1651 aScauro
1613 1595 1862 1667 scriptae,

251 1672 446 1728 additis
469 1671 736 1737 versibuS,
761 1673 935 1743 quiin
958 1671 1238 1727 Tiberium
1259 1670 1609 1727 flecterentur.
1660 1671 1865 1730 Verum

252 1748 320 1803 ab
347 1745 574 1803 Servilio
603 1754 656 1801 et
675 1743 938 1812 Cornelio,
969 1747 1389 1818 accusatoribuS,
1424 1744 1747 1803 adulterium
1772 1746 1869 1803 Li-

251 1825 392 1889 viae,
425 1822 702 1895 Magorum
735 1838 883 1876 sacra
909 1822 1328 1879 obiectabantur.
1408 1822 1663 1890 Scaurus,
1693 1830 1756 1877 ut
1781 1821 1868 1877 di-

251 1911 424 1973 gnum
451 1894 725 1953 veteribus
753 1896 1022 1964 Aemiliis,
1064 1897 1461 1955 damnationem
1489 1896 1692 1975 *anteit3
1740 1897 1870 1954 hor-

255 1972 592 2105 tantefSextia
612 1990 798 2041 uxore,
834 1991 974 2047 quae
992 1974 1399 2032 incitamentum
1422 1972 1609 2030 mortis
1630 1980 1681 2032 et
1698 1973 1871 2047 parti-

173 2097 182 2107 .
253 2067 312 2105 ce
351 2066 378 2105 s
419 2050 518 2107 uit.
571 2070 574 2075 ·

312 2068 349 2123 p
365 2130 448 2183 30.
493 2127 570 2181 Ac
607 2133 786 2181 tamen
825 2132 1156 2182 accusatores
1172 2168 1185 2193 ,
1234 2126 1283 2180 si
1331 2120 1554 2182 facultas
1589 2122 1865 2191 incideret,

251 2202 440 2275 poenis
470 2201 878 2259 adliciebantur:
923 2207 984 2256 ut
1009 2199 1273 2258 Servilius
1304 2200 1713 2274 Corneliusque,
1744 2217 1885 2273 per-

253 2278 363 2333 dito
407 2277 606 2333 Scauro
643 2274 862 2343 famosi,
903 2278 1034 2351 quia
1070 2277 1357 2351 pecuniam
1397 2293 1428 2332 a
1458 2276 1619 2333 Vario
1646 2276 1867 2350 Ligure,

254 2352 576 2409 omittendae
601 2348 902 2418 delationis,
943 2362 1210 2425 ceperant,
1243 2353 1301 2409 in
1330 2352 1559 2420 insulas,
1591 2351 1874 2410 interdicto

254 2429 371 2501 igni
391 2437 550 2501 atque
575 2445 736 2502 aqua,
759 2427 957 2484 demoti
976 2438 1123 2485 sunt.
1198 2428 1268 2485 Et
1287 2426 1537 2485 Abudius
1554 2428 1721 2495 Ruso,
1744 2426 1875 2485 fun-
1956 2484 1967 2497 ,

255 2513 374 2559 ctus
394 2500 676 2571 aedilitate,
699 2502 834 2559 dum
854 2503 1081 2561 Lentulo
1101 2502 1395 2573 Gaetulico,
1417 2504 1523 2561 sub
1542 2522 1652 2579 quo
1672 2504 1874 2577 legioni

255 2579 573 2649 praefuerat,
615 2578 920 2652 periculum
961 2579 1195 2648 facessit,
1235 2580 1383 2653 quod
1412 2582 1460 2637 is
1490 2579 1668 2637 Seiani
1693 2580 1875 2635 filium

255 2671 515 2727 generum
545 2655 881 2723 destinasset,
917 2656 1059 2713 ultro
1085 2658 1389 2723 damnatur,
1421 2666 1581 2730 atque
1602 2655 1737 2711 urbe
1756 2656 1879 2711 exi-

295 2730 420 2783 itur.
502 2730 811 2788 Gaetulicus
831 2750 892 2787 ea
912 2740 1221 2804 tempestate
1238 2732 1532 2804 superioris
1552 2732 1878 2788 Germaniae

281 2806 498 2878 egiones
533 2806 771 2873 curabat,
805 2809 1120 2881 mirumque
1150 2824 1385 2865 amorem
1416 2806 1701 2865 adsecutus
1730 2814 1872 2884 θήῃς
