2081 3038
257 206 351 259 418
734 211 1396 259 HIsTORIARUM
1584 204 1890 277 (muzza,

252 317 348 368 bue
370 316 622 375 adversis,
644 316 914 369 disiectam
939 314 1133 367 Vitellii
1151 316 1330 368 actm.
1405 312 1556 368 Duae
1577 321 1699 369 tunc
1717 314 1856 369 Pan-

251 392 470 443 nonicae
495 406 561 442 ac
583 388 841 443 Moesicae
866 391 985 443 alae
999 404 1286 456 perrupere
1301 390 1523 443 hostem.-
1559 406 1701 443 nunc
1722 389 1858 445 XVI

252 467 463 518 alarum
502 469 777 518 coniuncta
816 468 966 532 siqua
998 466 1158 531 pulsu
1195 468 1468 532 sonituque
1503 472 1553 517 et
1579 466 1712 518 nube
1740 469 1856 533 ipsa

254 543 481 606 operient
530 556 595 593 ac
653 542 1022 607 superfundent
1069 540 1252 591 oblitos
1291 540 1612 605 proeliorum
1663 544 1856 608 equites

254 630 522 682 equosque.
601 614 720 667 Nisi
757 618 875 683 quis
913 618 1120 676 retinet,
1171 616 1306 666 idem
1347 628 1538 667 suasor
1573 623 1856 683 auctorque

254 690 460 742 consilii
480 704 583 741 ero.
656 688 768 751 Vos,
792 690 977 757 quibus
992 692 1206 757 [ortana
1225 691 1283 741 in
1302 692 1504 756 inteyro
1521 696 1611 751 est,
1635 691 1857 757 leqiones

255 768 532 818 continete:
572 766 698 817 mihi
724 766 993 831 expeditae
1022 764 1254 815 cohortes
1278 766 1552 831 sufficient.
1609 763 1746 818 ‘Iam
1769 780 1857 817 re-

251 848 481 892 seratam
502 839 729 899 Italiam,
752 838 989 906 inpulsas
1018 836 1212 891 Vitellii
1229 854 1314 891 res
1331 840 1571 899 audietis.
1651 840 1857 891 Iuvabit

252 918 400 984 sequi
418 922 467 967 et
484 917 717 982 vestigiis
738 916 989 967 vincentis
1014 915 1266 965 insistere.

364 1026 414 1076 3.
456 1021 595 1075 Haec
614 1028 771 1091 atque
792 1017 933 1085 talia,
956 1018 1185 1094 flagrans
1205 1019 1394 1085 mulie,
1418 1022 1554 1074 truci
1579 1036 1722 1085 voce,
1745 1036 1868 1093 quo·

256 1095 414 1153 latius
432 1095 724 1160 audiretur,
756 1095 971 1167 (etenim
992 1112 1052 1149 se
1070 1096 1406 1149 centuriones
1433 1102 1487 1167 et
1507 1094 1727 1166 quidam
1749 1096 1860 1149 mi-

254 1170 409 1225 litum
430 1169 651 1224 consilio
672 1168 1014 1243 miscuerant)
1046 1170 1112 1223 ita
1134 1168 1335 1234 effudit,
1360 1176 1419 1224 ut
1438 1176 1618 1224 cautos
1637 1187 1858 1243 quoque
1947 1179 1956 1187 '

254 1262 315 1299 ac
341 1243 591 1316 providos
619 1250 969 1315 permoveret,
1004 1244 1202 1317 vulgus
1231 1252 1282 1299 et
1299 1246 1455 1318 ceteri
1479 1260 1648 1298 unum
1675 1246 1855 1300 virum

254 1320 574 1391 ducemque,
616 1328 789 1391 spreta
818 1318 1047 1374 aliorum
1077 1319 1322 1394 segnitia,
1362 1318 1613 1374 laudibus
1639 1318 1853 1376 ferrent.

253 1396 401 1451 Hanc
445 1396 534 1449 sui
584 1392 778 1449 famam
831 1413 891 1449 ea
939 1395 1117 1451 statim
1173 1395 1422 1449 concione
1477 1403 1855 1463 commoverat,

254 1488 381 1544 qua,
423 1469 653 1526 recitatis
681 1471 991 1544 Vespasiani
1032 1468 1292 1544 epistolis,
1335 1485 1460 1534 non,
1501 1476 1560 1524 ut
1588 1468 1855 1543 plerique,

255 1548 451 1603 incerta
488 1546 759 1612 disseruit,
804 1547 911 1601 huc
950 1546 1080 1601 illuc
1109 1553 1374 1601 tracturus
1406 1545 1856 1616 interpretatione,

252 1629 411 1693 prout
438 1621 806 1690 conduxisset;
848 1631 1025 1693 aperte
1054 1619 1393 1676 descendisse
1417 1621 1476 1674 in
1507 1637 1750 1675 caussam
1775 1623 1862 1676 vi-

254 1696 505 1782 debatur:
548 1711 717 1768 eoque
742 1698 938 1770 gratior
968 1695 1234 1750 militibus
1265 1702 1391 1762 erat,
1425 1693 1612 1766 culpae
1639 1694 1719 1750 vel
1741 1695 1862 1770 glo·

255 1787 363 1825 riae
380 1787 577 1826 socius,

365 1893 414 1946 4.
456 1890 703 1945 Proxima
726 1888 954 1944 Cornelii
982 1889 1144 1955 Fusci
1176 1888 1530 1960 procuratoris
1550 1890 1854 1946 auctoritas.

256 1968 303 2022 ls
324 1983 560 2039 quoque,
585 1964 927 2019 inclementer
947 1965 1003 2018 in
1025 1963 1300 2019 Vitellium
1327 1964 1508 2020 invehi
1529 1966 1739 2029 solitus,
1771 1966 1860 2020 ni·-

256 2042 328 2096 hil
368 2042 483 2113 spei
512 2039 619 2094 sibi
646 2040 784 2093 inter
811 2037 1031 2093 adversa
1059 2039 1364 2111 reliquerat.
1445 2040 1596 2094 Titus
1619 2039 1856 2112 Ampius

257 2117 563 2180 FlavianuS,
604 2124 793 2168 natura
830 2131 894 2168 ac
930 2121 1140 2169 senecta
1177 2122 1474 2179 cunctator,
1519 2114 1857 2186 suspiciones

253 2191 488 2246 militum
527 2189 805 2254 inritabat,
849 2196 1124 2262 tamquam
1163 2188 1450 2244 adfinitatis
1487 2207 1610 2244 cum
1644 2189 1858 2244 Vitellio

152 2287 157 2294 ·
252 2267 613 2320 meminisset:
654 2263 927 2336 idemque,
958 2263 1124 2336 quod,
1155 2272 1425 2334 coeptante
1449 2265 1714 2337 legionum
1739 2281 1858 2318 mo-

254 2351 330 2406 tu,
365 2339 644 2412 profugus,
674 2338 798 2392 dein
828 2348 1015 2410 sponte
1033 2348 1376 2402 remeaverat,
1407 2339 1655 2410 perfidiae
1676 2339 1857 2394 locum

253 2415 530 2486 quaesisse
558 2412 887 2469 credebatur.
967 2415 1100 2467 Nam
1133 2412 1470 2479 Flavianum,
1497 2416 1695 2468 omissa
1718 2415 1862 2470 Pan·-

254 2489 431 2552 nonia,
472 2489 778 2560 ingressum
816 2487 1019 2542 Italiam
1037 2530 1049 2550 ,
1091 2495 1144 2541 et
1178 2487 1480 2542 discrimini
1519 2498 1855 2559 exemptum,

254 2578 433 2616 rerum
465 2559 723 2616 novarum
752 2563 949 2633 cupido
975 2562 1131 2635 legati
1151 2579 1343 2616 nomen
1368 2579 1652 2625 resumere,
1678 2571 1730 2618 et
1749 2565 1860 2618 mi-

254 2637 387 2688 sceri
430 2635 686 2690 civilibus
723 2638 917 2701 armis,
963 2634 1258 2706 inpulerat:
1319 2636 1574 2691 suadente
1609 2636 1862 2693 Cornelio

258 2709 457 2777 “usco3
499 2726 634 2774 non,
673 2711 801 2781 quia
828 2709 1092 2764 industria
1125 2709 1370 2766 Flaviani
1405 2711 1618 2784 egebat,
1661 2711 1758 2766 sed
1794 2720 1860 2768 ut
