2081 3038
247 252 313 310 82
798 252 1276 302 ANNALIUM
1573 243 1848 320 (nm-171.

248 355 663 432 quaesitissimis
681 353 995 422 honoribus,
1010 363 1188 418 vetera
1206 373 1428 412 suorum
1451 353 1583 410 facta
1601 354 1851 428 dictaque

247 431 619 506 praeferentes,
642 448 753 503 quo
770 430 897 503 plus
916 431 1240 506 dignationis
1259 430 1492 486 adulatio
1509 429 1745 485 haberet.

358 510 442 563 54.
459 507 622 561 Petita
636 505 763 562 inde
770 506 1008 572 Euboea,
1019 506 1249 562 tramisit
1257 505 1495 561 Lesbum
1510 525 1522 561 :
1547 504 1643 560 ubi
1653 504 1851 578 Agrip-

247 584 375 655 pina
395 582 689 638 novissimo
706 589 863 653 partu
885 581 1076 636 Iuliam
1095 581 1278 636 edidit.
1311 581 1451 636 Tum
1472 586 1706 635 extrema
1724 577 1852 634 Asi-

248 676 329 724 ae,
352 657 775 730 Perinthumque
793 673 854 711 ac
871 656 1209 730 Byzantium,
1233 655 1486 710 Thracias
1510 653 1690 719 urbes,
1723 670 1851 718 mox

250 731 583 804 Propontidis
612 733 887 805 angustias
914 738 965 786 et
988 749 1050 786 os
1076 731 1356 787 Ponticum
1383 731 1563 796 intrat,
1595 728 1851 801 cupidine

250 815 453 863 veteres
480 807 621 862 locos
652 814 703 862 et
731 805 870 861 fama
901 805 1189 861 celebratos
1217 805 1494 873 noscendi3
1543 804 1852 878 pariterque

250 883 571 954 provincias,
582 881 805 936 internis
824 881 1207 936 certaminibus
1227 888 1320 936 aut
1335 880 1747 954 magistratuum
1763 880 1853 934 in-

250 959 407 1012 iuriis
426 955 613 1021 fessas,
638 954 921 1013 refovebat.
982 955 1160 1028 Atque
1177 954 1335 1011 illum
1353 956 1414 1012 in
1432 971 1682 1030 regressu
1699 971 1850 1009 sacra

249 1031 653 1087 Samothracum
671 1031 846 1086 visere
867 1031 1141 1096 nitentem,
1163 1030 1311 1087 obvii
1331 1028 1609 1103 aquilones
1628 1028 1854 1103 depule-

250 1124 327 1162 re.
384 1106 553 1180 l'gitur
571 1105 641 1160 ab
655 1105 769 1171 Ilio,
794 1122 1042 1178 quaeque
1061 1105 1139 1160 ibi
1157 1106 1407 1162 varietate
1425 1103 1665 1161 fortunae
1682 1111 1735 1160 et
1751 1121 1851 1160 no·

248 1182 347 1236 stri
366 1180 571 1254 origine
591 1181 908 1245 veneranda,
922 1180 1109 1254 relegit
1126 1179 1330 1247 Asiam,
1353 1179 1678 1254 adpellitque
1695 1179 1851 1236 Colo-

248 1255 446 1328 phona,
468 1262 529 1310 ut
548 1253 709 1310 Clarii
728 1254 991 1326 Apollinis
1008 1254 1223 1311 oraculo
1241 1263 1496 1311 uteretur.
1555 1256 1674 1312 Non
1692 1253 1852 1310 femi-

250 1348 318 1385 na
338 1329 469 1395 illic,
494 1337 554 1404 ut
580 1329 725 1401 apud
741 1329 989 1402 Delphos,
1010 1330 1107 1385 sed
1125 1331 1282 1386 certis
1301 1347 1331 1386 e
1348 1329 1589 1396 familiis,
1612 1338 1666 1386 et
1682 1329 1851 1386 ferme

248 1405 428 1461 Mileto
446 1404 666 1469 accitus,
682 1405 926 1461 sacerdos
947 1422 1237 1461 numerum
1256 1405 1412 1462 modo
1431 1403 1849 1464 consultantium

250 1487 303 1535 et
334 1480 555 1537 nomina
590 1479 763 1537 audit:
817 1487 932 1536 tum
968 1481 1025 1536 in
1065 1495 1288 1553 specum
1312 1479 1598 1555 degressus
1612 1522 1626 1547 ,
1657 1481 1850 1536 hausta

250 1556 411 1612 fontis
451 1557 629 1611 arcani
668 1573 829 1628 aqua,
865 1556 1088 1631 ignarus
1124 1556 1446 1629 plerumque
1474 1555 1768 1612 litterarum
1797 1563 1852 1611 et

250 1630 571 1696 carminum,
596 1630 703 1686 edit
722 1647 974 1703 responsa
988 1631 1236 1687 versibus
1255 1631 1564 1703 compositis
1581 1647 1746 1703 super
1763 1648 1850 1685 re-

249 1706 375 1771 bus,
398 1722 535 1777 quas
554 1706 679 1777 quis
705 1714 881 1761 mente
898 1706 1154 1778 concepit.
1233 1706 1302 1761 Et
1319 1706 1602 1773 ferebatur,
1623 1706 1850 1763 Germa-

250 1780 371 1867 nico
396 1796 494 1866 per
519 1778 771 1853 ambages
786 1822 799 1846 ,
832 1788 893 1835 ut
912 1798 1027 1837 mos
1047 1780 1277 1837 oraculis
1290 1821 1304 1847 ,
1328 1788 1598 1837 maturum
1619 1781 1847 1839 exitium

249 1870 527 1911 cecinisse.
1473 1874 1478 1881 ·

358 1931 445 1985 55.
486 1926 556 1984 At
572 1927 671 1985 Cn.
696 1929 837 1995 Piso,
850 1946 959 2002 quo
976 1930 1346 2002 properantius
1366 1930 1624 1986 destinata
1644 1930 1851 2003 incipe-

252 2010 349 2069 ret,
380 2003 648 2059 civitatem
676 2002 1104 2071 Atheniensium,
1141 2013 1160 2060 t
1199 2005 1353 2062 rhido
1379 2006 1595 2061 incessu
1625 2007 1852 2061 exterri-

249 2087 379 2145 tam,
408 2080 641 2136 oratione
659 2080 1090 2151 saeva'increpat,
1102 2080 1172 2135 ob
1194 2080 1711 2153 iqueGermanicum
1723 2098 1850 2153 per-

250 2154 517 2229 stringens
531 2196 546 2221 ,
590 2160 742 2225 quod,
785 2164 967 2210 contra
1002 2159 1158 2209 decus
1193 2157 1413 2210 Romani
1447 2156 1695 2221 nominis,
1745 2173 1851 2211 non

248 2228 591 2294 Athenienses,
622 2238 695 2283 tot
714 2232 948 2284 cladibus
964 2234 1262 2294 eoestinctos,
1289 2234 1381 2285 sod
1399 2233 1682 2285 conluviem
1699 2232 1850 2287 illam

248 2308 533 2368 nationum,
562 2306 798 2359 comitato
814 2307 979 2358 nimia
998 2306 1252 2359 coluisset.
1327 2305 1438 2360 Hos
1463 2309 1599 2361 enim
1617 2322 1724 2362 osso
1738 2306 1852 2365 Ma·-

251 2382 497 2435 thridatn's
513 2383 765 2434 adversus
770 2376 991 2447 Sullam,
1002 2377 1218 2434 Antonii
1233 2384 1488 2435 adversus
1501 2384 1551 2434 d.
1561 2378 1850 2449 Augustum

171 2512 179 2519 ,
248 2458 431 2509 socios.
473 2453 649 2509 Etiam
668 2459 845 2508 vetera
862 2451 1175 2519 obiectabat,
1198 2456 1414 2527 quaein
1431 2453 1741 2510 Macedones
1761 2455 1849 2510 in-

248 2543 501 2600 prospere
512 2568 527 2595 ,
572 2525 830 2584 violenter
863 2528 921 2582 in
956 2544 1086 2583 suos
1129 2527 1405 2585 fecissent:
1451 2528 1686 2585 offensus
1722 2530 1848 2585 urbi

248 2602 461 2673 propria
478 2619 697 2675 quoque
714 2603 812 2668 ira,
853 2602 983 2675 quia
1003 2602 1359 2675 Theophilum
1377 2603 1688 2676 quemdam,
1709 2603 1850 2660 Areo

249 2674 449 2731 iudicio
465 2676 587 2733 falsi
605 2675 935 2744 damnatum,
947 2676 1200 2750 precibus
1217 2678 1336 2733 suis
1351 2695 1460 2734 non
1479 2678 1845 2735 concederent.

248 2749 391 2807 Exin
411 2751 745 2825 navigatione
764 2751 921 2809 celeri
940 2769 1036 2826 per
1053 2751 1309 2827 Cycladas
1331 2760 1382 2808 et
1399 2752 1712 2825 compendia
1729 2771 1850 2809 ma·-
