2081 3038
252 222 349 277 340
720 228 821 275 DE
861 224 1374 290 QRATomnus

362 326 391 358 ³*
412 326 443 358 '¹‘
465 325 494 358 *
533 328 652 383 Non
682 328 748 383 de
774 331 938 386 otiosa
966 336 1017 383 et
1043 328 1222 399 quieta
1242 343 1300 380 re
1319 324 1615 397 loquimur,
1645 327 1696 375 et
1714 335 1853 391 quae

250 402 505 474 probitate
544 410 593 459 et
630 403 887 460 modestia
924 402 1179 477 gaudeat:
1231 400 1326 456 sed
1354 408 1433 455 est
1466 413 1660 469 magna
1689 395 1782 449 illa
1803 402 1854 447 et

252 478 499 533 notabilis
529 477 856 551 eloquentia,
880 479 1095 533 alumna
1129 475 1388 540 licentiae,
1419 490 1586 545 quam
1615 468 1767 526 stulti
1790 473 1858 523 li·-

254 558 499 609 bertatem
520 555 794 620 vocabant,
836 572 1011 609 comes
1031 552 1375 615 seditionum,
1413 546 1649 603 effrenati
1668 542 1856 617 populi

253 630 677 695 incitamentum,
692 630 809 685 sine
825 630 1102 701 obsequiO,
1120 627 1238 681 sine
1255 626 1528 687 servitute,
1543 627 1854 695 contumax,

256 706 551 769 temeraria,
584 705 862 779 adrogans,
894 721 1032 777 quae
1062 704 1116 757 in
1147 703 1283 755 bene
1307 699 1608 755 constitutis
1629 695 1861 751 civitati-

257 780 361 834 bus
382 798 487 835 non
508 781 691 835 oritur.
733 780 903 846 Quem
924 780 1066 833 enim
1087 786 1342 833 oratorem
1356 772 1857 835 Lacedaemonium,

258 872 421 927 quem
452 854 752 910 Cretensem
782 852 1120 926 accepimus?
1158 868 1388 924 quarum
1409 849 1687 903 civitatum
1707 861 1863 901 seve·-

259 931 473 985 rissima
493 929 773 1001 disciplina
794 938 843 984 et
864 928 1235 985 severissimae
1255 926 1398 999 leges
1417 923 1718 979 traduntur.
1781 921 1864 975 Ne

259 1006 603 1061 Macedonum
644 1005 865 1077 quidem
904 1023 965 1059 ac
998 1005 1300 1067 Persarum,
1345 1007 1434 1054 aut
1465 998 1632 1053 ullius
1659 996 1858 1070 gentiS,

263 1097 401 1152 quae
430 1088 569 1135 certo
598 1081 821 1151 imperio
850 1086 1088 1134 contenta
1112 1077 1288 1141 fuerit,
1329 1074 1688 1146 eloquentiam
1707 1072 1864 1127 novi-

262 1172 405 1209 mus.
484 1154 672 1207 Rhodii
704 1154 953 1225 quidam,
995 1153 1219 1225 plurimi
1254 1151 1604 1207 Athenienses
1631 1155 1862 1203 oratores

262 1230 594 1293 exstiterunt,
618 1228 759 1299 apud
787 1246 923 1299 quos
940 1229 1122 1283 omnia
1143 1226 1395 1299 populuS,
1418 1225 1598 1281 omnia
1620 1222 1858 1293 inperiti,

260 1304 459 1369 omnia,
484 1311 542 1357 ut
560 1304 639 1359 sic
658 1303 908 1371 dixerim,
930 1321 1118 1359 omnes
1139 1310 1392 1375 poterant.
1435 1301 1626 1357 Nostra
1645 1313 1864 1370 quoque

262 1380 470 1445 civitae,
493 1378 658 1434 donec
676 1380 888 1445 erravit,
917 1380 1085 1437 donec
1103 1396 1161 1433 se
1179 1378 1422 1450 partibus
1441 1384 1493 1431 et
1513 1372 1866 1429 dissensioni-

263 1456 369 1509 bus
393 1463 445 1510 et
469 1454 749 1511 discordiis
770 1454 1009 1522 coniecit,
1049 1454 1215 1509 donec
1236 1452 1382 1507 nulla
1408 1450 1506 1506 l'uit
1525 1451 1582 1505 in
1606 1448 1716 1503 foro
1735 1465 1860 1519 pax,

266 1530 415 1586 nulla
446 1531 503 1586 in
523 1540 708 1588 senatu
730 1531 1025 1598 concordia,
1067 1529 1214 1587 nulla
1241 1531 1293 1583 in
1316 1527 1533 1583 iudiciis
1553 1523 1862 1586 moderatio,

267 1606 414 1661 nulla
434 1608 767 1678 superiorum
790 1607 1100 1670 reverentia,
1115 1604 1298 1660 nullus
1319 1603 1731 1676 magistratuum
1754 1615 1868 1652 mo-

266 1682 389 1748 duS,
432 1681 553 1736 tulit
589 1683 706 1736 sine
735 1682 899 1738 dubio
932 1681 1269 1736 valentiorem
1297 1677 1684 1751 eloquentiam3
1728 1674 1870 1727 sicut

268 1755 557 1814 indomitus
591 1775 713 1832 ager
742 1758 900 1812 habet
926 1756 1187 1828 quasdam
1211 1754 1400 1809 herbas
1423 1753 1682 1808 laetiores.
1765 1747 1868 1802 Sed

268 1849 365 1886 nec
402 1833 534 1888 tanti
572 1832 895 1904 reipublicae
923 1831 1284 1887 Gracchorum
1313 1827 1614 1900 eloquentia
1644 1824 1768 1888 fuit,
1811 1830 1870 1877 ut

268 1915 534 1979 pateretur
552 1916 601 1962 et
621 1908 789 1981 leges:
835 1925 931 1962 nec
960 1907 1094 1962 bene
1118 1906 1312 1961 famam
1333 1901 1664 1976 eloquentiae
1685 1899 1872 1954 Cicero

270 1981 360 2036 tali
380 1984 527 2040 exitu
546 1984 807 2054 pensavit.

384 2061 466 2114 41.
511 2057 601 2114 Sic
626 2075 860 2131 quoque,
886 2057 1029 2130 quod
1055 2063 1300 2128 superest
1319 2053 1525 2125 antiqui
1551 2049 1870 2112 oratoribus,

270 2132 465 2199 forum,
498 2150 605 2190 non
624 2133 927 2189 emendatae
948 2150 1046 2189 nec
1065 2149 1240 2204 usque
1259 2129 1326 2184 ad
1346 2137 1528 2184 votum
1549 2124 1873 2196 compositae

270 2208 500 2264 civitatis
520 2216 896 2281 argumentum
914 2215 1010 2262 est.
1073 2207 1208 2272 Quis
1229 2205 1372 2260 enim
1395 2221 1490 2258 nos
1511 2200 1748 2265 advocat,
1765 2197 1870 2254 nisi

272 2290 364 2337 aut
385 2301 579 2340 nocens
596 2291 687 2338 aut
712 2281 910 2338 miser?
947 2281 1104 2348 Quod
1125 2279 1482 2350 municipium
1505 2277 1562 2331 in
1573 2272 1870 2330 clientelam

272 2365 505 2412 nostram
545 2361 707 2423 venit,
742 2359 847 2412 nisi
876 2358 1021 2429 quod
1049 2365 1141 2412 aut
1171 2355 1380 2411 vicinus
1408 2351 1641 2424 populus
1669 2354 1763 2404 aut
1779 2347 1877 2402 ‹lo-

272 2433 491 2488 mestica
530 2432 793 2488 discordia
822 2431 1018 2505 agitat?
1065 2431 1239 2497 Quam
1277 2428 1608 2501 provinciam
1637 2431 1871 2487 tuemur,

270 2507 378 2561 nisi
398 2506 675 2579 spoliatam
700 2504 1086 2578 vexatamque?
1133 2505 1296 2577 Atqui
1317 2502 1514 2557 melius
1535 2499 1742 2562 fuisset,
1767 2513 1873 2552 non

270 2585 453 2648 queri,
496 2599 662 2654 quam
711 2582 989 2636 vindicari.
1071 2579 1274 2645 Quodsi
1321 2577 1653 2634 inveniretur
1690 2571 1874 2643 aliqua

273 2655 477 2722 civitas,
509 2658 565 2710 in
596 2673 703 2728 qua
733 2673 887 2710 nemo
907 2660 1164 2726 peccaret,
1189 2666 1557 2724 supervacuus
1577 2657 1718 2702 esset
1735 2647 1875 2700 inter

272 2725 578 2786 innocentes
602 2739 791 2796 orator,
816 2731 954 2784 sicut
970 2729 1108 2783 inter
1127 2745 1284 2784 sanos
1305 2724 1566 2782 medicus,
1638 2719 1876 2787 Quomo-
