2081 3038
160 231 207 270 A.
228 229 275 270 c.
297 211 393 287 το.)
567 223 609 265 r,
628 221 654 266 1
671 223 727 268 B.
762 223 833 269 11.
876 225 917 270 c
934 223 1056 272 ΑΡ.
1098 226 1338 272 29-31,
1682 221 1748 274 ‘75

159 339 283 378 vero
298 321 551 377 deformis
572 328 623 377 et
644 321 777 378 flens
796 334 850 378 et
869 333 1080 395 praeter
1094 343 1246 396 spem
1261 325 1544 381 incolumis
1555 326 1749 386 Valens

157 398 426 469 processit,
458 395 743 470 gaudium,
772 398 1059 465 miseratio,
1090 399 1264 456 favor:
1311 403 1448 456 versi
1476 402 1534 458 in
1561 401 1752 458 lactiti-

158 491 262 538 am,
294 472 373 545 (ut
400 481 480 527 est
497 471 696 546 vulgus
726 480 951 546 utroque
968 473 1318 546 inmodicum)
1338 474 1610 531 laudantes
1628 495 1751 550 gra-

156 556 460 619 tantesque:
502 547 891 606 circumdatum
921 548 1120 620 aquilis
1146 550 1500 624 signisque'in
1518 551 1754 606 tribunal

159 622 350 677 ferunt.
428 620 523 676 Ille
552 621 675 678 utili
702 623 1060 683 moderatione
1086 642 1192 680 non
1221 624 1548 697 supplicium
1569 627 1753 682 cuius·-

158 715 319 770 quam
352 698 625 768 poposcit:
672 714 733 770 ac
774 715 843 752 ne
878 698 1229 756 dissimulans
1269 699 1563 770 suspectior
1600 699 1748 763 foret,

157 789 351 844 paucos
382 772 674 828 incusavit:
714 789 917 846 gnarus
945 773 1200 829 civilibus
1226 773 1384 830 bellis
1414 773 1540 845 plus
1567 773 1754 828 militi-

158 849 279 912 buS,
302 863 467 919 quam
488 845 736 913 ducibuS,
763 847 937 904 licere.

266 927 349 976 30.
392 921 758 980 Munientibus
788 930 957 979 castra
986 921 1134 994 apud
1151 922 1419 988 Ticinum,
1447 922 1516 978 de
1532 922 1752 978 adversa

158 997 409 1054 Caecinae
445 1013 625 1070 pugna
664 997 920 1062 adlatum,
960 1007 1013 1052 et
1053 1013 1218 1069 prope
1255 1005 1502 1054 renovata
1541 998 1748 1064 seditio,

158 1083 419 1143 tamquam
434 1077 622 1142 [raude
642 1082 689 1127 et
710 1077 1124 1134 cunctationibus
1147 1075 1375 1128 Valentia
1385 1078 1589 1142 proelio
1605 1077 1754 1144 desu-

155 1155 329 1204 issem.
404 1146 557 1204 Nolle
584 1149 845 1220 requiem,
872 1165 977 1204 non
997 1155 1300 1221 exspectare
1317 1147 1529 1214 ducem,
1555 1148 1759 1204 anteire

156 1223 327 1297 signa,
350 1240 540 1297 urgere
557 1223 858 1296 signiferos.
898 1222 1106 1294 Rapido
1121 1224 1336 1296 agmine
1355 1223 1608 1279 Caecinae
1627 1225 1754 1280 iun-

231 1307 374 1354 ntur.
453 1299 765 1370 Inprospera
804 1297 1062 1352 Valentis·
1088 1297 1226 1354 fama
1273 1299 1416 1369 apud
1458 1301 1749 1354 exercitum
1830 1353 1845 1364 ,

198 1374 409 1428 aecinae
428 1381 563 1428 erat:
606 1378 866 1440 expositos
884 1389 939 1426 se
964 1381 1108 1427 tanto
1125 1376 1400 1440 pauciores
1429 1377 1644 1441 inteyris
1661 1377 1754 1426 ho-

152 1453 312 1503 stium
346 1451 549 1502 viribus
574 1446 954 1518 querebantur,
994 1445 1165 1512 simul¹
1188 1445 1246 1498 in
1275 1463 1431 1502 suam
1457 1448 1754 1501 excusatio-

156 1540 303 1588 nem,
329 1530 379 1576 et
406 1522 805 1581 adventantium
829 1519 991 1575 robur
1008 1536 1106 1591 per
1123 1517 1478 1575 adulationem
1500 1519 1754 1576 adtollen—

154 1606 255 1662 teS,
278 1613 345 1650 ne
365 1604 425 1651 ut
446 1595 570 1650 victi
589 1604 639 1650 et
658 1597 841 1669 ignavi
860 1596 1308 1667 despectarentur.
1334 1595 1402 1649 Et
1420 1612 1750 1668 quamquam

153 1672 282 1745 plus
291 1670 511 1734 virium,
524 1686 687 1741 prope
706 1668 1007 1741 duplicatus
1028 1669 1300 1743 legionum
1318 1670 1754 1743 auxiliorumque

156 1762 419 1803 numerus
449 1754 559 1799 erat
576 1744 803 1811 Valenti,
836 1746 1011 1801 studia
1042 1752 1217 1801 tamen
1238 1746 1472 1801 militum
1493 1747 1551 1801 in
1572 1745 1752 1801 Caeci-

156 1840 284 1879 nam
334 1818 683 1889 inclinabant3
746 1836 907 1891 super
959 1820 1340 1895 benignitatem
1378 1821 1583 1886 animi,
1641 1839 1751 1894 qua

153 1896 449 1971 promptior
478 1894 788 1959 habebatur,
820 1895 978 1951 etiam
1006 1895 1187 1970 vigore
1215 1895 1416 1961 aetatis,
1445 1896 1754 1967 proceritate

153 1970 392 2043 corporis
418 1978 469 2025 et
496 1970 727 2042 quodam
753 1970 899 2025 inani
922 1969 1116 2026 favore.
1195 1971 1332 2026 Hinc
1347 1969 1632 2025 aemulatio
1649 1970 1754 2025 du-

152 2048 332 2103 cibuS.
412 2045 633 2101 Caecina
651 2054 707 2099 ut
726 2050 929 2114 foed-um
946 2053 994 2099 et
1012 2050 1348 2109 maculosum,
1375 2044 1467 2099 ille
1485 2054 1544 2100 ut
1563 2062 1754 2099 vanum

151 2141 219 2179 ac
260 2125 525 2184 tumidum,
567 2120 883 2176 inridebant.
964 2118 1069 2175 Sed
1105 2121 1314 2177 condito
1351 2120 1490 2187 odio,
1531 2119 1752 2175 eandem

151 2196 435 2253 utilitatem
465 2194 658 2261 fovere,
691 2196 891 2251 crebris
916 2194 1172 2266 epistolis,
1205 2197 1326 2250 sine
1340 2203 1584 2267 respectu
1603 2194 1755 2249 veni-

152 2290 235 2339 ae,
277 2272 468 2343 probra
506 2268 703 2325 Othoni
738 2270 1085 2327 obiectantes:
1147 2288 1272 2327 cum
1309 2270 1474 2339 duces
1517 2270 1754 2342 partium

152 2347 401 2413 OthoniS,
434 2346 686 2419 quamvis
714 2346 985 2401 uberrima
1013 2345 1376 2401 conviciorum
1398 2345 1457 2400 in
1478 2342 1752 2400 Vitellium

153 2423 395 2488 materia,
421 2422 761 2477 abstinerent.
1479 2462 1482 2465 .
1655 2422 1665 2431 ’

266 2501 352 2552 31.
393 2495 531 2552 Sane
570 2503 690 2551 ante
726 2495 1011 2568 utriusque
1047 2494 1281 2561 exitum,
1331 2512 1443 2568 quo
1483 2495 1753 2569 egregiam

152 2570 295 2628 Otho
315 2570 531 2637 famam,
561 2569 809 2627 Vitellius
838 2568 1330 2645 flagitiosissimam,
1361 2586 1620 2635 meruere,
1650 2570 1756 2625 mi-

152 2665 263 2703 nus
285 2646 481 2703 Vitellii
506 2647 731 2719 ignavae
757 2645 1074 2718 voluptates,
1096 2664 1264 2719 quam
1282 2644 1508 2700 Othonis
1527 2643 1756 2719 flagran-

150 2722 395 2779 tissimae
422 2720 672 2778 libidines
701 2721 1042 2778 timebantur.
1122 2720 1410 2779 Addiderat
1436 2720 1566 2777 huic
1591 2728 1758 2776 terro-
