<?xml version="1.0" encoding="UTF-8"?>
<!DOCTYPE html PUBLIC "-//W3C//DTD XHTML 1.0 Transitional//EN"
    "http://www.w3.org/TR/xhtml1/DTD/xhtml1-transitional.dtd">
<html xmlns="http://www.w3.org/1999/xhtml" xml:lang="en" lang="en">
 <head>
  <title>
</title>
<meta http-equiv="Content-Type" content="text/html;charset=utf-8" />
  <meta name='ocr-system' content='tesseract 3.04.00' />
  <meta name='ocr-capabilities' content='ocr_page ocr_carea ocr_par ocr_line ocrx_word'/>
</head>
<body>
  <div class='ocr_page' id='page_1' title='image "./operaquoadextan03tacigoog/operaquoadextan03tacigoog_0198.png"; bbox 0 0 2081 3038; ppageno 0'>
   <div class='ocr_carea' id='block_1_1' title="bbox 277 225 1877 301">
    <p class='ocr_par' dir='ltr' id='par_1_1' title="bbox 277 225 1877 301">
     <span class='ocr_line' id='line_1_1' title="bbox 277 225 1877 301; baseline 0.003 -20"><span class='ocrx_word' id='word_1_1' title='bbox 277 229 374 282; x_wconf 74' lang='grc'><strong>496</strong></span> <span class='ocrx_word' id='word_1_2' title='bbox 845 233 1322 282; x_wconf 71' lang='lat' dir='ltr'><strong>‘ANNALIUM</strong></span> <span class='ocrx_word' id='word_1_3' title='bbox 1606 225 1877 301; x_wconf 61' lang='lat' dir='ltr'><strong>(i.u.⁷s5.</strong></span> 
     </span>
    </p>
   </div>
   <div class='ocr_carea' id='block_1_2' title="bbox 217 333 1905 2823">
    <p class='ocr_par' dir='ltr' id='par_1_2' title="bbox 275 333 1891 696">
     <span class='ocr_line' id='line_1_2' title="bbox 275 333 1891 411; baseline 0.001 -19"><span class='ocrx_word' id='word_1_4' title='bbox 275 337 375 392; x_wconf 89' lang='lat' dir='ltr'><strong>loci</strong></span> <span class='ocrx_word' id='word_1_5' title='bbox 406 353 468 390; x_wconf 86' lang='lat' dir='ltr'><strong>ac</strong></span> <span class='ocrx_word' id='word_1_6' title='bbox 495 333 780 408; x_wconf 81' lang='lat' dir='ltr'><strong>multiplici</strong></span> <span class='ocrx_word' id='word_1_7' title='bbox 818 334 1099 406; x_wconf 83' lang='lat' dir='ltr'><strong>patientia:</strong></span> <span class='ocrx_word' id='word_1_8' title='bbox 1138 336 1536 409; x_wconf 74' lang='lat' dir='ltr'><strong>praepositique</strong></span> <span class='ocrx_word' id='word_1_9' title='bbox 1571 339 1716 394; x_wconf 82' lang='lat' dir='ltr'><strong>servi</strong></span> <span class='ocrx_word' id='word_1_10' title='bbox 1731 380 1745 405; x_wconf 89' lang='lat'>,</span> <span class='ocrx_word' id='word_1_11' title='bbox 1787 340 1891 411; x_wconf 89' lang='lat' dir='ltr'><strong>qui</strong></span> 
     </span>
     <span class='ocr_line' id='line_1_3' title="bbox 277 410 1891 485; baseline -0.001 -14"><span class='ocrx_word' id='word_1_12' title='bbox 277 419 610 485; x_wconf 79' lang='lat' dir='ltr'>quaererent,</span> <span class='ocrx_word' id='word_1_13' title='bbox 635 410 1018 483; x_wconf 82' lang='lat' dir='ltr'><strong>pertraherent,</strong></span> <span class='ocrx_word' id='word_1_14' title='bbox 1040 410 1256 468; x_wconf 77' lang='lat' dir='ltr'><strong>domin</strong></span> <span class='ocrx_word' id='word_1_15' title='bbox 1274 419 1569 484; x_wconf 84' lang='lat' dir='ltr'><strong>promptos,</strong></span> <span class='ocrx_word' id='word_1_16' title='bbox 1593 412 1772 470; x_wconf 86' lang='lat' dir='ltr'><strong>minas</strong></span> <span class='ocrx_word' id='word_1_17' title='bbox 1792 413 1891 470; x_wconf 83' lang='lat' dir='ltr'><strong>ad·-</strong></span> 
     </span>
     <span class='ocr_line' id='line_1_4' title="bbox 275 485 1889 560; baseline 0 -16"><span class='ocrx_word' id='word_1_18' title='bbox 275 505 468 546; x_wconf 84' lang='lat' dir='ltr'><strong>versus</strong></span> <span class='ocrx_word' id='word_1_19' title='bbox 487 486 808 544; x_wconf 82' lang='lat' dir='ltr'><strong>abnuentes:</strong></span> <span class='ocrx_word' id='word_1_20' title='bbox 843 493 922 552; x_wconf 89' lang='lat' dir='ltr'><strong>et,</strong></span> <span class='ocrx_word' id='word_1_21' title='bbox 945 485 996 540; x_wconf 86' lang='lat' dir='ltr'><strong>si</strong></span> <span class='ocrx_word' id='word_1_22' title='bbox 1014 487 1304 543; x_wconf 81' lang='lat' dir='ltr'><strong>retinerent</strong></span> <span class='ocrx_word' id='word_1_23' title='bbox 1320 487 1661 560; x_wconf 79' lang='lat' dir='ltr'><strong>propinquus</strong></span> <span class='ocrx_word' id='word_1_24' title='bbox 1680 498 1773 545; x_wconf 81' lang='lat' dir='ltr'><strong>aut</strong></span> <span class='ocrx_word' id='word_1_25' title='bbox 1788 505 1889 560; x_wconf 84' lang='lat' dir='ltr'><strong>pa-</strong></span> 
     </span>
     <span class='ocr_line' id='line_1_5' title="bbox 276 560 1883 636; baseline 0.001 -16"><span class='ocrx_word' id='word_1_26' title='bbox 276 582 430 629; x_wconf 77' lang='lat' dir='ltr'><strong>rone,</strong></span> <span class='ocrx_word' id='word_1_27' title='bbox 451 563 566 618; x_wconf 84' lang='lat' dir='ltr'><strong>vim</strong></span> <span class='ocrx_word' id='word_1_28' title='bbox 581 603 594 628; x_wconf 90' lang='lat'>,</span> <span class='ocrx_word' id='word_1_29' title='bbox 618 569 804 633; x_wconf 77' lang='lat' dir='ltr'><strong>raptus</strong></span> <span class='ocrx_word' id='word_1_30' title='bbox 819 602 834 628; x_wconf 79' lang='lat'>‚</span> <span class='ocrx_word' id='word_1_31' title='bbox 857 577 1068 634; x_wconf 85' lang='lat' dir='ltr'><strong>suaque</strong></span> <span class='ocrx_word' id='word_1_32' title='bbox 1087 561 1193 634; x_wconf 87' lang='lat' dir='ltr'><strong>ipsi</strong></span> <span class='ocrx_word' id='word_1_33' title='bbox 1216 560 1363 618; x_wconf 81' lang='lat' dir='ltr'><strong>libita</strong></span> <span class='ocrx_word' id='word_1_34' title='bbox 1380 603 1393 628; x_wconf 88' lang='lat'><strong>‚</strong></span> <span class='ocrx_word' id='word_1_35' title='bbox 1425 561 1574 619; x_wconf 83' lang='lat' dir='ltr'><strong>velut</strong></span> <span class='ocrx_word' id='word_1_36' title='bbox 1602 563 1659 618; x_wconf 88' lang='lat' dir='ltr'><strong>in</strong></span> <span class='ocrx_word' id='word_1_37' title='bbox 1680 573 1883 636; x_wconf 64' lang='lat' dir='ltr'><strong>captos¹</strong></span> 
     </span>
     <span class='ocr_line' id='line_1_6' title="bbox 275 638 608 696; baseline -0.012 0"><span class='ocrx_word' id='word_1_38' title='bbox 275 638 608 696; x_wconf 80' lang='lat' dir='ltr'><strong>exercebant.</strong></span> 
     </span>
    </p>

    <p class='ocr_par' dir='ltr' id='par_1_3' title="bbox 217 711 1905 2355">
     <span class='ocr_line' id='line_1_7' title="bbox 387 711 1889 788; baseline -0.002 -17"><span class='ocrx_word' id='word_1_39' title='bbox 387 718 439 771; x_wconf 77' lang='lat'><strong>2.</strong></span> <span class='ocrx_word' id='word_1_40' title='bbox 481 712 551 768; x_wconf 87' lang='lat' dir='ltr'><strong>At</strong></span> <span class='ocrx_word' id='word_1_41' title='bbox 569 713 785 778; x_wconf 79' lang='lat' dir='ltr'><strong>Romae,</strong></span> <span class='ocrx_word' id='word_1_42' title='bbox 808 711 1075 784; x_wconf 88' lang='lat' dir='ltr'><strong>principio</strong></span> <span class='ocrx_word' id='word_1_43' title='bbox 1094 713 1224 768; x_wconf 75' lang='lat' dir='ltr'><strong>anni</strong></span> <span class='ocrx_word' id='word_1_44' title='bbox 1237 751 1251 778; x_wconf 85' lang='lat'>‚</span> <span class='ocrx_word' id='word_1_45' title='bbox 1277 712 1436 784; x_wconf 81' lang='lat' dir='ltr'><strong>quasi</strong></span> <span class='ocrx_word' id='word_1_46' title='bbox 1456 728 1641 767; x_wconf 83' lang='lat' dir='ltr'><strong>recens</strong></span> <span class='ocrx_word' id='word_1_47' title='bbox 1658 713 1889 788; x_wconf 84' lang='lat' dir='ltr'><strong>cognitis</strong></span> 
     </span>
     <span class='ocr_line' id='line_1_8' title="bbox 277 786 1890 863; baseline -0.001 -17"><span class='ocrx_word' id='word_1_48' title='bbox 277 791 464 846; x_wconf 79' lang='lat' dir='ltr'><strong>Liviae</strong></span> <span class='ocrx_word' id='word_1_49' title='bbox 489 787 706 863; x_wconf 82' lang='lat' dir='ltr'><strong>flagitiis</strong></span> <span class='ocrx_word' id='word_1_50' title='bbox 719 829 734 852; x_wconf 86' lang='lat'>,</span> <span class='ocrx_word' id='word_1_51' title='bbox 765 804 828 844; x_wconf 76' lang='lat' dir='ltr'><strong>ec</strong></span> <span class='ocrx_word' id='word_1_52' title='bbox 856 803 962 844; x_wconf 85' lang='lat' dir='ltr'><strong>non</strong></span> <span class='ocrx_word' id='word_1_53' title='bbox 988 787 1201 858; x_wconf 84' lang='lat' dir='ltr'><strong>pridem</strong></span> <span class='ocrx_word' id='word_1_54' title='bbox 1228 788 1389 843; x_wconf 81' lang='lat' dir='ltr'><strong>etiem</strong></span> <span class='ocrx_word' id='word_1_55' title='bbox 1417 786 1627 860; x_wconf 84' lang='lat' dir='ltr'><strong>punitis</strong></span> <span class='ocrx_word' id='word_1_56' title='bbox 1640 829 1656 854; x_wconf 85' lang='lat'>‚</span> <span class='ocrx_word' id='word_1_57' title='bbox 1686 795 1890 846; x_wconf 74' lang='lat' dir='ltr'><strong>atroces</strong></span> 
     </span>
     <span class='ocr_line' id='line_1_9' title="bbox 278 861 1889 936; baseline -0.002 -14"><span class='ocrx_word' id='word_1_58' title='bbox 278 865 569 922; x_wconf 83' lang='lat' dir='ltr'><strong>sententiae</strong></span> <span class='ocrx_word' id='word_1_59' title='bbox 587 863 899 919; x_wconf 84' lang='lat' dir='ltr'><strong>dicebantur</strong></span> <span class='ocrx_word' id='word_1_60' title='bbox 914 904 928 928; x_wconf 87' lang='lat'>,</span> <span class='ocrx_word' id='word_1_61' title='bbox 950 862 1010 917; x_wconf 91' lang='lat' dir='ltr'><strong>in</strong></span> <span class='ocrx_word' id='word_1_62' title='bbox 1029 861 1236 936; x_wconf 83' lang='lat' dir='ltr'><strong>effigies</strong></span> <span class='ocrx_word' id='word_1_63' title='bbox 1254 878 1473 935; x_wconf 88' lang='lat' dir='ltr'><strong>quoque</strong></span> <span class='ocrx_word' id='word_1_64' title='bbox 1490 880 1553 918; x_wconf 86' lang='lat' dir='ltr'><strong>ac</strong></span> <span class='ocrx_word' id='word_1_65' title='bbox 1572 863 1889 920; x_wconf 84' lang='lat' dir='ltr'><strong>memoriam</strong></span> 
     </span>
     <span class='ocr_line' id='line_1_10' title="bbox 279 938 1891 1008; baseline -0.003 -10"><span class='ocrx_word' id='word_1_66' title='bbox 279 944 397 998; x_wconf 90' lang='lat' dir='ltr'><strong>eius</strong></span> <span class='ocrx_word' id='word_1_67' title='bbox 412 983 426 1007; x_wconf 87' lang='lat'>,</span> <span class='ocrx_word' id='word_1_68' title='bbox 457 947 510 996; x_wconf 82' lang='lat' dir='ltr'><strong>et</strong></span> <span class='ocrx_word' id='word_1_69' title='bbox 537 943 670 994; x_wconf 85' lang='lat' dir='ltr'><strong>bona</strong></span> <span class='ocrx_word' id='word_1_70' title='bbox 690 938 872 995; x_wconf 82' lang='lat' dir='ltr'><strong>Seiani</strong></span> <span class='ocrx_word' id='word_1_71' title='bbox 899 941 1082 993; x_wconf 78' lang='lat' dir='ltr'><strong>ablata</strong></span> <span class='ocrx_word' id='word_1_72' title='bbox 1107 941 1346 1001; x_wconf 75' lang='lat' dir='ltr'><strong>aerario,</strong></span> <span class='ocrx_word' id='word_1_73' title='bbox 1380 946 1439 992; x_wconf 90' lang='lat' dir='ltr'><strong>ut</strong></span> <span class='ocrx_word' id='word_1_74' title='bbox 1463 942 1520 992; x_wconf 86' lang='lat' dir='ltr'><strong>in</strong></span> <span class='ocrx_word' id='word_1_75' title='bbox 1539 942 1720 1008; x_wconf 72' lang='lat' dir='ltr'><strong>fiscum</strong></span> <span class='ocrx_word' id='word_1_76' title='bbox 1740 955 1891 1008; x_wconf 55' lang='lat' dir='ltr'><strong>coge*</strong></span> 
     </span>
     <span class='ocr_line' id='line_1_11' title="bbox 277 1011 1891 1088; baseline -0.002 -15"><span class='ocrx_word' id='word_1_77' title='bbox 277 1027 489 1073; x_wconf 83' lang='lat' dir='ltr'><strong>rentur.-</strong></span> <span class='ocrx_word' id='word_1_78' title='bbox 527 1023 802 1088; x_wconf 78' lang='lat' dir='ltr'><strong>tamquam</strong></span> <span class='ocrx_word' id='word_1_79' title='bbox 822 1011 1057 1068; x_wconf 86' lang='lat' dir='ltr'><strong>referret.</strong></span> <span class='ocrx_word' id='word_1_80' title='bbox 1136 1011 1411 1084; x_wconf 85' lang='lat' dir='ltr'><strong>Scipiones</strong></span> <span class='ocrx_word' id='word_1_81' title='bbox 1430 1011 1562 1068; x_wconf 79' lang='lat' dir='ltr'><strong>haec</strong></span> <span class='ocrx_word' id='word_1_82' title='bbox 1579 1019 1632 1068; x_wconf 87' lang='lat' dir='ltr'><strong>et</strong></span> <span class='ocrx_word' id='word_1_83' title='bbox 1649 1011 1818 1070; x_wconf 86' lang='lat' dir='ltr'><strong>Silani</strong></span> <span class='ocrx_word' id='word_1_84' title='bbox 1839 1021 1891 1070; x_wconf 89' lang='lat' dir='ltr'><strong>et</strong></span> 
     </span>
     <span class='ocr_line' id='line_1_12' title="bbox 278 1086 1890 1160; baseline -0.002 -13"><span class='ocrx_word' id='word_1_85' title='bbox 278 1091 472 1156; x_wconf 84' lang='lat' dir='ltr'><strong>Cassii,</strong></span> <span class='ocrx_word' id='word_1_86' title='bbox 494 1087 688 1146; x_wconf 89' lang='lat' dir='ltr'><strong>iisdem</strong></span> <span class='ocrx_word' id='word_1_87' title='bbox 709 1087 874 1144; x_wconf 83' lang='lat' dir='ltr'><strong>ferme</strong></span> <span class='ocrx_word' id='word_1_88' title='bbox 892 1096 986 1144; x_wconf 81' lang='lat' dir='ltr'><strong>aut</strong></span> <span class='ocrx_word' id='word_1_89' title='bbox 1000 1086 1247 1160; x_wconf 84' lang='lat' dir='ltr'><strong>paullum</strong></span> <span class='ocrx_word' id='word_1_90' title='bbox 1267 1087 1543 1144; x_wconf 78' lang='lat' dir='ltr'><strong>inmutatis</strong></span> <span class='ocrx_word' id='word_1_91' title='bbox 1564 1087 1765 1154; x_wconf 64' lang='grc' dir='ltr'><strong>νει-δίε,</strong></span> <span class='ocrx_word' id='word_1_92' title='bbox 1793 1088 1890 1145; x_wconf 80' lang='lat' dir='ltr'><strong>ad·</strong></span> 
     </span>
     <span class='ocr_line' id='line_1_13' title="bbox 279 1163 1890 1238; baseline -0.002 -15"><span class='ocrx_word' id='word_1_93' title='bbox 279 1167 608 1223; x_wconf 83' lang='lat' dir='ltr'><strong>severatione</strong></span> <span class='ocrx_word' id='word_1_94' title='bbox 643 1163 814 1220; x_wconf 83' lang='lat' dir='ltr'><strong>multa</strong></span> <span class='ocrx_word' id='word_1_95' title='bbox 851 1163 1164 1219; x_wconf 78' lang='lat' dir='ltr'><strong>censebant:</strong></span> <span class='ocrx_word' id='word_1_96' title='bbox 1208 1181 1336 1218; x_wconf 89' lang='lat' dir='ltr'><strong>oum</strong></span> <span class='ocrx_word' id='word_1_97' title='bbox 1373 1172 1588 1236; x_wconf 86' lang='lat' dir='ltr'><strong>repente</strong></span> <span class='ocrx_word' id='word_1_98' title='bbox 1617 1163 1890 1238; x_wconf 81' lang='lat' dir='ltr'><strong>Togonius</strong></span> 
     </span>
     <span class='ocr_line' id='line_1_14' title="bbox 217 1238 1905 1314; baseline -0.006 -14"><span class='ocrx_word' id='word_1_99' title='bbox 217 1239 226 1245; x_wconf 73' lang='grc'><strong><em>’</em></strong></span> <span class='ocrx_word' id='word_1_100' title='bbox 282 1241 472 1300; x_wconf 79' lang='lat' dir='ltr'><strong>Gallus</strong></span> <span class='ocrx_word' id='word_1_101' title='bbox 487 1282 504 1308; x_wconf 82' lang='lat'><strong>‚</strong></span> <span class='ocrx_word' id='word_1_102' title='bbox 541 1240 676 1296; x_wconf 90' lang='lat' dir='ltr'><strong>dum</strong></span> <span class='ocrx_word' id='word_1_103' title='bbox 715 1238 1101 1314; x_wconf 80' lang='lat' dir='ltr'><strong>ignobilitatem</strong></span> <span class='ocrx_word' id='word_1_104' title='bbox 1140 1256 1296 1295; x_wconf 83' lang='lat' dir='ltr'><strong>suam</strong></span> <span class='ocrx_word' id='word_1_105' title='bbox 1334 1256 1389 1294; x_wconf 91' lang='lat' dir='ltr'><strong>m</strong></span> <span class='ocrx_word' id='word_1_106' title='bbox 1496 1238 1546 1294; x_wconf 85' lang='lat' dir='ltr'><strong>is</strong></span> <span class='ocrx_word' id='word_1_107' title='bbox 1574 1239 1905 1296; x_wconf 83' lang='lat' dir='ltr'><strong>nominibus.</strong></span> 
     </span>
     <span class='ocr_line' id='line_1_15' title="bbox 280 1313 1889 1388; baseline -0.001 -14"><span class='ocrx_word' id='word_1_108' title='bbox 280 1318 496 1382; x_wconf 79' lang='lat' dir='ltr'><strong>inserit,</strong></span> <span class='ocrx_word' id='word_1_109' title='bbox 545 1333 642 1388; x_wconf 85' lang='lat' dir='ltr'><strong>per</strong></span> <span class='ocrx_word' id='word_1_110' title='bbox 689 1313 1049 1372; x_wconf 83' lang='lat' dir='ltr'><strong>deridiculum</strong></span> <span class='ocrx_word' id='word_1_111' title='bbox 1093 1314 1326 1371; x_wconf 82' lang='lat' dir='ltr'><strong>auditur.</strong></span> <span class='ocrx_word' id='word_1_112' title='bbox 1455 1332 1545 1370; x_wconf 81' lang='lat' dir='ltr'><strong>am</strong></span> <span class='ocrx_word' id='word_1_113' title='bbox 1585 1315 1889 1387; x_wconf 86' lang='lat' dir='ltr'><strong>prinoipem</strong></span> 
     </span>
     <span class='ocr_line' id='line_1_16' title="bbox 278 1393 1891 1462; baseline -0.004 -12"><span class='ocrx_word' id='word_1_114' title='bbox 278 1393 489 1459; x_wconf 75' lang='lat' dir='ltr'><strong>orabat,</strong></span> <span class='ocrx_word' id='word_1_115' title='bbox 511 1395 734 1462; x_wconf 64' lang='lat' dir='ltr'><strong>deliaci-e</strong></span> <span class='ocrx_word' id='word_1_116' title='bbox 751 1399 1040 1455; x_wconf 72' lang='lat' dir='ltr'><strong>senatores,</strong></span> <span class='ocrx_word' id='word_1_117' title='bbox 1060 1408 1131 1445; x_wconf 76' lang='lat' dir='ltr'><strong>eo:</strong></span> <span class='ocrx_word' id='word_1_118' title='bbox 1152 1395 1269 1460; x_wconf 76' lang='lat' dir='ltr'><strong>quie</strong></span> <span class='ocrx_word' id='word_1_119' title='bbox 1290 1395 1493 1460; x_wconf 66' lang='lat' dir='ltr'><strong>viyinti,</strong></span> <span class='ocrx_word' id='word_1_120' title='bbox 1523 1399 1662 1445; x_wconf 68' lang='lat' dir='ltr'><strong>sorte</strong></span> <span class='ocrx_word' id='word_1_121' title='bbox 1678 1394 1825 1447; x_wconf 76' lang='lat' dir='ltr'><strong>ducti</strong></span> <span class='ocrx_word' id='word_1_122' title='bbox 1840 1400 1891 1445; x_wconf 82' lang='lat' dir='ltr'><strong>et</strong></span> 
     </span>
     <span class='ocr_line' id='line_1_17' title="bbox 277 1467 1891 1542; baseline -0.004 -17"><span class='ocrx_word' id='word_1_123' title='bbox 277 1477 422 1542; x_wconf 74' lang='lat' dir='ltr'><strong>ferro</strong></span> <span class='ocrx_word' id='word_1_124' title='bbox 439 1471 666 1526; x_wconf 77' lang='lat' dir='ltr'><strong>accincti</strong></span> <span class='ocrx_word' id='word_1_125' title='bbox 675 1507 690 1533; x_wconf 93' lang='lat'><em>,</em></span> <span class='ocrx_word' id='word_1_126' title='bbox 723 1470 958 1539; x_wconf 72' lang='lat' dir='ltr'><strong>quotiens</strong></span> <span class='ocrx_word' id='word_1_127' title='bbox 975 1470 1181 1523; x_wconf 79' lang='lat' dir='ltr'><strong>curiam</strong></span> <span class='ocrx_word' id='word_1_128' title='bbox 1198 1469 1405 1531; x_wconf 69' lang='lat' dir='ltr'><strong>inisset,</strong></span> <span class='ocrx_word' id='word_1_129' title='bbox 1431 1467 1651 1521; x_wconf 74' lang='lat' dir='ltr'><strong>salutem</strong></span> <span class='ocrx_word' id='word_1_130' title='bbox 1668 1469 1782 1521; x_wconf 74' lang='lat' dir='ltr'><strong>eius</strong></span> <span class='ocrx_word' id='word_1_131' title='bbox 1796 1468 1891 1519; x_wconf 78' lang='lat' dir='ltr'><strong>de·-</strong></span> 
     </span>
     <span class='ocr_line' id='line_1_18' title="bbox 279 1539 1896 1618; baseline -0.004 -16"><span class='ocrx_word' id='word_1_132' title='bbox 279 1550 560 1618; x_wconf 80' lang='lat' dir='ltr'><strong>senderent.</strong></span> <span class='ocrx_word' id='word_1_133' title='bbox 639 1542 942 1601; x_wconf 83' lang='lat' dir='ltr'><strong>Crediderat</strong></span> <span class='ocrx_word' id='word_1_134' title='bbox 959 1543 1223 1597; x_wconf 88' lang='lat' dir='ltr'><strong>nimirum</strong></span> <span class='ocrx_word' id='word_1_135' title='bbox 1242 1539 1494 1614; x_wconf 77' lang='lat' dir='ltr'><strong>epistolae</strong></span> <span class='ocrx_word' id='word_1_136' title='bbox 1508 1582 1521 1606; x_wconf 92' lang='lat'>,</span> <span class='ocrx_word' id='word_1_137' title='bbox 1542 1544 1771 1596; x_wconf 70' lang='lat' dir='ltr'><strong>subsidio</strong></span> <span class='ocrx_word' id='word_1_138' title='bbox 1788 1544 1896 1596; x_wconf 78' lang='lat' dir='ltr'><strong>eibi</strong></span> 
     </span>
     <span class='ocr_line' id='line_1_19' title="bbox 279 1616 1905 1690; baseline -0.005 -12"><span class='ocrx_word' id='word_1_139' title='bbox 279 1626 505 1678; x_wconf 83' lang='lat' dir='ltr'><strong>alterum</strong></span> <span class='ocrx_word' id='word_1_140' title='bbox 523 1638 594 1677; x_wconf 76' lang='lat' dir='ltr'><strong>ex</strong></span> <span class='ocrx_word' id='word_1_141' title='bbox 612 1622 906 1676; x_wconf 72' lang='lat' dir='ltr'><strong>oonsulibus</strong></span> <span class='ocrx_word' id='word_1_142' title='bbox 923 1618 1193 1690; x_wconf 84' lang='lat' dir='ltr'><strong>poscentis</strong></span> <span class='ocrx_word' id='word_1_143' title='bbox 1208 1657 1221 1684; x_wconf 92' lang='lat'><strong>‚</strong></span> <span class='ocrx_word' id='word_1_144' title='bbox 1250 1626 1311 1672; x_wconf 76' lang='lat' dir='ltr'><strong>ut</strong></span> <span class='ocrx_word' id='word_1_145' title='bbox 1342 1625 1485 1671; x_wconf 78' lang='lat' dir='ltr'><strong>tutus</strong></span> <span class='ocrx_word' id='word_1_146' title='bbox 1500 1634 1536 1671; x_wconf 89' lang='grc' dir='ltr'><strong><em>α</em></strong></span> <span class='ocrx_word' id='word_1_147' title='bbox 1561 1616 1777 1684; x_wconf 72' lang='lat' dir='ltr'><strong>Capreis</strong></span> <span class='ocrx_word' id='word_1_148' title='bbox 1792 1616 1905 1670; x_wconf 40' lang='lat' dir='ltr'><strong>ur?</strong></span> 
     </span>
     <span class='ocr_line' id='line_1_20' title="bbox 283 1690 1892 1767; baseline -0.005 -14"><span class='ocrx_word' id='word_1_149' title='bbox 283 1701 391 1753; x_wconf 83' lang='lat' dir='ltr'><strong>bem</strong></span> <span class='ocrx_word' id='word_1_150' title='bbox 415 1704 628 1767; x_wconf 79' lang='lat' dir='ltr'><strong>peteret.</strong></span> <span class='ocrx_word' id='word_1_151' title='bbox 708 1692 956 1751; x_wconf 84' lang='lat' dir='ltr'><strong>Tiberius</strong></span> <span class='ocrx_word' id='word_1_152' title='bbox 984 1701 1163 1747; x_wconf 88' lang='lat' dir='ltr'><strong>tamen</strong></span> <span class='ocrx_word' id='word_1_153' title='bbox 1181 1734 1195 1759; x_wconf 87' lang='lat'><strong>‚</strong></span> <span class='ocrx_word' id='word_1_154' title='bbox 1237 1690 1470 1747; x_wconf 83' lang='lat' dir='ltr'><strong>ludibria</strong></span> <span class='ocrx_word' id='word_1_155' title='bbox 1496 1690 1652 1746; x_wconf 82' lang='lat' dir='ltr'><strong>seriis</strong></span> <span class='ocrx_word' id='word_1_156' title='bbox 1686 1692 1892 1763; x_wconf 90' lang='lat' dir='ltr'><strong>permi-</strong></span> 
     </span>
     <span class='ocr_line' id='line_1_21' title="bbox 281 1764 1892 1844; baseline -0.004 -17"><span class='ocrx_word' id='word_1_157' title='bbox 281 1790 428 1828; x_wconf 87' lang='lat' dir='ltr'><strong>scere</strong></span> <span class='ocrx_word' id='word_1_158' title='bbox 464 1770 653 1827; x_wconf 82' lang='lat' dir='ltr'><strong>solitus</strong></span> <span class='ocrx_word' id='word_1_159' title='bbox 668 1812 683 1836; x_wconf 82' lang='lat'>,</span> <span class='ocrx_word' id='word_1_160' title='bbox 724 1771 834 1844; x_wconf 83' lang='lat' dir='ltr'><strong>egit</strong></span> <span class='ocrx_word' id='word_1_161' title='bbox 867 1767 1034 1842; x_wconf 84' lang='lat' dir='ltr'><strong>gratis</strong></span> <span class='ocrx_word' id='word_1_162' title='bbox 1072 1764 1468 1824; x_wconf 82' lang='lat' dir='ltr'><strong>benevolentiae</strong></span> <span class='ocrx_word' id='word_1_163' title='bbox 1500 1772 1745 1839; x_wconf 86' lang='lat' dir='ltr'><strong>patrum:</strong></span> <span class='ocrx_word' id='word_1_164' title='bbox 1799 1770 1892 1821; x_wconf 72' lang='lat' dir='ltr'><strong>sed</strong></span> 
     </span>
     <span class='ocr_line' id='line_1_22' title="bbox 282 1838 1892 1919; baseline -0.006 -16"><span class='ocrx_word' id='word_1_165' title='bbox 282 1866 410 1919; x_wconf 73' lang='lat' dir='ltr'><strong>quos</strong></span> <span class='ocrx_word' id='word_1_166' title='bbox 433 1850 601 1903; x_wconf 82' lang='lat' dir='ltr'><strong>omitti</strong></span> <span class='ocrx_word' id='word_1_167' title='bbox 618 1844 807 1917; x_wconf 67' lang='lat' dir='ltr'><strong>posse?</strong></span> <span class='ocrx_word' id='word_1_168' title='bbox 845 1861 974 1913; x_wconf 75' lang='lat' dir='ltr'><strong>quos</strong></span> <span class='ocrx_word' id='word_1_169' title='bbox 1001 1840 1200 1913; x_wconf 62' lang='lat' dir='ltr'><strong>deligi?</strong></span> <span class='ocrx_word' id='word_1_170' title='bbox 1236 1842 1511 1911; x_wconf 79' lang='lat' dir='ltr'><strong>Semperne</strong></span> <span class='ocrx_word' id='word_1_171' title='bbox 1544 1838 1781 1897; x_wconf 79' lang='lat' dir='ltr'><strong>eosdem?</strong></span> <span class='ocrx_word' id='word_1_172' title='bbox 1818 1859 1892 1895; x_wconf 82' lang='lat' dir='ltr'><strong>an</strong></span> 
     </span>
     <span class='ocr_line' id='line_1_23' title="bbox 279 1914 1891 1989; baseline -0.007 -10"><span class='ocrx_word' id='word_1_173' title='bbox 279 1927 494 1979; x_wconf 74' lang='lat' dir='ltr'><strong>subinde</strong></span> <span class='ocrx_word' id='word_1_174' title='bbox 509 1918 682 1979; x_wconf 69' lang='lat' dir='ltr'><strong>alios?</strong></span> <span class='ocrx_word' id='word_1_175' title='bbox 709 1928 759 1975; x_wconf 84' lang='lat' dir='ltr'><strong>et</strong></span> <span class='ocrx_word' id='word_1_176' title='bbox 776 1922 1055 1973; x_wconf 81' lang='lat' dir='ltr'><strong>honoribus</strong></span> <span class='ocrx_word' id='word_1_177' title='bbox 1066 1922 1385 1989; x_wconf 67' lang='lat' dir='ltr'><strong>perfunctae,</strong></span> <span class='ocrx_word' id='word_1_178' title='bbox 1407 1934 1479 1971; x_wconf 84' lang='lat' dir='ltr'><strong>an</strong></span> <span class='ocrx_word' id='word_1_179' title='bbox 1499 1914 1746 1971; x_wconf 67' lang='lat' dir='ltr'><strong>iuvenes?</strong></span> <span class='ocrx_word' id='word_1_180' title='bbox 1766 1921 1891 1987; x_wconf 80' lang='lat' dir='ltr'><strong>pri-</strong></span> 
     </span>
     <span class='ocr_line' id='line_1_24' title="bbox 284 1992 1886 2065; baseline -0.007 -9"><span class='ocrx_word' id='word_1_181' title='bbox 284 2009 457 2062; x_wconf 74' lang='lat' dir='ltr'><strong>vatos,</strong></span> <span class='ocrx_word' id='word_1_182' title='bbox 489 2015 562 2055; x_wconf 86' lang='lat' dir='ltr'><strong>an</strong></span> <span class='ocrx_word' id='word_1_183' title='bbox 587 2013 615 2050; x_wconf 83' lang='lat' dir='ltr'><strong>e</strong></span> <span class='ocrx_word' id='word_1_184' title='bbox 641 1992 1075 2065; x_wconf 71' lang='lat' dir='ltr'><strong>maqistratibus?</strong></span> <span class='ocrx_word' id='word_1_185' title='bbox 1118 1992 1287 2059; x_wconf 77' lang='lat' dir='ltr'><strong>Quam</strong></span> <span class='ocrx_word' id='word_1_186' title='bbox 1313 1995 1498 2047; x_wconf 78' lang='lat' dir='ltr'><strong>deinde</strong></span> <span class='ocrx_word' id='word_1_187' title='bbox 1520 1996 1740 2061; x_wconf 74' lang='lat' dir='ltr'><strong>speciem</strong></span> <span class='ocrx_word' id='word_1_188' title='bbox 1755 1996 1886 2061; x_wconf 77' lang='lat' dir='ltr'><strong>sore,</strong></span> 
     </span>
     <span class='ocr_line' id='line_1_25' title="bbox 281 2064 1892 2137; baseline -0.006 -7"><span class='ocrx_word' id='word_1_189' title='bbox 281 2077 589 2132; x_wconf 77' lang='lat' dir='ltr'><strong>sumentium</strong></span> <span class='ocrx_word' id='word_1_190' title='bbox 615 2075 673 2126; x_wconf 86' lang='lat' dir='ltr'><strong>in</strong></span> <span class='ocrx_word' id='word_1_191' title='bbox 701 2073 878 2125; x_wconf 83' lang='lat' dir='ltr'><strong>limine</strong></span> <span class='ocrx_word' id='word_1_192' title='bbox 907 2073 1088 2123; x_wconf 84' lang='lat' dir='ltr'><strong>curiae</strong></span> <span class='ocrx_word' id='word_1_193' title='bbox 1114 2064 1357 2137; x_wconf 64' lang='lat' dir='ltr'><strong>gladios?</strong></span> <span class='ocrx_word' id='word_1_194' title='bbox 1396 2066 1574 2137; x_wconf 84' lang='lat' dir='ltr'><strong>Neque</strong></span> <span class='ocrx_word' id='word_1_195' title='bbox 1598 2066 1701 2122; x_wconf 70' lang='lat' dir='ltr'><strong>sibi</strong></span> <span class='ocrx_word' id='word_1_196' title='bbox 1726 2067 1892 2121; x_wconf 76' lang='lat' dir='ltr'><strong>vitam</strong></span> 
     </span>
     <span class='ocr_line' id='line_1_26' title="bbox 284 2140 1886 2215; baseline -0.006 -10"><span class='ocrx_word' id='word_1_197' title='bbox 284 2152 432 2212; x_wconf 80' lang='lat' dir='ltr'><strong>tanti,</strong></span> <span class='ocrx_word' id='word_1_198' title='bbox 454 2153 503 2203; x_wconf 79' lang='lat' dir='ltr'><strong>si</strong></span> <span class='ocrx_word' id='word_1_199' title='bbox 521 2150 688 2205; x_wconf 74' lang='lat' dir='ltr'><strong>armis</strong></span> <span class='ocrx_word' id='word_1_200' title='bbox 707 2148 922 2215; x_wconf 72' lang='lat' dir='ltr'><strong>teqenda</strong></span> <span class='ocrx_word' id='word_1_201' title='bbox 939 2149 1089 2215; x_wconf 79' lang='lat' dir='ltr'><strong>[oret.</strong></span> <span class='ocrx_word' id='word_1_202' title='bbox 1130 2142 1270 2197; x_wconf 83' lang='lat' dir='ltr'><strong>Haec</strong></span> <span class='ocrx_word' id='word_1_203' title='bbox 1288 2140 1545 2197; x_wconf 78' lang='lat' dir='ltr'><strong>adversus</strong></span> <span class='ocrx_word' id='word_1_204' title='bbox 1566 2140 1886 2215; x_wconf 79' lang='lat' dir='ltr'><strong>Togonium,</strong></span> 
     </span>
     <span class='ocr_line' id='line_1_27' title="bbox 282 2216 1892 2353; baseline -0.005 -73"><span class='ocrx_word' id='word_1_205' title='bbox 282 2223 460 2353; x_wconf 61' lang='lat' dir='ltr'><strong>verbiis</strong></span> <span class='ocrx_word' id='word_1_206' title='bbox 489 2220 795 2279; x_wconf 87' lang='lat' dir='ltr'><strong>moderans:</strong></span> <span class='ocrx_word' id='word_1_207' title='bbox 838 2236 1016 2293; x_wconf 88' lang='lat' dir='ltr'><strong>neque</strong></span> <span class='ocrx_word' id='word_1_208' title='bbox 1045 2216 1188 2275; x_wconf 81' lang='lat' dir='ltr'><strong>ultra</strong></span> <span class='ocrx_word' id='word_1_209' title='bbox 1221 2216 1561 2275; x_wconf 82' lang='lat' dir='ltr'><strong>abolitionem</strong></span> <span class='ocrx_word' id='word_1_210' title='bbox 1600 2216 1892 2289; x_wconf 82' lang='lat' dir='ltr'><strong>sententiae</strong></span> 
     </span>
     <span class='ocr_line' id='line_1_28' title="bbox 281 2316 523 2355; baseline -0.012 0"><span class='ocrx_word' id='word_1_211' title='bbox 281 2318 379 2355; x_wconf 85' lang='lat' dir='ltr'><strong>sua</strong></span> <span class='ocrx_word' id='word_1_212' title='bbox 419 2316 523 2353; x_wconf 86' lang='lat' dir='ltr'><strong>ere.</strong></span> 
     </span>
    </p>

    <p class='ocr_par' dir='ltr' id='par_1_4' title="bbox 279 2368 1896 2823">
     <span class='ocr_line' id='line_1_29' title="bbox 392 2368 1892 2443; baseline -0.006 -13"><span class='ocrx_word' id='word_1_213' title='bbox 392 2378 442 2430; x_wconf 88' lang='lat'><strong>3.</strong></span> <span class='ocrx_word' id='word_1_214' title='bbox 484 2372 554 2429; x_wconf 78' lang='lat' dir='ltr'><strong>At</strong></span> <span class='ocrx_word' id='word_1_215' title='bbox 571 2372 788 2428; x_wconf 85' lang='lat' dir='ltr'><strong>Iunium</strong></span> <span class='ocrx_word' id='word_1_216' title='bbox 811 2368 1139 2437; x_wconf 86' lang='lat' dir='ltr'><strong>Gallionem,</strong></span> <span class='ocrx_word' id='word_1_217' title='bbox 1161 2369 1257 2443; x_wconf 92' lang='lat' dir='ltr'><strong>qui</strong></span> <span class='ocrx_word' id='word_1_218' title='bbox 1279 2374 1582 2434; x_wconf 83' lang='lat' dir='ltr'><strong>censuerat,</strong></span> <span class='ocrx_word' id='word_1_219' title='bbox 1604 2374 1665 2421; x_wconf 79' lang='lat' dir='ltr'><strong>ut</strong></span> <span class='ocrx_word' id='word_1_220' title='bbox 1676 2375 1892 2435; x_wconf 81' lang='lat' dir='ltr'><strong>praeto-</strong></span> 
     </span>
     <span class='ocr_line' id='line_1_30' title="bbox 280 2446 1893 2519; baseline -0.005 -14"><span class='ocrx_word' id='word_1_221' title='bbox 280 2455 442 2515; x_wconf 81' lang='lat' dir='ltr'><strong>riani,</strong></span> <span class='ocrx_word' id='word_1_222' title='bbox 464 2452 598 2505; x_wconf 77' lang='lat' dir='ltr'><strong>actis</strong></span> <span class='ocrx_word' id='word_1_223' title='bbox 617 2448 889 2519; x_wconf 73' lang='lat' dir='ltr'><strong>stipendiis</strong></span> <span class='ocrx_word' id='word_1_224' title='bbox 901 2489 915 2514; x_wconf 88' lang='lat'>,</span> <span class='ocrx_word' id='word_1_225' title='bbox 942 2452 1028 2502; x_wconf 79' lang='lat' dir='ltr'><strong>ius</strong></span> <span class='ocrx_word' id='word_1_226' title='bbox 1047 2450 1405 2517; x_wconf 76' lang='lat' dir='ltr'><strong>apiscerentur</strong></span> <span class='ocrx_word' id='word_1_227' title='bbox 1422 2448 1480 2499; x_wconf 86' lang='lat' dir='ltr'><strong>in</strong></span> <span class='ocrx_word' id='word_1_228' title='bbox 1500 2446 1893 2513; x_wconf 82' lang='lat' dir='ltr'><strong>quatuordecim</strong></span> 
     </span>
     <span class='ocr_line' id='line_1_31' title="bbox 283 2518 1894 2593; baseline -0.004 -14"><span class='ocrx_word' id='word_1_229' title='bbox 283 2529 552 2582; x_wconf 77' lang='lat' dir='ltr'><strong>ordinibus</strong></span> <span class='ocrx_word' id='word_1_230' title='bbox 569 2528 779 2581; x_wconf 75' lang='lat' dir='ltr'><strong>sedendi</strong></span> <span class='ocrx_word' id='word_1_231' title='bbox 784 2566 799 2590; x_wconf 83' lang='lat'>,</span> <span class='ocrx_word' id='word_1_232' title='bbox 828 2518 1087 2579; x_wconf 84' lang='lat' dir='ltr'><strong>violenter</strong></span> <span class='ocrx_word' id='word_1_233' title='bbox 1105 2521 1400 2593; x_wconf 86' lang='lat' dir='ltr'><strong>increpuit:</strong></span> <span class='ocrx_word' id='word_1_234' title='bbox 1442 2518 1591 2576; x_wconf 84' lang='lat' dir='ltr'><strong>velut</strong></span> <span class='ocrx_word' id='word_1_235' title='bbox 1607 2534 1785 2574; x_wconf 82' lang='lat' dir='ltr'><strong>coram</strong></span> <span class='ocrx_word' id='word_1_236' title='bbox 1803 2534 1894 2573; x_wconf 81' lang='lat' dir='ltr'><strong>ro-</strong></span> 
     </span>
     <span class='ocr_line' id='line_1_32' title="bbox 279 2595 1895 2674; baseline -0.005 -17"><span class='ocrx_word' id='word_1_237' title='bbox 279 2600 456 2674; x_wconf 70' lang='lat' dir='ltr'><strong>gitans</strong></span> <span class='ocrx_word' id='word_1_238' title='bbox 469 2642 482 2666; x_wconf 80' lang='grc'><em>,</em></span> <span class='ocrx_word' id='word_1_239' title='bbox 515 2605 642 2673; x_wconf 83' lang='lat' dir='ltr'><strong>quid</strong></span> <span class='ocrx_word' id='word_1_240' title='bbox 667 2602 751 2656; x_wconf 84' lang='lat' dir='ltr'><strong>illi</strong></span> <span class='ocrx_word' id='word_1_241' title='bbox 775 2616 893 2655; x_wconf 84' lang='lat' dir='ltr'><strong>cum</strong></span> <span class='ocrx_word' id='word_1_242' title='bbox 913 2595 1204 2654; x_wconf 73' lang='lat' dir='ltr'><strong>militibus?</strong></span> <span class='ocrx_word' id='word_1_243' title='bbox 1241 2614 1367 2667; x_wconf 80' lang='lat' dir='ltr'><strong>quos</strong></span> <span class='ocrx_word' id='word_1_244' title='bbox 1388 2612 1548 2667; x_wconf 81' lang='lat' dir='ltr'><strong>neque</strong></span> <span class='ocrx_word' id='word_1_245' title='bbox 1565 2598 1709 2649; x_wconf 78' lang='lat' dir='ltr'><strong>dicta</strong></span> <span class='ocrx_word' id='word_1_246' title='bbox 1728 2596 1895 2667; x_wconf 69' lang='lat' dir='ltr'><strong>irnpe-</strong></span> 
     </span>
     <span class='ocr_line' id='line_1_33' title="bbox 280 2670 1896 2748; baseline -0.004 -19"><span class='ocrx_word' id='word_1_247' title='bbox 280 2679 503 2739; x_wconf 78' lang='lat' dir='ltr'><strong>ratoris,</strong></span> <span class='ocrx_word' id='word_1_248' title='bbox 537 2694 698 2748; x_wconf 83' lang='lat' dir='ltr'><strong>neque</strong></span> <span class='ocrx_word' id='word_1_249' title='bbox 710 2679 953 2745; x_wconf 82' lang='lat' dir='ltr'><strong>praemia</strong></span> <span class='ocrx_word' id='word_1_250' title='bbox 972 2678 1079 2730; x_wconf 77' lang='lat' dir='ltr'><strong>nisi</strong></span> <span class='ocrx_word' id='word_1_251' title='bbox 1105 2676 1173 2728; x_wconf 86' lang='lat' dir='ltr'><strong>ab</strong></span> <span class='ocrx_word' id='word_1_252' title='bbox 1200 2680 1510 2741; x_wconf 79' lang='lat' dir='ltr'><strong>imperatore</strong></span> <span class='ocrx_word' id='word_1_253' title='bbox 1534 2670 1896 2743; x_wconf 53' lang='lat' dir='ltr'><strong>accipet-epar·</strong></span> 
     </span>
     <span class='ocr_line' id='line_1_34' title="bbox 281 2738 1891 2823; baseline -0.001 -19"><span class='ocrx_word' id='word_1_254' title='bbox 281 2758 424 2804; x_wconf 74' lang='lat' dir='ltr'><strong>met.</strong></span> <span class='ocrx_word' id='word_1_255' title='bbox 507 2752 768 2819; x_wconf 74' lang='lat' dir='ltr'><strong>Reperisse</strong></span> <span class='ocrx_word' id='word_1_256' title='bbox 786 2766 1035 2820; x_wconf 76' lang='lat' dir='ltr'><strong>prorsus,</strong></span> <span class='ocrx_word' id='word_1_257' title='bbox 1070 2752 1207 2823; x_wconf 78' lang='lat' dir='ltr'><strong>quod</strong></span> <span class='ocrx_word' id='word_1_258' title='bbox 1232 2750 1281 2801; x_wconf 85' lang='lat' dir='ltr'><strong>d.</strong></span> <span class='ocrx_word' id='word_1_259' title='bbox 1302 2752 1564 2817; x_wconf 73' lang='lat' dir='ltr'><strong>Auyustus</strong></span> <span class='ocrx_word' id='word_1_260' title='bbox 1592 2763 1695 2801; x_wconf 87' lang='lat' dir='ltr'><strong>non</strong></span> <span class='ocrx_word' id='word_1_261' title='bbox 1705 2738 1891 2817; x_wconf 80' lang='lat' dir='ltr'><strong>&#39;provi-</strong></span> 
     </span>
    </p>
   </div>
  </div>
 </body>
</html>
