2081 3038
220 182 471 262 A.c.es-.)
604 191 760 238 mn.
800 191 919 238 xv,
957 193 1138 239 cAP.
1179 194 1263 239 os.
1307 193 1393 241 ⁶4.
1543 137 1554 162 ι
1687 187 1818 254 ,395

220 300 419 355 stantia
440 311 597 364 penes
622 303 1001 363 utrosque-par,
1029 297 1361 350 claritudinis
1376 299 1496 364 plus
1513 301 1678 352 intuo
1701 302 1817 368 fine.

222 372 347 426 Post
362 387 501 442 quae
520 368 703 425 eodem
723 370 831 423 ictu
852 369 1068 422 brachia
1089 367 1226 424 ferro
1244 370 1543 426 exsolvunt.
1597 371 1813 433 Seneca·

224 447 480 518 quoniam
521 443 689 498 senile
724 461 917 515 eorpus
944 452 995 497 et
1012 461 1178 515 parve
1203 445 1350 500 victu
1378 454 1650 504 tenuatum
1679 445 1815 502 lenta

222 520 419 593 effugia
438 519 689 593 sanguini
700 519 1009 591 praebebat,
1024 537 1244 574 crurum
1254 538 1470 593 quoque
1488 531 1539 578 et
1556 522 1817 594 poplitum

225 613 389 651 venas
402 595 690 666 abrumpit.
770 593 1062 666 saevisque
1101 595 1424 650 eruciatibus
1457 596 1720 662 defessus,
1753 615 1819 654 ne

222 669 401 726 dolore
418 687 517 725 suo
537 670 780 725 animum
794 669 978 724 uxoris
996 668 1328 744 infringeret,
1341 680 1500 743 etque
1517 673 1632 744 ipse
1643 673 1820 726 visen-

224 746 293 801 do
320 747 439 800 eius
465 753 722 800 tormenta
745 745 815 798 ad
841 745 1208 816 inpatientiam
1237 745 1566 805 delaberetur
1581 789 1593 812 ‚
1635 747 1820 801 suadet

224 823 283 876 in
312 820 460 877 aliud
484 818 795 875 cubiculum
820 819 1121 876 abscedere.
1199 821 1267 876 Et
1291 822 1588 877 novissimo
1605 819 1821 894 quoque

226 901 493 965 momento
518 894 888 968 suppeditante
916 894 1238 968 eloquentia,
1265 897 1530 954 advocatis
1551 897 1821 968 scriptori-

226 973 349 1038 bus,
382 969 632 1044 pleraque
660 970 892 1038 tradidit,
920 987 1080 1043 quae,
1108 973 1166 1027 in
1187 972 1388 1046 vulgus
1407 973 1546 1028 edita
1561 974 1679 1028 eius
1701 989 1821 1028 ver-

226 1047 329 1113 bis,
354 1048 613 1103 invertere
631 1046 972 1120 supersedeo.
1145 1067 1156 1090 ι

282 1216 289 1229 ·
338 1201 437 1264 64.,
462 1198 533 1253 At
558 1199 715 1264 Nero,
748 1196 898 1254 nullo
922 1198 983 1253 in
1009 1198 1306 1254 Paullinam
1335 1200 1548 1270 proprio
1567 1197 1706 1264 odio,
1736 1215 1819 1262 ac,

230 1291 296 1330 ne
323 1273 567 1348 glisceret
590 1274 795 1328 invidia
825 1272 1170 1339 crudelitatis,
1210 1273 1442 1329 inhiberi
1471 1281 1694 1329 mortem
1711 1275 1820 1328 im-

228 1358 390 1422 perat.
447 1349 791 1406 Hortantibus
808 1349 1094 1414 militibus,
1117 1349 1260 1402 servi
1281 1348 1562 1420 libertique
1583 1347 1820 1421 obligant

228 1425 461 1491 brachia,
502 1431 754 1496 premunt
790 1423 1108 1496 sanguinem
1125 1465 1140 1488 ,
1179 1424 1440 1481 incertum
1476 1441 1543 1476 an
1581 1423 1815 1496 ignarae.

226 1503 383 1568 Nam,
411 1507 473 1555 ut
500 1507 582 1556 est
598 1495 799 1573 vulgus
824 1497 894 1553 ad
912 1496 1168 1553 deteriora
1191 1506 1518 1569 promptum,
1541 1513 1648 1553 non
1667 1497 1820 1553 desu-

224 1594 333 1643 ere,
362 1576 461 1648 qui
488 1574 778 1639 crederent,
806 1578 966 1628 donee
984 1576 1348 1641 inplacabilem
1365 1572 1617 1628 Neronem
1635 1578 1820 1627 timue-

222 1658 315 1712 rit,
336 1658 533 1721 ramam
546 1654 775 1704 socia-tae
794 1666 910 1703 eum
928 1652 1120 1703 marito
1136 1654 1316 1703 mortus
1325 1651 1566 1717 petivisse
1577 1668 1594 1703 .-
1619 1652 1818 1711 deinde,

225 1729 403 1781 oblata
430 1728 633 1779 mitiore
657 1740 762 1791 spe,
794 1726 1157 1779 blandimentis
1181 1728 1320 1779 vitae
1335 1725 1582 1778 evictam.-
1619 1724 1709 1778 eui
1727 1722 1820 1777 ad-

226 1799 363 1857 didit
380 1816 577 1870 paueos
594 1806 775 1869 postea
793 1816 981 1865 anuos,
996 1796 1251 1853 laudabili
1270 1799 1328 1853 in
1347 1798 1601 1853 maritum
1616 1816 1820 1853 memo-

228 1877 327 1939 ria,
359 1882 411 1927 et
434 1888 524 1928 ore
552 1888 613 1928 ac
636 1873 895 1928 membris
922 1873 979 1928 in
997 1891 1124 1928 eum
1141 1872 1396 1947 pallorem
1415 1873 1736 1939 albentibus,
1760 1881 1820 1927 ut

224 1949 455 2006 ostentui
480 1956 637 2014 esset,
671 1946 903 2003 multum
931 1948 1112 2005 vitalis
1141 1949 1362 2021 spiritus
1385 1956 1646 2022 egestum.
1725 1946 1820 2002 Se·-

229 2042 353 2080 neca
376 2023 609 2090 interim,
634 2023 861 2079 durante
878 2031 1046 2079 tractu
1064 2032 1116 2078 et
1143 2023 1456 2081 lentitudine
1476 2024 1680 2087 mortis,
1703 2023 1819 2079 Sta-

222 2098 674 2165 tiumAnnaeum,
686 2099 783 2155 diu
800 2098 906 2154 sibi
926 2099 1191 2154 amicitiae
1207 2098 1312 2155 fide
1329 2106 1380 2153 et
1397 2107 1508 2154 arte
1525 2096 1818 2154 medicinae

226 2176 525 2249 probatum,
552 2182 683 2241 orat,
716 2174 991 2247 provisum
1018 2174 1226 2245 pridem
1257 2191 1522 2229 venenum
1539 2214 1552 2237 ,
1591 2190 1698 2245 quo
1725 2172 1819 2227 da-

224 2252 393 2309 mnati
422 2248 639 2322 publico
662 2248 1072 2305 Atheniensium
1111 2248 1309 2305 iudicio
1333 2250 1814 2323 exstinguerentur,

226 2334 516 2399 promeret:
558 2324 901 2397 adlatumque
921 2324 1103 2379 hausit
1120 2323 1587 2397 frustraffirigidus
1606 2324 1714 2379 iam
1735 2342 1819 2377 ar-

226 2413 333 2468 tus,
357 2410 409 2456 et
425 2400 607 2457 clauso
622 2418 839 2473 corpore
862 2400 1148 2456 adversum
1169 2400 1282 2457 vim
1305 2400 1514 2455 veneni.
1551 2400 1819 2455 Postremo

224 2486 476 2551 stagnum
514 2476 715 2531 calidae
750 2493 921 2548 aquae
956 2476 1176 2541 introiit,
1209 2490 1520 2548 respergens
1547 2474 1818 2547 proximos

204 2570 525 2625 servorum,
570 2552 743 2608 addita
781 2569 937 2609 voce:
997 2555 1162 2607 libare
1187 2568 1246 2605 se
1273 2552 1698 2619 liquorem-illum
1719 2567 1816 2603 10v1

225 2644 527 2683 ursui-om.
602 2628 741 2683 Exin
762 2626 949 2683 balneo
968 2625 1188 2691 inlatus,
1217 2633 1272 2679 et
1289 2640 1482 2696 vapore
1499 2625 1616 2681 eius
1636 2624 1818 2681 exani-

214 2710 423 2772 ·matus,
446 2704 565 2759 sine
584 2704 695 2760 ullo
715 2702 915 2761 funeris
940 2702 1149 2759 solenni
1169 2707 1450 2756 crematur.
1511 2701 1584 2756 Ita
1603 2699 1818 2758 codicil-
