2081 3038
339 196 434 249 tos
809 200 1464 253 uxs'ronmnmu
1566 160 1583 168 ’
1664 190 1942 265 (μιῆς.

335 302 630 355 amicorum
651 299 874 357 oonsilio
890 300 1194 365 deterritus,
1207 308 1421 372 sumpta
1440 306 1705 373 praetexta
1728 310 1777 356 et
1793 319 1946 357 com-

335 376 506 503 posito
523 376 758 448 agmine,
781 377 1018 431 incessit.
1062 375 1300 441 Quatuor
1322 376 1591 448 legionum
1614 376 1828 447 aquilae
1847 372 1943 448 pei·

355 459 578 513 rentem,
623 451 946 521 totidemque
983 451 1120 505 cir-a
1160 469 1189 505 e
1228 450 1529 523 legionibus
1568 450 1689 505 aliis
1720 452 1941 515 vexilla,

335 542 460 579 mox
481 525 580 579 ΧΠ
601 525 804 579 alarum
829 527 1001 597 signa,
1026 534 1077 581 et
1096 534 1213 595 post
1230 526 1471 595 peditum
1499 525 1713 580 ordines
1738 542 1937 598 eques:

333 598 456 653 dein
477 609 704 671 quatuor·
725 609 776 655 et
797 600 956 655 XXX
977 599 1235 663 cohortes,
1267 610 1325 655 ut
1346 601 1561 655 nomina
1582 602 1825 673 gentium
1850 608 1945 655 aut

333 677 538 745 species
557 692 824 732 armorum
851 674 1035 738 forent,
1050 674 1322 729 discretae.
1368 674 1508 729 Ante
1526 674 1761 745 aquilam
1784 692 1944 747 prae-

333 748 452 803 fecti
485 759 776 805 castrorum
810 749 1119 819 tribunique
1144 758 1195 803 ct
1213 750 1375 819 primi
1395 747 1789 815 centurionuin,
1812 768 1945 805 can-

333 824 456 878 dida
489 833 660 879 veste:
703 825 860 879 ceteri
892 826 1038 879 iuxta
1070 841 1225 879 suam
1254 824 1489 895 quisque
1514 826 1828 889 centuriam,
1854 843 1945 879 ar·-

335 900 440 955 mis
457 898 722 971 donisque
744 898 1024 970 fulgentes.
1085 898 1153 954 Et
1174 898 1406 953 militum
1428 897 1673 969 phalerae
1692 907 1943 971 torques-

333 988 441 1046 que
469 972 836 1043 splendebant.
917 974 1108 1029 Decora
1144 970 1319 1035 facies,
1354 981 1405 1027 et
1430 990 1535 1028 non
1558 973 1767 1029 Vitellio
1786 975 1944 1045 prin·-

333 1050 452 1119 cipe
469 1048 667 1120 dignus
687 1048 970 1103 exercitus.
1013 1046 1103 1101 Sic
1118 1047 1437 1118 Capitolium
1462 1049 1756 1121 ingressus,
1776 1058 1944 1121 atque

335 1123 409 1180 ibi
433 1132 652 1177 matrem
671 1121 1004 1192 complexus,
1033 1123 1307 1193 Augustae
1328 1125 1543 1179 nomine
1562 1123 1861 1178 honoravit.

443 1200 526 1251 90.
569 1198 775 1251 Postera
815 1196 921 1260 (lie,
966 1206 1239 1268 tamquam
1280 1198 1425 1268 apud
1462 1198 1679 1253 alterius
1705 1198 1943 1254 civitatis

333 1280 576 1327 senatum
617 1270 1015 1343 populumque,
1060 1272 1396 1345 magnificam
1434 1274 1723 1328 orationem
1754 1273 1823 1328 de
1854 1292 1945 1328 se-

335 1348 560 1418 metipso
589 1349 867 1418 prompsit,
903 1347 1223 1405 industriam
1250 1349 1759 1419 temperantiamque
1776 1366 1939 1403 suam

336 1421 586 1486 laudibus
613 1422 898 1477 adtollens:
942 1422 1170 1479 consciis
1200 1420 1519 1495 flagitiorum
1543 1423 1695 1493 ipsis,
1718 1424 1817 1495 qui
1846 1424 1940 1478 ad-

222 1545 238 1554 -
332 1508 498 1562 erant,
521 1499 780 1570 omnique
805 1496 965 1561 ltalia,
993 1514 1087 1569 per
1107 1514 1271 1569 quam
1294 1514 1483 1554 somno
1502 1506 1553 1552 et
1574 1497 1705 1553 luxu
1728 1498 1939 1571 puden-

331 1574 435 1628 dus
457 1576 760 1628 incesserat.
842 1573 1053 1646 Vulgus
1078 1582 1276 1637 tamen,
1299 1590 1529 1628 vacuum
1557 1575 1723 1633 curis,
1748 1584 1799 1628 et
1820 1577 1941 1629 sine

333 1647 450 1704 salsi
494 1649 714 1719 verique
751 1648 1065 1704 discrimine
1102 1647 1285 1704 solitas
1310 1647 1637 1704 adulationes
1666 1648 1934 1712 edoctum,

333 1722 562 1777 clamore
597 1733 648 1777 et
681 1723 899 1778 vocibus
937 1723 1296 1792 adstrepebat:
1338 1722 1701 1793 abnuentique
1740 1742 1937 1778 nomen

331 1803 568 1866 Auyusti'.
591 1815 916 1869 expressere,
948 1807 1007 1856 ut
1025 1798 1357 1855 adsumeret:
1401 1805 1505 1852 tam
1530 1797 1743 1862 frustra,
1768 1815 1938 1870 quam

333 1882 683 1930 recusaverat.

443 1951 499 2002 9⁴
515 1990 528 2004 .
571 1947 730 2018 Apud
749 1947 1036 2010 civitatem,
1056 1956 1242 2004 cuncta
1262 1948 1713 2019 interpretantem,
1738 1945 1949 2002 funesti·

331 2025 528 2078 ominis
559 2022 670 2078 looo
697 2032 968 2091 acceptum
999 2031 1098 2086 est,
1140 2022 1305 2093 quod,
1335 2023 1633 2078 maximum
1660 2023 1938 2093 pontifica-

333 2107 446 2154 tum
465 2099 709 2168 adeptus,
726 2096 970 2156 Vitellius
987 2097 1055 2152 de
1070 2099 1415 2152 caeremoniis
1436 2097 1667 2167 publicis
1680 2097 1796 2150 XV.
1816 2099 1935 2152 Kal.

330 2173 472 2245 Aug.
497 2173 769 2232 edixisset,
793 2173 1091 2243 antiquitus
1122 2171 1353 2230 infausto
1379 2172 1467 2228 die
1486 2172 1819 2229 Cremerensi
1842 2175 1939 2227 ΑΙ-

333 2246 598 2319 liensique
641 2246 902 2302 cladibus.
983 2247 1129 2302 Adeo
1175 2248 1351 2302 omnis
1392 2246 1613 2302 humani
1652 2247 1939 2319 divinique

334 2323 468 2378 iuris
505 2339 714 2391 expers,
758 2323 872 2392 pari
917 2321 1227 2379 libertorum
1252 2323 1655 2392 amicorumque
1672 2323 1934 2385 socordia,

335 2395 479 2451 velut
507 2399 641 2452 inter
671 2395 988 2452 temulentos
1005 2396 1209 2468 agebat.
1289 2395 1391 2450 Sed
1412 2397 1623 2450 coniitia
1647 2396 1939 2451 consulum

331 2489 454 2525 cum
478 2471 772 2526 candidatis
791 2472 1018 2527 civiliter
1037 2471 1331 2533 celebrans,
1346 2485 1563 2529 omnem
1584 2471 1805 2526 infimae
1824 2472 1939 2542 ple-

242 2597 245 2600 .
331 2545 416 2600 bis
438 2563 726 2610 rumorem,
753 2547 804 2600 in
831 2546 1028 2600 theatro
1052 2554 1109 2602 ut
1128 2554 1404 2614 spectator,
1424 2547 1477 2600 in
1500 2546 1639 2600 circo
1662 2554 1720 2600 ut
1742 2544 1932 2612 fautor,

331 2619 628 2676 adfectavit.
705 2620 873 2686 Quae,
897 2629 1044 2693 grata
1064 2636 1193 2676 sane
1210 2628 1263 2672 et
1281 2619 1579 2690 popularia,
1602 2621 1647 2674 si
1672 2637 1701 2673 a
1723 2622 1939 2676 virtuti-

331 2691 436 2748 bus
463 2693 940 2764 proficiscerentur,
969 2694 1225 2754 memoria
1248 2695 1385 2750 vitae
1400 2696 1597 2766 prioris
1618 2693 1869 2752 indecora
1888 2705 1938 2750 et
