2081 3038
336 216 434 267 304
810 217 913 262 DE
952 215 1460 264 ORATORIBUS

335 321 665 376 institutione
685 327 737 373 et
759 318 966 384 litteriS,
994 315 1195 374 famam
1216 318 1549 392 eloquentiae
1570 326 1931 377 consecutum.

335 399 469 451 Nam
502 403 552 450 et
577 393 820 450 Secundo
845 411 1019 466 purus
1038 401 1090 450 et
1108 411 1331 467 pressus
1348 403 1417 460 et,
1450 396 1507 449 in
1528 404 1795 466 quantum
1812 398 1935 451 satis

335 481 462 536 crat,
507 470 774 542 profluens
813 487 989 524 sermo
1027 487 1137 526 non
1156 469 1352 525 defuit:
1395 477 1447 524 et
1465 470 1627 541 Aper,
1668 472 1934 526 communi

336 567 392 602 ei
397 516 630 602 uditione
655 547 897 611 inbutus,
929 545 1299 601 contemnebat
1322 547 1501 616 potius
1528 544 1749 609 litterae,
1776 557 1935 618 quam

339 623 623 688 nesciebat,
648 630 924 710 tamquam
945 623 1204 677 maiorem
1223 621 1521 676 industriae
1538 629 1591 675 et
1610 619 1776 676 labor·
1762 640 1808 675 is
1826 623 1937 696 glo-

335 701 472 754 riam
503 699 806 763 habiturus,
837 698 887 753 si
907 697 1188 770 ingenium
1208 697 1326 752 eius
1345 695 1513 751 nullis
1540 695 1834 752 alienarum
1858 716 1939 752 ar-

339 777 472 829 tium
495 773 837 828 adminiculis
857 773 1015 828 inniti
1036 772 1325 828 videretur.

448 855 497 904 3.
541 850 726 924 Igitur,
751 856 811 903 ut
826 848 1152 905 intravimus
1171 847 1481 906 cubiculum
1493 847 1738 914 Materni,
1753 849 1941 905 seden-

337 936 442 981 tem
473 926 656 997 ipsum
686 932 757 991 et,
797 941 963 997 quem
991 923 1169 996 pridie
1192 925 1520 990 recitaverat,
1563 922 1765 1004 lihrum
1806 925 1941 980 intra

335 1019 530 1059 manus
551 1001 852 1066 habentem,
879 999 1354 1071 deprehendimus.

446 1077 585 1131 Tum
607 1074 914 1130 Secundus,
957 1073 1178 1131 Nihilne
1195 1082 1266 1141 te,
1289 1076 1487 1165 inquit,
1509 1077 1763 1141 Materne,
1789 1075 1943 1132 fabu-

337 1153 418 1206 lae
455 1151 815 1222 malignorum
853 1157 1071 1216 terrent,
1110 1167 1222 1223 quo
1262 1153 1446 1208 minus
1472 1151 1701 1207 offensas
1726 1151 1942 1209 Catonis

334 1227 411 1281 tui
436 1225 618 1280 ames?
655 1243 723 1280 an
745 1224 864 1281 ideo
883 1224 1085 1280 librum
1106 1225 1275 1282 istum
1294 1226 1713 1298 adprehendisti,
1740 1236 1803 1282 ut
1819 1227 1943 1284 dili-

333 1303 550 1376 gentius
569 1308 894 1367 retractarem
918 1308 970 1357 et
986 1300 1233 1367 sublatis,
1266 1303 1315 1358 si
1340 1320 1449 1375 qua
1468 1320 1663 1375 pravae
1682 1304 1945 1376 interpre-

335 1379 518 1434 tationi
557 1378 834 1433 materiam
877 1376 1159 1444 dederunt,
1205 1378 1472 1434 emitteres
1510 1378 1793 1445 Catonem,
1838 1399 1943 1436 non

335 1453 556 1528 quidem
578 1455 872 1521 meliorem,
895 1453 992 1510 sed
1009 1461 1189 1509 tamen
1208 1454 1569 1511 securiorem?

444 1531 584 1586 Tum
613 1530 724 1596 ille,
767 1531 956 1605 LegeS,
995 1529 1134 1603 quid
1162 1531 1434 1586 Maternus
1462 1532 1569 1587 sibi
1588 1530 1854 1597 debuerit,
1898 1540 1946 1585 et

333 1623 607 1681 agnosces„
648 1624 787 1679 quae
813 1606 1032 1662 audisti.
1113 1604 1318 1673 Quodsi
1335 1624 1444 1680 qua
1462 1608 1644 1662 omisit
1662 1606 1814 1673 Cato,
1862 1624 1947 1662 se-

334 1682 521 1753 quenti
549 1682 852 1738 recitatione
872 1682 1133 1756 Thyestes
1160 1681 1316 1737 dicet.
1396 1683 1545 1738 Hanc
1568 1684 1715 1737 enim
1737 1691 1947 1756 tragoe-

334 1757 495 1812 diam
520 1757 764 1831 disposui
806 1759 914 1813 iam
941 1765 994 1812 et
1020 1757 1160 1811 intra
1192 1774 1279 1813 me
1309 1759 1426 1829 ipse
1462 1758 1719 1814 formavi.
1784 1766 1947 1831 atque

331 1832 453 1889 ideo
470 1842 737 1889 maturare
758 1823 881 1888 libri
901 1832 1069 1887 huius
1088 1831 1375 1888 editionem
1396 1832 1607 1900 sestinO,
1636 1842 1697 1889 ut
1716 1833 1945 1889 dimissa

333 1910 508 1981 priore
527 1927 675 1975 cura,
706 1925 874 1964 novae
892 1908 1197 1981 cogitationi
1216 1916 1321 1964 toto
1339 1918 1549 1980 pectore
1564 1910 1907 1964 incumbam

444 1984 589 2040 Adeo
617 1983 996 2056 te-tragoediae
1023 1984 1157 2039 istae
1184 2000 1291 2040 non
1315 1986 1527 2050 satiant,
1568 1986 1751 2057 inquit
1779 1986 1943 2057 Aper,

333 2079 443 2133 quo
473 2061 676 2125 minuS,
722 2059 940 2113 omissis
968 2060 1269 2115 orationum
1296 2067 1348 2115 et
1375 2078 1687 2116 caussarum
1722 2062 1944 2126 studiiS,

332 2154 491 2193 omne
527 2144 742 2207 tempus
779 2134 939 2191 modo
976 2136 1115 2190 circa
1154 2135 1417 2203 Medeam,
1458 2153 1579 2191 ecce
1617 2154 1765 2191 nunc
1804 2136 1946 2191 circa

333 2212 620 2285 Thyesten,
664 2209 988 2267 consumas?
1023 2228 1151 2267 cum
1178 2218 1253 2267 tot
1279 2213 1574 2267 amicorum
1605 2229 1851 2277 caussae,
1876 2220 1948 2268 tot

331 2287 659 2343 coloniarum
689 2294 740 2342 et
767 2287 1187 2358 municipiorum
1216 2286 1509 2353 clientelae,
1550 2289 1607 2342 in
1640 2285 1820 2342 forum
1856 2305 1948 2342 vo-

333 2371 469 2429 cent,
482 2363 686 2435 quibus
701 2362 798 2418 vix
815 2362 1109 2428 sufficereS,
1122 2363 1333 2419 etiamsi
1352 2381 1458 2419 non
1482 2379 1682 2419 novum
1703 2363 1805 2418 tibi
1829 2364 1948 2435 ipse

334 2440 607 2511 negotium
647 2440 992 2511 inportasseS,
1033 2438 1326 2494 Domitium
1368 2449 1419 2494 et
1447 2438 1719 2504 Catonem,
1763 2437 1821 2493 id
1844 2445 1944 2501 est,

333 2521 538 2568 nostras
570 2530 788 2586 quoque
813 2512 1064 2569 historias
1091 2520 1141 2567 et
1169 2514 1403 2570 Romana
1434 2514 1671 2579 nomina,
1712 2512 1949 2569 Graeco-

331 2604 453 2640 rum
478 2586 674 2643 fabulis
692 2588 998 2661 adgregare.

446 2664 494 2715 4.
537 2664 604 2715 Et
621 2664 910 2727 Maternus,
933 2663 1275 2717 Perturbarer
1299 2663 1400 2717 hac
1416 2672 1507 2719 tua
1532 2663 1834 2729 severitate,
1862 2665 1951 2717 ni-

333 2734 380 2784 si
405 2733 655 2805 frequens
676 2743 726 2790 et
742 2736 967 2791 adsidua
989 2738 1145 2792 nobis
1165 2739 1427 2793 contentio
1450 2741 1555 2793 iam
1566 2739 1803 2810 propein
1815 2755 1950 2794 con-
