2081 3038
270 207 321 246 A.
347 208 395 246 c.
418 187 515 264 το.)
706 199 749 242 1,
766 197 791 242 1
809 199 869 244 B.
908 199 949 244 1.
991 201 1029 244 c
1049 176 1191 246 Ap!
1215 201 1302 246 ss.
1328 199 1422 246 m,
1807 191 1863 244 5⁴

272 303 437 363 habet,
477 307 534 352 ut
572 301 737 352 multa
776 304 931 352 etiam
968 304 1290 354 centuriones
1319 302 1648 368 tribunosque
1675 307 1874 353 tantum

186 384 191 385 ⁷
271 379 441 430 iuberi
478 377 737 440 expediat.
798 373 891 436 Si,
934 377 1025 428 ubi
1052 376 1345 438 iubeantur,
1386 391 1634 442 quaerere
1655 375 1876 442 sinqulis

275 454 445 512 liceat,
462 457 710 516 pereunte
728 451 965 516 obsequio
984 453 1142 520 etiam
1161 452 1431 516 imperium
1452 452 1730 503 intercidit.
1794 449 1874 502 An
1967 481 1980 492 ψ

205 587 213 592 ,
274 531 323 579 et
352 527 463 577 illic
488 531 634 576 nocte
660 531 962 590 intempesta
987 527 1264 590 rapientur
1288 521 1481 576 arma?
1519 539 1654 576 unus
1682 526 1876 577 alterve

270 602 507 668 perditus
521 613 585 651 ac
607 600 911 651 temulentus
919 595 1100 670 (neque
1119 601 1254 650 enim
1266 600 1448 666 plures
1469 600 1878 650 consternatione

274 678 521 740 praa-ima
558 675 815 726 insanisse
851 669 1178 744 crediderim)
1225 674 1544 726 centurionis
1579 687 1644 724 ac
1683 674 1878 724 tribuni

274 752 527 875 set-nquit?
554 763 743 801 manus
768 744 981 801 inbuet?
1028 750 1362 815 imperatoris
1386 751 1472 800 sui
1493 748 1767 800 tentorium
1793 748 1879 798 in·-

276 831 475 890 rumpet

386 899 470 952 84.
522 897 617 951 Vos
636 899 839 965 quidem
856 900 997 951 istud
1008 911 1113 965 pro
1131 913 1236 950 me.-
1275 901 1366 951 sed
1385 901 1440 950 in
1457 899 1700 951 discursu
1719 913 1784 950 ac
1806 904 1880 950 te-

276 977 449 1028 nebris
477 979 524 1026 et
550 987 728 1026 rerum
755 975 981 1026 omnium
1008 975 1305 1042 confusione
1318 975 1558 1041 patefieri
1581 975 1786 1039 occasio
1805 979 1882 1024 et-

277 1055 383 1104 iam
412 1051 661 1102 adversus
687 1063 767 1100 me
788 1054 970 1116 potest.
1049 1046 1114 1102 Si
1139 1047 1341 1102 Vitellio
1368 1057 1416 1102 et
1440 1049 1752 1103 satellitibus
1771 1051 1882 1104 eius

276 1127 496 1193 eliqendi
514 1125 742 1192 facultas
762 1127 931 1186 detur,
949 1139 1097 1192 quc-m
1116 1125 1262 1177 nobis
1280 1126 1526 1188 animum,
1540 1139 1674 1194 quas
1691 1133 1882 1180 mentes

278 1205 621 1266 inpresentur,
646 1201 773 1266 quid
790 1200 955 1261 aliud,
978 1215 1137 1269 quom
1153 1201 1452 1253 sed-itionem
1476 1209 1523 1253 et
1543 1203 1876 1264 discordiam,

276 1277 539 1342 optabunt,
571 1289 635 1326 ne
663 1275 809 1327 miles
829 1277 1134 1336 centurioni,
1167 1291 1231 1326 ne
1253 1279 1485 1328 centurio
1511 1279 1718 1330 tribuno
1737 1275 1880 1329 obse-

276 1357 499 1418 quatur;
539 1351 659 1402 hinc
690 1352 890 1417 confusi
904 1351 1106 1416 pedites
1125 1352 1417 1417 equitesque
1437 1354 1492 1403 in
1511 1355 1729 1404 eoeitium
1748 1367 1880 1404 rua-

276 1421 429 1478 mus?
469 1423 703 1476 Parendo
727 1425 915 1490 potius,
944 1423 1327 1484 commilitones,
1359 1439 1515 1491 quam
1541 1427 1760 1492 imperia
1780 1429 1880 1478 du-

278 1516 394 1555 cum
418 1501 749 1560 sciscitando,
782 1513 867 1552 res
895 1497 1152 1551 militares
1184 1501 1511 1551 continentur
1519 1516 1539 1566 ‚·
1587 1507 1633 1553 et
1652 1503 1880 1569 fartissi-

276 1592 390 1629 mus
414 1579 472 1629 in
500 1578 612 1642 ipso
629 1576 929 1627 discrimine
948 1574 1210 1625 exercitus
1230 1580 1320 1635 est,
1349 1577 1441 1641 qui
1457 1580 1580 1626 ante
1601 1578 1882 1628 discrimen

278 1652 641 1719 quietissimus.
704 1646 849 1701 Vobis
866 1662 1018 1701 arma
1038 1654 1086 1700 et
1102 1650 1308 1701 animus
1325 1651 1424 1701 sit:
1464 1650 1590 1703 mihi
1610 1652 1882 1705 consilium

276 1733 325 1778 et
344 1727 556 1777 virtutis
574 1730 777 1776 vestrae
804 1725 1026 1791 reqimen
1046 1724 1335 1791 relinquite.
1413 1723 1704 1779 Paucorum
1726 1728 1882 1793 culpa

276 1803 395 1869 suit,
416 1801 638 1850 duorum
651 1812 819 1865 poena
836 1802 965 1851 erit:
987 1800 1144 1851 ceteri
1161 1799 1357 1851 abolete
1373 1804 1672 1854 memoriam
1689 1804 1884 1870 foedis-

276 1876 440 1927 simae
459 1874 653 1925 noctis.-
686 1888 777 1926 nec
798 1874 921 1925 illas
936 1875 1188 1927 adversus
1206 1881 1440 1927 senatum
1457 1890 1606 1928 voces
1621 1876 1762 1928 ullus
1779 1892 1880 1929 un-

279 1963 436 2017 quam
454 1949 715 2001 eoeercitus
734 1950 934 2001 audiat.
968 1946 1132 2015 Caput
1153 1951 1358 2016 imperii
1377 1956 1425 2001 et
1445 1950 1634 2003 decora
1655 1953 1880 2003 omnium

275 2025 669 2091 provinciarum
704 2025 776 2075 ad
809 2037 1027 2089 poenam
1061 2039 1250 2077 vocare
1287 2040 1391 2077 non
1420 2024 1590 2078 hercle
1614 2027 1697 2077 illi
1708 2066 1722 2087 ,
1754 2041 1880 2093 quos

280 2100 624 2153 cummaxime
649 2097 882 2151 Vitellius
902 2099 957 2149 in
974 2112 1068 2151 nos
1088 2101 1204 2161 ciet,
1231 2096 1480 2153 Germani
1497 2102 1739 2153 audeant.
1787 2100 1880 2151 Ul·-

280 2176 383 2228 line
401 2174 591 2227 Italiae
608 2174 825 2235 alumni,
849 2180 897 2225 et
921 2172 1151 2226 Romana
1169 2188 1286 2227 vere
1303 2176 1557 2237 iuventus,
1575 2177 1647 2227 ad
1663 2178 1880 2241 sanqui-

276 2266 391 2303 nem
412 2256 459 2302 et
480 2250 683 2302 caedem
702 2250 1088 2315 depoposcerint
1108 2252 1354 2311 ordinem,
1381 2252 1529 2303 cuius
1544 2250 1816 2317 splendore
1833 2256 1879 2301 et

276 2326 451 2393 qloria
494 2325 674 2378 sordes
718 2330 767 2375 et
810 2324 1174 2376 obscuritatem
1217 2324 1611 2377 Vitellianarum
1645 2325 1878 2391 partium

274 2396 745 2467 praestrinyimus?
792 2396 1044 2453 Nationes
1079 2400 1289 2467 aliquas
1323 2398 1593 2467 occupavit
1628 2399 1877 2462 Vitellius,

278 2478 553 2542 imaqinem
581 2474 845 2541 quandam
874 2474 1137 2527 exereitus
1166 2476 1340 2527 habet.-
1378 2482 1589 2527 senatus
1615 2474 1880 2527 nobiseum

278 2556 367 2603 est.
444 2546 535 2603 Sic
562 2550 639 2617 fit,
668 2554 728 2601 ut
754 2548 874 2601 hinc
900 2550 1212 2614 respublica,
1243 2550 1363 2601 inde
1381 2550 1546 2602 hostes
1564 2550 1881 2617 reipublicae

280 2626 618 2691 constiterint.
696 2619 871 2687 Quid?
906 2638 999 2677 vos
1011 2624 1420 2702 pulcherrimam
1437 2624 1572 2686 hanc
1590 2624 1768 2677 urbem
1785 2628 1880 2677 do—

277 2701 444 2753 mibus
462 2706 511 2751 et
534 2702 683 2753 tectis
702 2704 755 2781 et
774 2705 1012 2767 conqestu
1032 2694 1266 2767 lapidum
1279 2696 1423 2827 siml-3³
1443 2695 1691 2755 creditis?
1727 2698 1792 2755 M
1789 2706 1879 2753 uta
