2081 3038
287 216 386 271 856
853 218 1327 269 ANNALnJm
1613 210 1890 284 (nunno.

287 322 568 379 delictum?
606 338 764 392 quam
794 326 1104 391 cuiusquam
1128 320 1499 392 offensionem?
1534 319 1630 383 An,
1654 323 1783 389 quia
1800 338 1894 374 ve-

285 418 405 454 ram
427 402 724 467 progeniem
749 398 1024 452 Penatibus
1056 396 1339 451 Caesarum
1362 400 1557 451 datura
1582 390 1692 449 sit?
1732 398 1895 449 malle

279 477 531 546 populum
552 474 838 529 Romanum
863 475 1093 526 tibicinis
1110 472 1347 541 Acqyptii
1367 474 1592 531 subolem
1609 476 1894 538 imperato-

285 554 371 605 rio
384 552 600 619 sastiqio
616 544 835 602 induci?
854 547 1102 615 Denique,
1114 551 1165 601 si
1180 551 1237 601 id
1254 550 1409 601 rebus
1424 550 1694 609 conducat,
1710 547 1891 607 libens,

287 642 445 695 quam
465 632 691 687 coactus,
713 625 910 678 acciret
928 624 1300 685 dominam,vel
1316 624 1600 676 consuleret
1617 625 1895 675 securitati

285 707 428 755 iusta
445 701 660 755 ultione.
731 696 800 751 Et
819 700 1036 751 modicia
1053 700 1295 751 remediis
1307 701 1511 765 primos
1525 704 1693 750 motus
1710 711 1895 749 conse-

287 780 453 830 disse:
492 782 567 838 at,
596 776 646 830 ai
669 776 937 840 desperem
961 788 1185 827 uxorem
1210 772 1435 826 Neronia
1459 777 1571 842 soro
1596 770 1893 835 Octaviam,

286 854 371 905 illi
387 853 636 905 maritum
652 852 885 902 daturos.

397 928 484 981 62.
526 923 720 979 Varius
747 938 943 985 sermo,
967 919 1104 975 etad
1124 928 1328 976 metum
1348 928 1509 993 atque
1526 921 1661 975 iram
1682 936 1895 975 aecem-

289 1000 554 1064 modatuS,
576 997 764 1053 terruit
781 995 947 1052 simul
969 994 1274 1051 audientem
1292 1004 1347 1051 et
1364 995 1620 1051 accondit.
1668 994 1775 1051 Sed
1794 1013 1896 1069 pa-

289 1091 411 1130 rum
443 1072 650 1129 valebat
672 1072 910 1143 suspicio
933 1071 994 1125 in
1021 1085 1196 1136 servo,
1228 1078 1281 1127 et
1296 1071 1703 1144 quaestionibus
1720 1070 1895 1125 aneil-

289 1150 462 1205 larum
486 1147 636 1203 elusa
663 1154 789 1201 erat.
867 1147 1010 1219 Ergo
1036 1144 1680 1203 confessionem‘alicuius
1698 1147 1893 1218 quaeri

285 1224 475 1297 placet,
505 1223 594 1279 cui
621 1238 802 1276 rerum
832 1238 1051 1293 quoque
1078 1238 1339 1276 novarum
1364 1221 1568 1277 crimen
1594 1221 1894 1295 adfingere-

286 1309 392 1355 tur.
465 1298 536 1354 Et
553 1298 708 1353 visus
728 1296 952 1352 idoneus
970 1303 1239 1352 maternae
1259 1296 1406 1351 necis
1424 1304 1674 1367 patrator,
1697 1296 1893 1351 Anice-

286 1385 394 1439 tus,
435 1372 595 1430 classi
621 1370 763 1444 apud
793 1372 1084 1437 Misenum,
1130 1378 1189 1428 ut
1214 1372 1527 1437 memoravi,
1568 1370 1888 1444 praefectus,

287 1450 394 1506 levi
420 1457 541 1523 post
567 1448 866 1504 admissum
897 1446 1076 1502 scelus
1104 1448 1292 1522 gratia,
1321 1446 1447 1505 dein
1470 1448 1715 1523 graviore
1734 1448 1887 1504 odio:

285 1527 414 1600 quia
444 1523 708 1580 malorum
738 1522 1036 1579 facinorum
1062 1523 1297 1579 ministri
1326 1524 1484 1597 quasi
1511 1524 1891 1596 exprobrantes

285 1602 674 1673 adspiciuntur.
751 1599 920 1672 Igitur
945 1598 1174 1654 accitum
1203 1616 1329 1655 eum
1358 1598 1551 1655 Caesar
1568 1607 1757 1668 operae
1768 1605 1891 1668 pri-

285 1682 395 1732 oris
428 1675 701 1730 admonet:
759 1677 928 1729 solum
963 1677 1313 1730 incolumitati
1340 1679 1603 1744 principia
1637 1679 1891 1730 adversus

285 1755 616 1806 insidiantem
653 1758 870 1804 matrem
905 1751 1226 1804 eumeniam:
1292 1753 1462 1805 locum
1492 1754 1635 1805 haud
1668 1755 1893 1806 minoris

283 1829 490 1896 qratiac
518 1830 734 1888 instare,
761 1829 811 1879 ai
840 1829 1105 1893 coniuyem
1131 1827 1388 1894 infensam
1412 1829 1699 1894 depelleret.
1780 1827 1893 1881 Nec

284 1917 443 1956 manu
488 1909 584 1956 aut
627 1902 728 1954 telo
762 1916 918 1968 opus:
971 1904 1229 1969 fateretur
1268 1900 1517 1956 Octaviae
1552 1903 1889 1956 adulterium.

287 1977 506 2033 Occulta
528 1977 734 2044 quidem
762 1979 834 2029 ad
855 1991 1120 2043 praesens,
1160 1978 1251 2028 sed
1274 1980 1528 2044 maynaci
1540 1981 1801 2045 praemia,
1843 1986 1895 2031 et

283 2067 512 2106 accessus
537 2065 777 2104 amoenos
798 2049 1075 2120 promittit,
1096 2052 1193 2113 vel,
1220 2053 1271 2104 ci
1286 2054 1588 2124 neqavisset,
1610 2067 1786 2105 necem
1804 2054 1895 2107 in-

283 2132 463 2181 tentat.
544 2124 641 2179 Ille
667 2124 827 2178 insita
847 2124 1109 2189 vecordia,
1140 2131 1191 2179 et
1210 2123 1457 2180 facilitate
1472 2126 1717 2198 priorum
1736 2125 1897 2202 flagi-

285 2201 501 2264 tiorum,
521 2199 678 2272 plura
693 2200 877 2264 etiam,
900 2215 1067 2271 quam
1086 2201 1300 2254 iussum
1320 2209 1451 2266 erat,
1474 2201 1647 2275 fingit,
1670 2200 1896 2258 fatetur-

283 2294 393 2350 que
417 2275 561 2348 apud
585 2274 809 2339 amieos,
839 2291 976 2346 quos
997 2273 1145 2330 velut
1162 2275 1385 2331 oonsilio
1402 2276 1719 2332 adhibuerat
1735 2280 1897 2350 prin-

284 2369 428 2424 ceps.
503 2351 642 2406 Tum
661 2351 719 2404 in
737 2348 1038 2406 Sardiniam
1055 2349 1293 2421 pellitur,
1316 2350 1412 2406 ubi
1437 2367 1543 2408 non
1564 2353 1724 2425 inops
1744 2356 1897 2411 exsi-

285 2427 420 2483 lium
440 2424 699 2490 toleravit,
727 2432 779 2479 et
797 2424 902 2480 fato
917 2424 1069 2481 obiit.

393 2505 478 2556 63.
519 2500 588 2556 At
615 2501 772 2566 Nero,
799 2506 1120 2572 praesectum
1147 2505 1205 2556 in
1230 2519 1371 2572 spem
1396 2506 1677 2558 sociandae
1704 2507 1898 2563 classis

287 2585 602 2644 corruptum,
627 2582 681 2631 et
703 2576 975 2632 incusatae
999 2575 1191 2649 paullo-
1209 2585 1329 2632 ante
1354 2582 1649 2634 sta-ilitatia
1662 2579 1892 2649 oblitus,

285 2653 494 2718 abactas
510 2659 700 2719 partus
717 2655 1031 2708 conscientia
1052 2655 1339 2718 libidinum,
1360 2657 1522 2724 caque
1536 2658 1640 2709 sibi
1658 2673 1898 2726 comper-

289 2733 360 2787 ta,
401 2721 567 2780 edicto
603 2733 887 2783 memorat:
945 2726 1233 2800 insulaque
1271 2727 1581 2785 Pandataria
1608 2729 1895 2792 Octaviam
