2081 3038
316 227 381 278 ‘16
796 233 1446 285 nsslsTonlARUM
1644 224 1922 298 (mmm.

316 351 427 387 rem
468 341 627 404 atque
662 333 845 388 odium
889 333 1076 390 caedes
1111 333 1336 402 Galbae3
1379 342 1558 388 contra
1587 331 1667 388 illi
1697 335 1920 390 initium

316 407 442 464 belli
463 425 621 464 nemo
636 409 931 479 inputabat.
991 409 1237 464 Vitellius
1255 417 1440 464 ventre
1461 415 1511 462 et
1528 408 1653 482 gula
1675 409 1780 462 sibi
1801 410 1922 480 ipse

317 483 511 551 hostis3
555 482 691 538 Otho
713 483 866 548 luxu,
892 484 1130 548 saevitia,
1154 483 1394 548 audacia,
1417 483 1742 554 reipublicae
1762 485 1923 538 exiti-

313 559 456 614 osior
484 557 795 612 ducebatur.
876 557 1186 614 Coniunctis
1207 557 1463 613 Caecinae
1489 575 1552 612 ac
1569 557 1807 612 Valentis
1830 575 1921 613 co-

312 634 439 706 ρίἰε,
464 632 612 688 nulla
632 633 768 687 ultra
789 649 953 703 penes
972 632 1282 688 Vitellianos
1297 651 1464 697 mora,
1489 633 1621 704 quin
1643 634 1766 688 totis
1786 634 1921 686 viri-

313 709 418 763 bus
447 707 739 763 certarent.'
800 706 940 762 Otho
964 706 1300 770 consultavit,
1334 706 1471 761 trahi
1499 706 1698 761 bellum
1722 725 1791 762 an
1813 707 1920 762 for-

314 792 499 839 tunam
530 783 758 853 experiri
800 780 1045 854 placeret.
1126 782 1263 835 Tum
1295 781 1580 836 Suetonius
1613 781 1916 846 Paullinus,

312 859 541 932 dignum
565 857 700 910 fama
724 875 821 910 sua
842 865 1007 921 ratuS,
1024 875 1131 928 qua
1156 873 1312 911 nemo
1330 856 1422 911 illa
1443 863 1750 927 tempestate
1771 855 1919 910 mili—

315 935 442 987 taris
470 933 547 986 rei
573 930 812 986 callidior
831 930 1142 996 habebatur,
1166 931 1233 985 de
1252 939 1356 986 toto
1373 947 1566 1004 genere
1585 930 1711 985 belli
1732 948 1919 986 cense-

312 1026 387 1072 re,
410 1011 789 1077 festinationem
808 1009 1051 1069 hostibus,
1070 1023 1269 1060 moram
1287 1010 1417 1073 ipsis
1433 1010 1609 1060 utilem
1628 1004 1912 1062 disseruit:

424 1085 506 1136 32.
536 1081 853 1134 Exercitum
900 1081 1091 1134 Vitellii
1135 1085 1433 1134 universum
1470 1085 1763 1135 advenisse.-
1821 1099 1916 1135 nee

312 1158 529 1210 multum
546 1159 739 1208 virium
763 1173 798 1208 a
819 1163 975 1222 teryo,
998 1160 1244 1224 quoniam
1268 1155 1474 1210 Galliae
1494 1163 1736 1216 tumeant,
1759 1165 1806 1209 et
1825 1161 1918 1210 de-

311 1247 481 1284 serere
510 1231 673 1283 Rheni
700 1233 887 1296 ripam,
923 1234 1216 1297 inrupturis
1247 1239 1353 1284 tam
1381 1234 1580 1300 infestis
1598 1231 1914 1298 nationibus,

311 1322 415 1358 nen
441 1309 695 1358 conducat
707 1324 723 1356 .·
762 1305 1129 1358 Britannicum
1151 1307 1364 1358 militem
1382 1308 1522 1358 hoste
1539 1313 1588 1360 et
1605 1303 1748 1358 mari
1761 1309 1917 1360 disti-

312 1384 455 1434 neri:
496 1380 782 1448 Hispanias
810 1383 975 1434 armis
1002 1384 1204 1433 nonita
1227 1383 1549 1433 redundare:
1584 1383 1912 1451 provinciam

315 1456 697 1510 Narbonensem
722 1459 938 1509 incursu
967 1457 1152 1508 classis
1177 1463 1224 1508 et
1249 1459 1468 1508 adverso
1481 1457 1684 1523 proelio
1709 1465 1915 1508 contre·

310 1535 527 1585 muisse:
551 1534 783 1585 clausam
797 1532 1027 1597 Alpibus,
1044 1539 1089 1583 et
1109 1532 1252 1583 nullo
1271 1535 1436 1584 maris
1454 1533 1696 1593 subsidia,
1717 1532 1914 1585 Trans-

306 1610 573 1675 padanam
593 1606 820 1667 Italiam,
848 1614 1003 1674 atque
1022 1609 1136 1673 ipso
1157 1609 1382 1659 transitu
1401 1609 1662 1659 exercitus
1680 1614 1884 1659 vastam
1896 1626 1914 1659 .-

312 1698 420 1740 non,
430 1684 742 1747 frumentum
763 1696 982 1749 usquam
999 1683 1272 1742 exercitui,
1285 1696 1377 1733 nec
1399 1684 1684 1733 exercitum
1701 1685 1814 1734 sine
1826 1698 1912 1734 eo·

298 1756 412 1821 piis
432 1758 648 1807 retineri
667 1771 831 1822 posse.
893 1755 1005 1807 Iam
1030 1754 1330 1817 Germanos,
1359 1758 1495 1823 quod
1512 1772 1672 1823 yenus
1687 1757 1911 1809 militum

310 1832 451 1895 apud
481 1831 646 1883 hostes
682 1833 1064 1882 atrocissimum
1090 1831 1175 1891 sit,
1220 1838 1388 1883 tracto
1417 1833 1474 1882 in
1497 1836 1743 1883 aestatem
1763 1833 1908 1891 belle,

309 1908 470 1969 lluoeis
492 1906 809 1971 corporibus,
840 1907 1172 1957 mutationem
1191 1906 1292 1957 soli
1311 1907 1540 1972 caelique
1557 1906 1698 1957 haud
1719 1908 1914 1957 tolera-

312 1989 471 2033 turos.
549 1980 721 2033 Multa
751 1980 899 2039 bella,
932 1981 1108 2045 inpetu
1135 1982 1330 2042 valida,
1353 1996 1451 2045 per
1477 1982 1650 2033 taedia
1669 1987 1718 2033 et
1737 1996 1913 2033 moras

310 2058 591 2107 evanuisse.
652 2052 845 2105 Contra
862 2056 991 2119 ipsis
1008 2058 1184 2106 omnia
1204 2056 1445 2120 opulenta
1465 2062 1512 2107 et
1529 2057 1666 2123 fida.-
1706 2054 1913 2109 Panno·-

310 2134 467 2189 niam,
491 2129 757 2189 Moesiam,
782 2128 1118 2189 Dalmatiam,
1145 2127 1418 2191 Orientem,
1444 2146 1560 2182 cum
1578 2132 1795 2196 inteyris
1815 2146 1911 2183 οω-

304 2206 581 2269 ercitibus;
620 2202 833 2257 Italiam
858 2210 907 2255 et
938 2211 1092 2269 caput
1117 2219 1293 2256 rerum
1321 2205 1529 2256 urbem:
1579 2212 1913 2272 senatumque

309 2288 356 2331 et
389 2280 639 2345 populum
676 2293 955 2345 numquam
989 2280 1210 2330 obscura
1235 2282 1462 2340 nomina,
1503 2282 1600 2330 etsi
1625 2280 1914 2345 aliquando

310 2355 702 2418 obumbrentur;
736 2354 977 2418 publicas
1012 2356 1352 2420 privatasque
1391 2369 1508 2419 opes
1547 2360 1596 2405 et
1627 2356 1912 2407 inmensam

307 2432 597 2492 pecuniam,
610 2430 746 2479 inter
768 2429 943 2479 ciuiles
962 2431 1255 2481 discordias
1273 2432 1416 2494 ferro
1433 2429 1770 2494 ualidiorem;
1793 2444 1914 2480 cor-

307 2518 439 2566 pora
459 2503 683 2554 militum
706 2508 799 2552 aut
820 2501 1007 2553 ltaliae
1032 2510 1196 2563 sueta,
1227 2510 1322 2555 aut
1339 2504 1580 2554 aestibus.
1659 2500 1916 2556 Obiacere

310 2578 496 2638 {lunten
533 2575 745 2637 Padum,
790 2582 929 2627 tutas
966 2579 1100 2628 viris
1139 2579 1401 2643 murisque
1441 2577 1621 2641 urbes;
1669 2592 1698 2626 e
1725 2580 1916 2642 quibus

308 2650 507 2700 nullam
534 2650 668 2701 hosti
704 2664 981 2711 cessuram,
1012 2650 1308 2703 Placentiae
1338 2652 1626 2717 defensione
1659 2652 1915 2715 explora—

310 2726 425 2759 *ψη-
510 2721 730 2774 Proinde
748 2726 957 2775 duceret
978 2725 1176 2775 bellu-m.
1235 2722 1421 2777 Paucis
1439 2726 1615 2777 diebus
1635 2732 1914 2791 quartam-
