2081 3038
215 184 315 240 280
780 188 1250 233 ANNALIUM
1552 176 1824 251 (A.u.sor.

326 294 411 345 60.
439 289 640 345 Eodem
656 305 794 345 anno
809 289 1023 360 saepius
1035 288 1215 343 audita
1230 306 1337 344 vox
1349 288 1631 361 principis,
1640 306 1829 358 parem

217 371 320 425 vim
339 383 516 421 rerum
531 369 816 419 habendam
832 383 868 419 a
881 367 1313 432 procuratoribus
1324 368 1435 419 suis
1448 368 1823 428 iudicatarum,

215 461 281 499 ae
299 447 348 499 si
367 445 476 511 ipse
493 445 775 497 statuisset.
855 438 951 505 Ac,
977 457 1045 494 ne
1065 438 1277 496 fortuito
1293 438 1585 511 'prolapsus
1614 438 1828 495 videre-

216 526 333 583 tur,
367 522 584 572 senatus
615 530 834 588 quoque
863 514 1105 573 consulto
1132 522 1378 580 cautum,
1414 514 1629 587 plenius
1656 533 1823 587 quam

217 599 370 649 antea
393 599 446 647 et
471 591 711 647 uberius.
790 591 928 645 Nam
956 589 1011 645 d.
1043 590 1323 664 Augustus
1340 630 1353 654 ,
1376 594 1519 659 apud
1546 600 1823 661 equestres,

217 672 310 739 qui
333 667 560 737 Aegypto
585 669 966 735 praesiderent,
1009 668 1117 733 leqe
1145 670 1237 735 aqi
1250 707 1263 729 ,
1304 669 1611 735 decretaque
1648 683 1829 719 eorum

217 747 432 813 perinde
448 746 629 797 haberi
646 742 901 805 iusserat,
933 758 998 795 ae
1027 746 1078 795 si
1096 744 1434 809 maqistratus
1454 742 1675 795 Romani
1701 758 1827 797 con-

217 822 532 873 stituissent:
571 832 697 871 mox
715 813 846 870 alias
865 832 962 887 per
979 816 1285 887 provincias
1299 857 1311 880 ‚
1344 822 1395 869 et
1421 809 1477 868 in
1498 814 1633 871 urbe
1649 814 1828 887 plera-

217 910 325 966 que
343 909 588 949 concessa
619 897 772 955 sunt,
803 907 942 961 quae
971 889 1102 945 olim
1122 907 1153 945 a
1171 890 1502 961 praetoribus
1532 890 1827 952 nosceban-

219 977 324 1023 tur.
403 965 661 1023 Claudius
686 982 846 1020 omne
874 965 960 1020 ius
988 963 1229 1030 tradidit,
1261 965 1328 1019 de
1345 982 1453 1037 quo
1474 966 1661 1021 totiens
1682 966 1829 1021 sedi-

218 1044 359 1099 tione
377 1050 468 1096 aut
487 1042 650 1095 armis
670 1046 947 1104 certatum,
968 1057 1094 1094 cum
1113 1038 1443 1113 Semproniis
1461 1040 1827 1113 rogationibus

219 1124 460 1189 equester
480 1114 606 1171 ordo
627 1116 681 1170 in
701 1115 1038 1187 possessione
1058 1115 1381 1170 iudiciorum
1405 1114 1690 1184 locaretur3
1734 1124 1829 1170 aut

219 1208 437 1246 rursum
457 1189 714 1246 Serviliae
741 1189 884 1265 leges
912 1190 1121 1245 senatui
1146 1190 1345 1244 iudicia
1365 1190 1668 1259 reilderent3
1712 1192 1827 1245 Ma-

218 1268 443 1339 riusque
483 1271 535 1319 et
559 1264 706 1320 Sulla
745 1265 876 1321 olim
915 1264 980 1321 de
1020 1282 1082 1320 eo
1121 1264 1206 1320 vel
1234 1265 1519 1337 praecipue
1545 1264 1821 1321 bellarent.

217 1340 322 1396 Sed
364 1347 493 1397 tunc
528 1340 779 1396 ordinum
818 1340 1030 1397 diversa
1068 1338 1273 1396 studia:
1318 1347 1368 1394 et
1394 1357 1534 1413 quae
1567 1340 1823 1407 vicerant,

219 1416 432 1489 publice
453 1414 714 1472 valebant.
760 1416 820 1472 C.
845 1415 1057 1489 Oppius
1076 1423 1127 1471 et
1145 1414 1425 1471 Cornelius
1442 1414 1641 1471 Balbus
1660 1417 1825 1489 primi

219 1492 462 1548 Caesaris
487 1492 684 1565 opibus
711 1500 929 1564 potuere
967 1491 1294 1550 conditiones
1332 1491 1481 1564 pacis
1520 1498 1571 1547 et
1609 1491 1826 1549 arbitria

218 1567 346 1623 belli
366 1576 603 1623 tractare.
683 1569 869 1624 Matios
890 1569 1112 1641 posthae
1129 1575 1181 1622 et
1200 1567 1394 1622 Vedios
1414 1575 1465 1621 et
1484 1575 1652 1622 cetera
1671 1570 1829 1641 equi-

218 1650 334 1698 tum
355 1644 713 1700 Romanorum
744 1642 1046 1716 praevalida
1076 1643 1321 1707 nomina,
1351 1641 1546 1698 referre
1576 1643 1711 1699 nihil
1733 1645 1829 1699 ad·-

219 1718 461 1786 tinuerit;
521 1736 648 1772 oum
685 1718 942 1773 Claudius
979 1718 1195 1773 libertos
1212 1760 1224 1783 ,
1278 1735 1415 1790 quos
1456 1719 1532 1772 rei
1575 1717 1826 1775 familiari

217 1791 553 1864 praefecerat,
577 1793 792 1864 sibique
814 1801 864 1847 et
884 1792 1095 1868 legibus
1116 1793 1508 1864 adaequaverit.

329 1869 384 1921 fit
400 1907 413 1921 .
455 1867 656 1922 Retulit
696 1867 820 1924 dein
870 1868 938 1923 de
980 1869 1299 1924 inmunitate
1339 1867 1463 1923 Cois
1507 1869 1787 1925 tribuenda
1810 1892 1821 1926 :

219 1940 495 2016 multaque
521 1958 686 2015 super
713 1943 1026 2016 antiquitate
1053 1961 1237 1999 eorum
1258 1945 1590 2000 memoravit.
1668 1947 1827 2014 Aryi-

216 2035 323 2082 vos,
345 2021 426 2072 vel
449 2017 650 2081 Coeum,
673 2019 905 2074 Latonae
916 2029 1207 2087 parentem,
1235 2024 1606 2074 vetustissimos
1624 2024 1827 2076 insulae

219 2096 470 2148 cultores.-
509 2111 634 2148 mom
662 2097 887 2148 adventu
906 2093 1207 2164 Aesculapii
1236 2103 1404 2150 artem
1430 2099 1667 2150 medendi
1684 2098 1826 2150 inla-

217 2177 351 2232 tam,
373 2172 700 2238 maximeque
720 2173 858 2224 inter
867 2178 1105 2237 posteros
1122 2175 1234 2225 eius
1260 2172 1505 2224 celebrem
1522 2175 1707 2241 fuisse,
1728 2189 1827 2226 no-

218 2243 364 2298 mina
383 2241 724 2318 singulorum
743 2241 996 2310 referens,
1018 2252 1071 2300 et
1087 2245 1289 2318 quibus
1310 2245 1549 2317 quisque
1566 2245 1825 2300 aetatibus

217 2316 534 2392 viguissent.
616 2316 762 2384 Quin
800 2319 960 2374 etiam
996 2319 1163 2386 dixit,
1210 2321 1623 2388 Xenophontem,
1676 2325 1827 2376 cuius

215 2395 436 2448 seientia
454 2398 564 2462 ipse
584 2403 834 2458 uteretur,
849 2399 1026 2449 eadem
1042 2399 1250 2466 familia
1268 2405 1467 2450 ortum:
1484 2399 1827 2465 precibusque

217 2472 328 2523 eius
347 2471 602 2533 dandum,
633 2479 693 2524 ut
720 2474 860 2524 mnni
880 2473 1073 2525 tributo
1092 2476 1249 2527 vacui
1266 2477 1601 2540 inposterum
1624 2469 1717 2526 Coi
1732 2490 1829 2526 sa·-

219 2559 364 2596 cram
384 2552 432 2597 et
453 2551 654 2598 tantum
673 2549 757 2599 dei
774 2551 1069 2600 ministram
1088 2551 1315 2602 insulam
1336 2549 1571 2602 colerent.
1636 2547 1829 2619 Neque

213 2615 444 2672 dubium
466 2617 692 2675 habetur
706 2662 718 2685 ‚
742 2619 910 2675 multa
932 2620 1239 2677 eorumdem
1261 2623 1317 2676 in
1336 2639 1462 2694 pop.
1488 2622 1639 2678 Rom.
1660 2623 1830 2678 meri-

216 2700 268 2749 ta
303 2691 583 2768 sociasque
619 2694 866 2756 victorias
901 2698 1141 2774 potuisse
1182 2697 1336 2756 tradi.
1417 2695 1522 2756 Sed
1564 2696 1837 2760 Claudius·
