2081 3038
327 210 430 266 238
811 213 1466 262 nxs'ronmnmet
1662 205 1929 280 (ausu.

331 334 465 373 num
495 313 711 382 molem,
743 317 900 372 cuius
927 316 1139 372 obiectu
1158 316 1431 373 revolutus
1451 317 1629 374 amnis
1650 317 1935 375 adiacenti-

329 393 435 448 bus
475 391 968 464 superfunderetur.
1046 393 1125 448 Ea
1164 392 1265 448 loci
1310 392 1496 459 forma,
1539 393 1758 448 incertis
1784 394 1932 450 vadis

329 467 552 524 subdola
585 475 634 522 et
663 468 818 523 nobis
846 468 1097 523 adversa:
1139 469 1344 540 quippe
1372 469 1529 524 miles
1559 470 1831 525 Romanus
1850 487 1934 524 ar·-

330 545 438 599 mis
475 544 659 618 gravis
692 551 744 599 et
769 543 932 598 nandi
959 544 1220 615 pavidus;
1264 543 1589 611 German03‚
1619 543 1932 601 fluminibus

329 627 529 686 suetos,
545 619 732 675 levitas
751 636 1025 674 armorum
1044 628 1099 674 et
1114 620 1399 691 proceritas
1418 637 1703 692 corporum
1714 619 1929 676 adtollit.

444 699 526 750 ⁴5.
570 696 756 769 Igitur,
799 694 1182 750 lacessentibus
1205 695 1435 761 Batavis,
1474 693 1803 752 ferocissimo
1820 696 1935 751 cui-

329 781 439 846 que
477 779 776 826 nostrorum
819 779 1063 842 coeptum
1097 778 1391 826 certamen:
1432 770 1624 825 deinde
1642 778 1753 825 orta
1776 771 1936 843 trepi-

329 847 491 913 datio,
527 863 654 902 cum
679 844 928 918 praealtis
957 845 1248 918 paludibus
1278 863 1446 912 arma,
1478 847 1626 918 equi,
1655 845 1936 902 hauriren-

330 931 437 978 tur.
517 922 776 978 Germani
815 923 952 977 notis
989 921 1143 976 vadis
1172 920 1556 993 persultabant,
1595 923 1796 976 omissa
1822 921 1938 996 ple-

333 1015 566 1070 rumque
595 996 782 1061 fronte,
817 997 976 1051 latera
1005 1013 1068 1052 ac
1086 1006 1231 1070 terga
1253 997 1750 1052 circumvenientes,
1830 997 1938 1052 Ne-

332 1091 460 1146 que,
503 1080 563 1127 ut
603 1073 658 1126 in
698 1071 930 1143 pedestri
972 1073 1113 1138 acie,
1150 1074 1396 1128 cominus
1436 1071 1759 1141 certabatur3
1820 1072 1935 1136 sed,

331 1158 606 1220 tamquam
639 1145 815 1201 navali
843 1163 1047 1220 pugna,
1072 1148 1195 1222 vagi
1221 1149 1359 1202 inter
1376 1145 1571 1214 undas,
1602 1155 1711 1212 aut,
1736 1147 1939 1220 siquid

331 1221 521 1278 stabile
539 1221 865 1288 occurrebat,
879 1223 1002 1278 totis
1021 1221 1135 1278 illic
1154 1223 1464 1295 corporibus
1486 1223 1731 1288 nitenteS‚
1747 1224 1939 1278 vulne-

241 1321 248 1326 ·
331 1299 432 1354 rati
459 1315 584 1353 cum
616 1298 859 1370 integris,
881 1297 1038 1370 periti
1060 1298 1223 1354 nandi
1244 1315 1368 1354 cum
1391 1295 1593 1374 ignaris
1610 1300 1669 1353 in
1690 1305 1937 1353 mutuam

331 1375 623 1448 perniciem
642 1373 1057 1446 inplicabantur.
1135 1375 1307 1430 Minor
1325 1382 1523 1440 tamen,
1552 1391 1717 1447 quam
1737 1391 1837 1446 pro
1856 1381 1941 1429 tu.-

331 1451 528 1517 multu‚
551 1449 768 1505 caedes:
812 1451 960 1524 quia,
984 1467 1091 1505 non
1112 1450 1231 1505 ausi
1252 1450 1431 1525 egredi
1452 1449 1703 1523 paludem
1714 1449 1941 1506 Germa·-

332 1530 410 1594 ni,
440 1530 499 1583 in
525 1534 693 1582 castra
720 1526 941 1583 rediere.
1020 1527 1157 1582 Eius
1184 1526 1372 1599 proelii
1398 1534 1624 1581 eventus
1646 1534 1940 1598 utrumque

330 1605 543 1668 ducem,
568 1603 797 1658 diversis
817 1604 985 1658 anImi
1007 1603 1265 1669 motibus,
1296 1602 1363 1658 ad
1386 1601 1767 1660 maturandum
1788 1620 1941 1658 sum-

332 1696 452 1734 mae
471 1679 548 1732 rei
569 1678 858 1734 discrimen
879 1679 1065 1735 erexit.
1124 1678 1317 1735 Civilis
1338 1679 1535 1734 instare
1555 1677 1816 1745 fortunae,
1842 1678 1940 1735 Ce-

329 1753 480 1811 rialis
501 1753 709 1809 abolere
729 1754 1101 1828 ignominiam.
1145 1754 1398 1811 Germani
1418 1754 1689 1827 prosperis
1709 1752 1936 1823 feroces3

331 1832 598 1887 Romanos
617 1830 791 1902 pudor
809 1831 1147 1885 excitaverat.
1206 1830 1326 1889 Nox
1344 1830 1488 1902 apud
1508 1830 1761 1887 barbaros
1782 1838 1940 1887 cantu

331 1915 424 1963 aut
442 1906 690 1967 clamore,
715 1906 912 1961 nostris
933 1922 1028 1979 per
1046 1906 1181 1960 iram
1204 1913 1255 1961 et
1273 1908 1469 1972 minaS,
1492 1914 1623 1961 acta.

443 1986 527 2037 ⁴6.
552 1982 764 2036 Postera
784 1979 904 2036 luce
925 1980 1147 2036 Cerialis
1168 1983 1347 2053 equite
1366 1990 1417 2038 et
1433 1981 1733 2037 auxiliariis
1754 1982 1944 2039 cohor-

333 2059 479 2113 tibus
502 2055 727 2114 frontem
748 2055 950 2128 explet:
993 2058 1053 2112 in
1072 2057 1305 2113 secunda
1326 2059 1436 2113 acie
1458 2057 1693 2135 legiones
1711 2056 1940 2115 locatae:

331 2134 445 2188 dux
463 2132 569 2188 sibi
589 2130 819 2187 delectos
836 2132 1125 2188 retinuerat
1144 2132 1210 2187 ad
1230 2133 1520 2205 inprovisa.
1582 2132 1777 2190 Civilis
1796 2136 1948 2192 haud

332 2216 569 2280 porrecto
589 2208 823 2281 agmine,
848 2208 944 2262 sed
963 2208 1170 2273 cuneis,
1194 2208 1412 2263 adstitit.
1468 2208 1649 2264 Batavi
1670 2210 1947 2285 Gugerni-

333 2301 441 2356 que
457 2284 516 2338 in
535 2284 747 2352 dextr03
791 2283 940 2339 laeva
959 2302 1020 2339 ac
1044 2284 1288 2356 propiora
1312 2282 1552 2339 fluminis
1574 2284 1949 2342 Transrhena-

333 2361 390 2414 ni
430 2367 664 2413 tenuere.
744 2359 1055 2415 Exhortatio
1093 2359 1315 2424 ducum,
1355 2376 1460 2419 non
1490 2376 1635 2413 more
1669 2363 1948 2419 concionis

334 2434 478 2505 apud
496 2434 799 2501 universos,
813 2435 910 2490 sed
928 2444 986 2490 ut
1007 2451 1256 2508 quosque
1274 2451 1496 2490 suorum
1518 2433 1945 2493 advehebantur.

333 2508 556 2564 Cerialis
583 2518 801 2564 veterem
829 2512 1051 2565 Romam*
1078 2514 1301 2564 nominis
1323 2512 1562 2579 qloriam,
1587 2515 1843 2580 antiquas
1860 2530 1953 2567 re-

334 2592 600 2654 centesque
628 2588 909 2641 victorias:
947 2594 1007 2641 ut
1027 2588 1299 2655 perfidum,
1338 2590 1601 2653 iqnavum,
1628 2588 1829 2641 victum
1854 2590 1953 2642 Ιιο-

333 2666 476 2721 stem,
521 2662 580 2713 in
614 2669 880 2715 aeternum
925 2666 1243 2717 exciderent.
1329 2660 1532 2715 Ultimae
1555 2664 1743 2729 magis,
1787 2680 1955 2731 quam

409 2734 546 2795 welto,
577 2748 704 2801 opus
731 2752 852 2790 esse.
930 2738 1207 2791 Paneion-es
1234 2752 1398 2803 nuper
1430 2738 1811 2802 cumpluribus
1830 2756 1955 2793 cor-
