2081 3038
299 232 395 283 460
772 233 1421 282 insa-onmnun
1622 226 1909 299 (masaa.

292 336 409 391 diti.
490 336 679 403 Fuere,
720 338 839 410 qui,
881 344 1099 408 excepto
1125 335 1531 393 Vitellianorum
1571 334 1746 409 signo,
1789 349 1912 407 quo

292 412 430 467 inter
457 428 517 465 se
538 413 914 480 noscebantur,
950 413 1090 467 ultro
1115 413 1402 486 rogitantes
1430 412 1905 484 respondentesve,

292 487 570 543 audaciam
590 504 686 559 pro
709 488 903 543 latebra
924 488 1197 543 haberent.

402 564 487 618 74.
530 564 885 629 DomitianuS,
916 565 1090 636 prima
1125 562 1430 634 inruptione
1453 562 1598 633 apud
1623 561 1906 616 aedituum

291 637 603 704 occultatus,
637 639 870 695 sollertia
901 639 1096 703 liberti,
1129 639 1268 693 linco
1292 639 1491 692 amictu
1521 638 1706 692 turbae
1733 638 1908 691 sacri-

292 713 529 769 colarum
559 716 821 770 inmixtus
851 715 1253 788 ignoratusque,
1287 712 1432 783 apud
1453 712 1758 767 Cornelium
1783 712 1909 765 Pri-

294 806 475 855 mum,
518 797 799 860 paternum
828 790 1094 853 clientem,
1135 790 1284 843 iuxta
1312 787 1623 852 Velabrum,
1663 786 1901 842 delituit.

293 865 370 919 Ac
396 865 624 935 potiente
654 882 834 919 rerum
864 874 1030 936 patre,
1064 863 1282 919 disiecto
1309 863 1509 917 aeditui
1529 862 1901 927 contubern10‚

295 940 563 995 modicum
594 939 851 995 sacellum
880 960 977 995 1ov1
1006 956 1384 1004 consanvuom,
1415 952 1672 1010 aramque
1694 938 1902 1009 posuit,

290 1032 448 1069 casus
486 1032 615 1070 suos
651 1017 708 1069 in
738 1032 1003 1071 marmore
1030 1032 1358 1086 expressam.
1438 1012 1581 1079 Mox,
1604 1013 1904 1083 imperium

292 1090 533 1159 adeptuS‚
558 1109 656 1145 10v1
676 1108 872 1145 cusi-om
892 1089 1155 1161 templum
1177 1089 1386 1163 ingens,
1400 1104 1567 1161 seque
1585 1088 1642 1142 in
1664 1089 1791 1143 sinu
1813 1087 1903 1143 dei

292 1166 536 1218 sacravit.
616 1163 849 1219 Sabinus
876 1175 927 1220 et
950 1165 1180 1228 AtticuS,
1201 1166 1402 1219 onerati
1423 1164 1622 1219 catenis
1647 1162 1786 1217 etad
1807 1163 1906 1219 Vi-

292 1237 498 1293 tellium
536 1238 701 1305 ducti,
745 1256 1090 1313 nequaquam
1129 1239 1319 1295 infesto
1357 1256 1602 1295 sermone
1633 1237 1908 1311 vultuque

292 1314 655 1385 excipiuntur,
696 1312 1070 1381 frementibus,
1109 1317 1208 1388 qui
1249 1318 1336 1369 ius
1376 1314 1552 1370 caedis
1581 1323 1633 1369 et
1659 1314 1900 1385 praemia

292 1398 511 1445 navatae
549 1408 737 1463 operae
774 1392 1039 1463 petebant.
1122 1391 1366 1446 Clamore
1405 1408 1434 1445 a
1469 1390 1734 1462 proximis
1760 1398 1897 1455 orto,

290 1465 502 1522 sordida
530 1484 655 1539 pars
679 1466 855 1540 plebis
876 1467 1206 1541 supplicium
1233 1465 1418 1522 Sabini
1439 1466 1693 1538 exposcit,
1721 1466 1901 1519 minas

291 1541 728 1616 adulationesque
756 1546 963 1599 miscet.
1043 1542 1279 1598 Stantem
1308 1558 1404 1614 pro
1429 1541 1687 1616 gradibus
1713 1540 1902 1612 palatii

292 1617 587 1683 Vitellium,
610 1627 661 1674 et
679 1636 862 1691 preces
882 1627 1178 1691 parantem,
1201 1619 1491 1690 pervicere,
1515 1627 1578 1671 ut
1595 1616 1896 1672 absisteret.

292 1693 430 1745 Tum
478 1692 784 1750 confossum
830 1694 1328 1765 conluceratumque
1372 1701 1424 1747 et
1467 1692 1676 1747 absciso
1725 1693 1902 1762 capite

292 1775 543 1822 truncum
563 1787 757 1840 corpus
776 1768 960 1824 Sabini
982 1769 1039 1823 in
1063 1769 1352 1824 Gemonias
1373 1768 1610 1822 trahunt.

399 1844 484 1897 75.
529 1845 627 1900 Hic
644 1847 821 1900 exitus
841 1845 946 1898 viri
964 1843 1110 1898 haud
1129 1860 1259 1898 sane
1277 1843 1582 1914 spernendi.
1642 1841 1902 1914 Quinque

290 1927 341 1973 et
360 1918 575 1992 triginta
596 1920 857 1992 stipendia
878 1920 935 1974 in
956 1917 1227 1991 republica
1250 1917 1458 1983 fecerat,
1479 1917 1624 1973 domi
1647 1916 1900 1973 militiae-

291 2011 398 2065 que
417 1995 611 2049 claruS.
694 1994 1053 2048 Innocentiam
1080 1995 1451 2066 iustitiamque
1469 1994 1588 2048 eius
1605 2010 1714 2048 non
1733 2009 1898 2066 argu-

290 2086 434 2124 eres:
476 2071 739 2125 sermonis
771 2068 975 2123 nimius
1004 2077 1132 2124 erat.
1213 2069 1272 2123 Id
1297 2087 1470 2124 unum
1490 2077 1694 2140 septem
1715 2070 1894 2133 annis,

288 2144 493 2216 quibus
512 2146 785 2209 Moesiam,
801 2144 1103 2210 duodecim,
1117 2145 1320 2216 quibus
1339 2143 1722 2216 praefecturam
1743 2144 1896 2198 urbis

290 2219 539 2286 obtinuit,
570 2220 927 2275 calumniatus
952 2227 1032 2274 est
1051 2237 1252 2274 rumor.
1333 2221 1393 2274 In
1416 2219 1520 2276 fine
1541 2219 1682 2274 vitae
1699 2219 1790 2273 alii
1812 2237 1896 2272 se-

288 2312 470 2366 gnem,
513 2295 670 2352 multi
702 2295 1032 2351 moderatum
1061 2303 1111 2349 et
1137 2295 1340 2350 civium
1369 2293 1652 2368 sanguinis
1671 2310 1894 2365 parcum

288 2370 577 2426 credidere.
656 2371 810 2438 Quod
840 2373 977 2427 inter
1006 2385 1192 2426 omnes
1221 2371 1530 2435 constiterit,
1553 2377 1674 2425 ante
1693 2370 1892 2441 princi-

289 2452 475 2514 patum
509 2448 839 2518 Vespasiani,
872 2447 1035 2502 decus
1064 2445 1258 2501 domus
1285 2463 1449 2517 penes
1478 2445 1740 2499 Sabinum
1763 2454 1891 2500 erat.

290 2517 519 2574 Caedem
540 2523 657 2576 eius
677 2522 867 2576 laetam
888 2521 1058 2577 fuisse
1079 2522 1328 2576 Muciano
1343 2521 1667 2592 accepimus.
1738 2521 1898 2574 Fere-

289 2593 417 2646 bant
442 2595 704 2667 plerique,
739 2602 893 2652 etiam
910 2602 1035 2666 paci
1056 2599 1360 2660 consultum,
1381 2600 1638 2664 dirempta
1659 2599 1896 2650 acmula-

291 2669 426 2720 tione
454 2673 590 2723 inter
615 2675 761 2734 duos,
802 2677 1021 2739 quorum
1047 2675 1186 2726 alter
1208 2689 1263 2726 se
1287 2675 1508 2741 fratrem
1545 2675 1893 2738 imperatoris,

289 2743 425 2792 alter
446 2753 729 2798 consortem
745 2749 955 2812 imperii-
972 2751 1242 2816 coyitaret.
1309 2743 1416 2800 Sed
1433 2743 1683 2801 Vitellius
1701 2759 1894 2802 oonsu-
