2081 3038
198 218 432 294 neno.)
607 229 769 275 ΜΒ.
811 206 1103 278 11.·cA'1‘.
1147 233 1230 276 67.
1274 232 1351 276 os,
1724 227 1787 278 95

299 331 382 386 67.
413 329 699 385 Proximus
718 329 932 387 Vitellio
949 349 978 386 e
996 332 1269 404 praetoriis
1292 331 1592 387 cohortibus
1614 341 1788 388 metus

197 415 316 460 erat.
389 405 626 478 Separati
647 406 886 478 primum
905 425 916 475 3
959 407 1169 470 deinde,
1191 406 1367 461 addito
1388 408 1636 462 honestae
1655 408 1789 462 mis-

197 481 358 536 sionis
397 480 705 546 lenimento,
749 499 895 536 arma
934 482 1000 535 ad
1027 482 1269 536 tribunos
1295 499 1421 536 suos
1453 482 1784 539 deserebant:

196 557 356 612 donec
383 565 589 612 motum
609 575 639 610 a
658 557 984 628 Vespasiano
1002 556 1205 611 bellum
1231 557 1605 613 crebresceret:
1649 566 1785 623 tum,

197 641 460 704 resumpta
503 629 712 695 militia,
757 632 923 687 robur
950 631 1327 685 Flavianarum
1363 633 1598 702 partium
1619 630 1785 687 fuere.

196 703 368 762 Prima
389 705 728 761 classicorum
751 705 888 780 legio
907 707 962 760 in
983 707 1293 778 Hispaniam
1316 707 1501 771 missa,
1514 715 1574 760 ut
1593 723 1721 778 paee
1740 715 1791 760 et

193 782 298 837 otio
336 779 657 836 mitesceret:
717 783 997 836 undecima
1037 799 1099 834 ac
1137 781 1360 852 septima
1400 783 1517 836 suis
1546 781 1787 836 hibernis

196 855 452 910 redditae:
514 855 924 911 tertiadecimani
967 863 1171 910 struere
1206 857 1588 928 amphitheatra
1629 857 1783 910 iussi.

194 933 328 984 Nam
352 929 572 985 Caecina
582 929 888 997 Cremonae,
904 931 1097 986 Valens
1117 931 1399 996 Bononiae,
1423 931 1786 1004 spectaculum

191 1004 541 1080 gladiatorum
583 1006 735 1060 edere
769 1006 1053 1077 parabant:
1106 1025 1402 1079 numquam
1439 1009 1511 1062 ita
1541 1007 1605 1062 ad
1632 1025 1787 1062 curas

191 1083 392 1136 intento
410 1079 641 1146 Vitellio,
665 1089 724 1135 ut
745 1081 1075 1152 voluptatum
1095 1078 1515 1138 oblivisceretur.
1576 1083 1644 1138 Et
1663 1084 1788 1156 qui-
1835 1146 1847 1160 ο

143 1156 311 1228 jdem
331 1165 506 1228 partes
530 1155 763 1211 modeste
779 1155 1121 1213 distraxerat:
1162 1158 1305 1229 apud
1328 1159 1553 1214 victores
1573 1169 1681 1214 orta
1702 1175 1787 1213 se-

189 1231 338 1296 ditio,
373 1230 576 1286 ludicro
603 1233 774 1297 initio,
805 1233 912 1288 nisi
943 1249 1203 1287 numerus
1231 1250 1505 1290 caesorum
1524 1234 1784 1290 invidiam

189 1304 330 1362 bello
346 1307 600 1361 auxisset.

251 1425 272 1432 ..
299 1384 382 1435 68.
421 1381 1024 1436 DiscubueratVitellius
1046 1381 1237 1444 Ticini,
1261 1381 1497 1436 adhibito
1516 1381 1581 1435 ad
1601 1381 1785 1452 epulas

189 1456 460 1531 Verginio.
540 1457 722 1531 Legati
745 1457 1079 1526 tribunique,
1122 1471 1187 1508 ex
1227 1455 1468 1509 moribus
1504 1455 1788 1526 imperato-

187 1550 332 1595 rum,
345 1526 676 1587 severitatem
699 1529 1053 1589 aemulantur,
1066 1527 1150 1582 vel
1170 1530 1503 1600 tempestivis
1524 1532 1785 1585 conviviis

185 1608 446 1681 gaudent:
507 1606 730 1677 perinde
778 1604 932 1659 miles
977 1605 1217 1659 intentus
1262 1611 1354 1658 aut
1399 1603 1612 1659 licenter
1656 1608 1779 1678 agit.

183 1682 346 1754 Apud
365 1681 639 1737 Vitellium
661 1680 838 1734 omnia
860 1679 1195 1751 indisposita,
1220 1677 1525 1743 temulenta,
1552 1681 1787 1754 pei-vigi*

185 1759 276 1813 liis
297 1774 360 1811 ac
378 1752 817 1817 Bacchanalibus,
840 1772 1005 1825 quam
1023 1755 1336 1827 disciplinae
1363 1764 1417 1809 et
1437 1756 1639 1819 castriS,
1664 1772 1787 1827 pro-

181 1834 356 1905 piora.
437 1829 604 1899 Igitur
631 1827 842 1881 duobus
870 1829 1155 1890 militibus,
1186 1830 1347 1884 altero
1377 1828 1599 1902 legionis
1624 1832 1787 1901 quin-

182 1916 290 1967 tae,
316 1902 478 1969 altero
497 1918 528 1953 e
545 1900 715 1954 Gallis
735 1902 1107 1968 auxiliaribuS,
1128 1922 1220 1975 per
1242 1903 1515 1958 lasciviam
1538 1904 1601 1957 ad
1622 1914 1786 1957 certa-

183 1996 316 2033 men
348 1975 582 2031 luctandi
613 1978 868 2042 accensis,
897 1986 1177 2048 postquam
1207 1978 1527 2051 legionarius
1548 1979 1785 2047 procide—

183 2062 287 2118 rat,
321 2050 608 2106 insultante
627 2050 798 2116 Gallo,
831 2060 882 2106 et
901 2053 986 2115 iis,
1017 2053 1111 2123 qui
1143 2052 1207 2106 ad
1227 2052 1573 2124 spectandum
1596 2068 1787 2105 conve-

183 2136 393 2193 nerant,
418 2127 474 2181 in
503 2126 678 2181 studia
707 2126 958 2192 diductis,
991 2144 1212 2196 erupere
1234 2126 1507 2201 legionarii
1527 2128 1585 2199 in
1608 2127 1790 2198 perni-

174 2206 322 2258 ciem
345 2201 689 2272 auxiliorum,
713 2218 774 2257 ac
793 2203 930 2257 duae
949 2202 1187 2257 cohortes
1212 2202 1529 2257 interfectae.
1596 2203 1787 2256 Reme-

178 2280 339 2333 dium
369 2276 634 2333 tumultus
664 2275 766 2331 suit
794 2277 935 2333 alius
960 2276 1243 2331 tumultus,
1321 2277 1507 2332 Pulvis
1531 2276 1717 2349 procul
1741 2286 1789 2329 et

178 2370 334 2408 arma
363 2350 822 2423 adspiciebantur:
864 2352 1250 2408 conclamatum
1279 2362 1509 2423 repente,
1543 2353 1687 2406 XIV.
1716 2351 1787 2404 le-

175 2430 420 2503 gionem,
464 2444 619 2482 verso·
634 2427 840 2492 itinere,
864 2427 928 2481 ad
950 2426 1212 2499 proelium
1233 2430 1433 2482 venire.
1514 2426 1618 2481 Sed
1640 2435 1787 2481 erant

177 2504 419 2577 agminis
457 2510 736 2557 coactores.
817 2501 997 2576 Agniti
1037 2502 1316 2573 dempsere
1348 2501 1783 2573 sollicitudinem.

178 2578 404 2633 Interim
425 2577 664 2651 Verginii
693 2594 883 2633 servus
908 2576 1038 2633 forte
1068 2576 1282 2640 obviuS‚
1315 2585 1375 2630 ut
1394 2591 1676 2647 percussor
1694 2578 1787 2632 Vi-

175 2653 318 2707 tellii
337 2653 708 2708 insimulatum
751 2661 802 2709 et
820 2652 1006 2709 ruebat
1024 2654 1090 2708 ad
1112 2652 1418 2708 convivium
1440 2652 1619 2718 mileS,
1644 2670 1785 2707 mor-

175 2736 291 2783 tem
313 2727 552 2803 Verginii
578 2744 886 2801 exposcens,
962 2728 1042 2783 Ne
1060 2727 1308 2785 Vitellius
1327 2726 1569 2800 quidem,
1590 2746 1784 2801 quam·
