2081 3038
989 123 1016 142 l

209 232 259 272 A.
283 213 452 289 c.71.)
639 223 778 270 ΜΒ.
817 222 914 272 lv.
955 224 1117 271 OAP.
1159 224 1239 271 τε.
1282 225 1365 271 τε).
1712 221 1812 276 223

211 332 424 398 repente
447 326 664 392 animis„
689 333 832 400 terga
851 327 1077 382 victores
1099 332 1321 383 vertere.
1399 325 1507 397 Ipsi
1526 326 1733 382 territos
1755 345 1813 382 se

209 399 506 457 cohortium
527 401 780 472 adspectu
801 399 1056 467 ferebant,
1088 417 1225 472 quae
1247 402 1421 471 primo
1443 401 1628 472 inpetu
1648 402 1815 458 disie-

209 483 340 542 ctae,
365 477 598 532 summis
619 494 808 531 rursus
827 478 972 550 iugis
991 475 1466 550 congregabantur,
1497 494 1558 531 ac
1577 478 1811 549 speciem

210 553 336 606 novi
357 551 547 608 auxilii
564 551 811 607 fecerant.
883 551 987 607 Sed
1003 552 1207 607 obstitit
1225 550 1565 606 vincentibus
1582 568 1811 623 pravum
1872 581 1887 596 -

208 627 345 681 inter
366 627 512 698 ipsos
532 636 818 693 certamen,
847 627 998 682 hoste
1015 628 1237 691 omisso,
1266 626 1435 698 spolia
1454 623 1813 682 consectandi]

209 700 452 768 CerialiS,
495 709 554 758 ut
591 704 799 758 incuria
837 719 1004 774 prope
1029 720 1143 757 rem
1166 699 1387 766 adflixit,
1431 701 1503 756 ita
1522 703 1813 757 constantia

210 778 464 833 restituit:
508 786 834 850 secutusque
857 777 1145 845 fortunam,
1175 784 1343 832 castra
1370 776 1606 832 hostium
1628 777 1811 833 eodem

208 852 294 906 die
315 853 454 925 capit
472 853 862 927 exscinditque.

315 1003 402 1059 79.
443 1003 554 1060 Nec
572 1003 631 1060 in
651 1003 873 1078 longum
897 1003 1055 1077 quies
1076 1002 1235 1059 militi
1254 1003 1393 1060 data.
1460 1003 1693 1060 Orabant
1713 1022 1811 1059 au·-

206 1077 402 1134 xilium
431 1077 879 1154 Agrippinenses3
921 1079 1316 1152 offerebantque
1340 1097 1563 1136 uxorem
1586 1098 1645 1136 ac
1664 1097 1813 1136 soro-

206 1172 320 1210 rem
341 1153 530 1212 Civilis
549 1164 600 1211 et
620 1155 784 1210 filiam
807 1155 1050 1221 Classici,
1074 1154 1255 1211 relicta
1275 1155 1379 1210 sibi
1400 1157 1623 1230 pignora
1643 1158 1812 1212 socie-

208 1231 343 1285 tatiS.
423 1230 599 1303 Atque
627 1232 842 1286 interim
870 1231 1141 1303 dispersos
1163 1231 1219 1285 in
1237 1231 1487 1288 domibus
1514 1233 1807 1290 Germanos

205 1305 612 1362 trucidaverant.
693 1306 844 1362 Unde
868 1313 1045 1362 metus
1073 1314 1125 1361 et
1153 1306 1324 1361 iustae
1348 1324 1531 1377 preces
1557 1309 1810 1363 invocan-

204 1382 361 1445 tium,
394 1388 680 1453 antequam
699 1381 898 1446 hostes,
931 1382 1189 1453 reparatis
1214 1380 1439 1446 viribuS,
1464 1381 1531 1436 ad
1550 1399 1701 1456 spem
1726 1381 1809 1436 vel

204 1455 270 1510 ad
311 1454 566 1510 ultionem
603 1457 1022 1530 accingerentur.
1104 1455 1351 1527 Namque
1390 1463 1439 1509 et
1460 1455 1647 1510 Civilis
1679 1457 1809 1511 illuc

203 1530 524 1597 intenderat,
569 1548 674 1587 non
713 1530 984 1587 invalidus
1001 1572 1013 1596 ,
1060 1529 1473 1603 flagrantissima
1510 1532 1806 1587 cohortium

203 1625 426 1662 suarum
459 1608 688 1680 integra3
731 1624 889 1679 quae,
924 1624 991 1661 ex
1021 1605 1253 1661 Chaucis
1273 1606 1573 1679 Frisiisque
1593 1625 1809 1679 compo-

203 1684 324 1747 sita,
349 1683 584 1737 Tolbiaci
612 1684 670 1737 in
698 1682 901 1737 finibus
921 1680 1401 1757 Agrippinensium
1420 1682 1625 1757 agebat.
1704 1682 1809 1738 Sed

202 1758 370 1815 tristis
400 1762 626 1815 nuntius
655 1758 859 1824 avertit,
894 1761 1114 1813 deletam
1147 1761 1401 1812 cohortem
1424 1762 1543 1814 dolo
1559 1760 1806 1828 Ayrippi-

201 1838 464 1890 nensium:
504 1834 603 1905 qui
622 1832 786 1907 largis
812 1832 986 1905 epulis
1007 1835 1244 1906 vinoque
1267 1833 1466 1905 sopitos
1488 1833 1803 1898 GermanoS,

201 1909 401 1965 clausis
420 1906 644 1974 foribuS,
667 1909 793 1983 igne
811 1909 1004 1964 iniecto
1029 1926 1349 1964 cremavere.
1430 1907 1605 1963 Simul
1628 1907 1806 1963 Ceria-

202 1985 271 2040 lis
289 2000 513 2056 propero
539 1984 754 2058 agmine
779 1983 1049 2040 subvenit.
1129 1984 1558 2040 Circumsteterat
1577 1982 1801 2039 Civilem

201 2068 252 2115 et
270 2060 411 2116 alius
431 2067 626 2125 metus,
650 2077 718 2115 ne
738 2058 1129 2133 quartadecima
1152 2058 1310 2133 legio,
1331 2059 1580 2115 adiuncta
1598 2059 1807 2113 Britan-

201 2136 322 2193 nica
343 2135 530 2201 classe,
554 2134 841 2191 adflictaret
859 2136 1100 2201 BatavoS,
1114 2152 1221 2206 qua
1242 2132 1450 2190 Oceano
1470 2134 1801 2189 ambiuntur.

199 2210 304 2266 Sed
334 2210 596 2285 legionem
625 2210 858 2266 terrestri
889 2210 1077 2265 itinere
1096 2210 1295 2264 Fabius
1314 2210 1551 2275 Priscae,
1576 2208 1801 2282 legatus,

99 2324 114 2341 .
198 2288 257 2341 in
287 2286 512 2342 Nervios
531 2286 885 2361 Tungrosque
913 2285 1095 2341 duxit:
1140 2302 1338 2357 eaeque
1366 2286 1606 2340 civitates
1636 2286 1692 2339 in
1712 2282 1807 2338 de-

198 2362 454 2418 ditionem
492 2369 750 2433 acceptae.
831 2359 1071 2416 Classem
1121 2359 1259 2415 ultro
1296 2358 1668 2415 Canninefates
1712 2359 1805 2414 ad-

197 2437 371 2511 gressi
389 2445 545 2493 sunt:
569 2438 846 2508 maiorque
867 2454 988 2507 pars
1010 2436 1233 2491 navium
1255 2435 1504 2507 depressa
1524 2443 1616 2490 aut
1630 2441 1800 2506 capta.

196 2512 266 2566 Et
284 2514 602 2569 Nerviorum
624 2510 1045 2576 multitudinem,
1078 2518 1265 2582 sponte
1290 2519 1607 2566 commotam
1632 2518 1689 2565 ut
1708 2526 1805 2581 pro

89 2600 96 2605 ·
196 2587 451 2643 Romanis
471 2586 675 2643 bellum
697 2594 1008 2659 capesseret,
1021 2585 1185 2641 iidem
1206 2584 1577 2641 Canninefates
1597 2584 1799 2640 fudere.

197 2662 470 2729 Classicus
499 2680 715 2737 quoque
742 2663 1000 2720 adversus
1031 2662 1259 2734 equites,
1289 2661 1583 2718 Novesium
1606 2679 1635 2716 a
1656 2660 1803 2715 Ceri-

195 2737 280 2793 ale
299 2738 644 2815 praemissos,
675 2738 973 2797 secundum
1003 2736 1269 2811 proelium
1298 2734 1437 2793 fecit.
1472 2738 1477 2746 ⁴
1516 2735 1666 2805 Quae
1685 2754 1803 2791 mo-
