2081 3038
328 239 426 293 228
887 243 1129 298 ANNA
1155 251 1367 298 mum
1664 235 1933 314 (mu-800.

327 344 564 408 inhians,
597 358 736 415 quos
763 340 874 406 ille,
905 359 935 396 a
955 339 1183 398 Lucullo
1200 353 1429 413 coeptoS,
1458 342 1660 418 insigni
1684 347 1939 418 magnifi-

327 421 498 476 centia
519 415 819 482 extollebat,
836 414 1073 472 Suilium
1092 418 1408 476 accusandis
1427 419 1671 490 utrisque
1690 421 1932 475 inmittit.

325 493 654 567 Adiungitur
673 490 938 558 Sosibius,
959 491 1250 547 Britannici
1270 491 1536 560 educator,
1558 495 1674 566 qui,
1697 511 1794 566 per
1812 513 1938 567 spe-

327 571 466 628 ciem
491 566 909 632 benevolentiae,
935 575 1174 622 moneret
1194 567 1501 634 Claudium,
1526 587 1707 624 cavere
1725 574 1833 624 vim
1851 579 1937 625 at-

258 699 270 707 ,
329 664 425 717 que
461 662 582 714 opes
611 645 942 712 principibus
977 645 1239 711 infensas:
1282 649 1624 714 praecipuum
1670 653 1939 700 auctorem

325 721 617 777 Asiaticum
634 721 978 788 interficiendi
999 715 1258 782 caesaris,
1286 735 1389 772 non
1409 723 1708 774 eaetimuisse
1728 719 1939 774 concio-

325 815 442 852 nem
471 797 658 865 populi
694 793 930 856 Romani,
950 795 1128 864 fateri,
1158 795 1483 864 yloriamque
1506 797 1769 866 facinoris
1794 795 1939 850 ultro

325 882 512 942 petere.
592 869 805 924 Clarum
824 885 894 924 ex
913 884 972 924 oo
989 871 1047 922 in
1067 871 1208 932 urbe,
1234 873 1403 924 didita
1417 887 1515 938 per
1527 873 1837 940 provincia-5
1850 875 1941 940 {a-

327 966 430 1012 ma,
448 961 647 1015 parare
665 947 766 998 iter
783 943 856 998 ad
877 941 1215 998 amnicos
1230 947 1523 1014 exercitus;
1562 947 1773 1014 quando
1788 950 1941 1016 qeni-

331 1033 413 1077 tus
449 1021 690 1083 Viennae,
724 1021 1002 1087 multisque
1029 1026 1080 1072 et
1104 1021 1297 1074 validis
1312 1022 1794 1088 propinquitatibus
1811 1023 1939 1076 aub-

327 1102 506 1158 nioeus,
529 1094 741 1150 turbare
757 1095 972 1162 qentiles
993 1097 1229 1170 nationes
1246 1102 1539 1162 promptum
1566 1097 1791 1150 liaberet.
1869 1093 1943 1151 At

329 1169 609 1234 Claudius,
649 1166 788 1224 nihil
825 1166 966 1223 ultra
1001 1175 1290 1234 scrutatuS,
1327 1169 1451 1224 citis
1486 1185 1613 1224 cum
1642 1169 1932 1235 militibus,

329 1256 604 1316 tamquam
621 1241 972 1315 opprimendo
988 1242 1149 1310 hello,
1162 1243 1496 1315 Crispinum,
1512 1245 1767 1315 praetorii·
1781 1261 1939 1316 prae·-

329 1321 547 1385 fectum,
579 1319 756 1374 misit:
799 1335 830 1374 a
859 1332 970 1390 quo
987 1326 1230 1392 repertus
1254 1326 1335 1374 est
1354 1319 1497 1391 apud
1515 1320 1689 1383 Baias,
1711 1318 1938 1376 vinclis-

329 1413 436 1470 que
457 1393 662 1466 inditis,
685 1394 744 1450 in
765 1391 956 1466 urbem
982 1401 1187 1468 raptus,
1224 1455 1231 1464 ,
1859 1405 1869 1414 ·

437 1473 490 1530 2.
531 1469 720 1545 Neque
747 1467 868 1527 data
887 1475 1106 1525 senatus
1126 1469 1303 1542 copia:
1340 1466 1483 1543 'intra
1504 1465 1818 1527 cubiculum
1839 1489 1938 1528 au-

327 1548 493 1615 ditur,
523 1544 830 1607 Messallina
855 1562 1057 1613 coram,
1089 1554 1140 1601 et
1170 1545 1339 1613 Suilio¹
1368 1547 1759 1619 corruptionem
1788 1546 1940 1605 mili-

329 1633 464 1690 tum,
495 1640 633 1697 quos
659 1622 889 1696 pecunia
914 1629 965 1676 et
983 1628 1171 1695 stupro
1197 1622 1252 1676 in
1272 1622 1419 1679 omni
1441 1616 1637 1696 flagitio
1652 1622 1939 1681 obstrictos

328 1698 600 1773 arguebat,
643 1696 769 1753 exin
809 1688 1133 1763 adulterium
1168 1696 1459 1769 Poppaeae,
1484 1715 1562 1755 ‚ac
1600 1705 1939 1769 postremum

329 1772 609 1829 mollitiam
637 1772 872 1845 corporis
898 1771 1214 1829 obiectante.
1290 1772 1375 1827 Ad
1398 1772 1545 1845 quod
1565 1774 1706 1831 ,victo
1720 1771 1941 1829 silentio

328 1848 572 1921 prorupit
599 1864 745 1914 reus,
783 1854 854 1913 et,
883 1850 1168 1917 imm-oya,
1198 1847 1397 1919 inquit,
1430 1847 1587 1911 Sum,
1625 1850 1762 1917 filios
1788 1856 1939 1904 tuos:

327 1929 502 1979 virum
529 1940 636 1979 esse
656 1940 737 1978 mo
757 1924 1091 1993 fatebuntur.-
1129 1922 1519 1997 ingressusque
1546 1920 1938 1989 defensionem,

328 2006 590 2055 commoto
634 1999 887 2053 maiorem
935 1996 993 2051 in
1043 1996 1263 2052 modum
1306 1996 1528 2053 Claudio
1544 2039 1556 2063 ,
1597 1997 1945 2054 Messallinae

327 2090 546 2147 quoque
574 2070 821 2129 lacrimas
850 2070 1067 2128 excivit.
1147 2070 1358 2138 Quibus
1384 2071 1945 2129 abluendiscubiculo

327 2148 627 2225 egredienS,
668 2154 849 2203 monet
883 2143 1190 2219 Vitellium,
1236 2164 1304 2201 ne
1344 2146 1483 2202 elabi
1518 2146 1675 2204 reum
1715 2147 1940 2205 sineret.

326 2226 449 2299 Ipsa
469 2222 537 2279 ad
553 2222 846 2297 perniciem
875 2216 1149 2295 Poppaeae
1175 2220 1405 2288 festinat,
1434 2218 1685 2289 subditis,
1707 2223 1809 2295 qui
1831 2231 1946 2279 ter-

327 2317 446 2355 rore
463 2298 689 2354 carceris
709 2296 777 2353 ad
791 2294 1149 2354 voluntariam
1170 2306 1391 2356 mortem
1412 2295 1766 2371 propellerent
1779 2317 1793 2369 ;
1805 2298 1947 2359 adeo

327 2374 514 2449 ignaro
539 2372 780 2438 Caesare,
810 2379 874 2427 ut
895 2389 1099 2443 paucos
1114 2368 1235 2445 post
1251 2374 1367 2431 dies
1386 2372 1691 2447 epulantem
1710 2372 1865 2447 apud
1884 2393 1949 2433 se

327 2447 582 2505 maritum
601 2448 719 2505 eius
727 2446 1032 2521 Scipionem
1049 2456 1503 2521 percunctaretur,
1520 2468 1618 2511 cur
1634 2454 1749 2507 sine
1766 2468 1951 2509 uxore

325 2520 708 2579 discubuisset?
743 2530 906 2595 atque
921 2521 1038 2590 ille,
1058 2528 1295 2595 [unctam
1308 2530 1435 2595 fato,
1457 2524 1821 2597 responderet.

437 2601 489 2653 3.
531 2596 635 2653 Sed
654 2596 984 2653 consultante
1001 2615 1168 2671 super
1186 2596 1518 2656 absolutione
1536 2600 1777 2668 Asiatici,
1802 2598 1951 2657 flens

326 2669 595 2743 Vitellius,
619 2681 1027 2755 commemorata
1046 2674 1608 2755 vetustateamicitiae‚
1632 2676 1952 2808 utqueEAn-

326 2743 546 2813 toniam,
566 2747 828 2819 principis
848 2748 1093 2815 matrem,
1105 2746 1303 2825 pariter
1321 2745 1789 2828 observavi'ssent,
1826 2754 1946 2821 ein,
