2081 3038
600 243 1016 293 DIALOGUS.
1059 247 1219 295 cAP.
1262 248 1345 295 2⁸1.
1386 248 1468 294 28.
1739 240 1837 297 327

237 346 377 401 fesso
395 352 493 410 est,
516 346 610 401 sed
633 364 850 402 caussas
869 348 1231 420 exquirimus,
1264 365 1401 420 quas
1426 356 1478 403 te
1496 347 1711 405 solitum
1731 356 1855 404 tra--

237 430 376 477 ctare
414 418 593 492 paullo
631 429 754 477 ante
780 421 985 488 dixisti,
1027 420 1186 495 plane
1212 423 1390 479 mitior
1422 431 1475 478 et
1506 423 1840 497 eloquentiae

237 506 538 569 temporum
563 504 864 553 nostrorum
885 514 992 554 non
1011 498 1199 565 iratus,
1226 506 1513 571 antequam
1532 507 1585 555 te
1602 501 1742 571 Aper
1759 499 1840 555 ef·
1882 522 1887 525 ·

237 572 490 637 senderet,
512 573 740 628 maiores
759 580 880 628 tuos
898 572 1224 629 lacessendo.

345 647 464 703 Non
483 664 630 715 sum,
649 648 847 719 inquit,
859 647 1095 703 offensus
1114 649 1247 720 Apri
1266 649 1435 706 nostri
1452 648 1837 721 disputatione3

238 739 338 777 nec
355 739 452 778 vos
475 720 678 777 offendi,
691 722 914 789 decebit,
947 724 1151 796 siquid
1171 723 1303 780 forte
1322 740 1478 780 aures
1497 733 1701 781 vestras
1720 741 1843 795 per-

237 798 487 871 stringet:
529 814 654 852 cum
683 798 884 864 sciatiS,
925 798 1067 854 hanc
1090 816 1209 853 esse
1236 799 1500 855 eiusmodi
1528 816 1839 855 sermonum

237 872 432 946 legem,
443 872 705 929 iudicium
727 873 895 928 animi
915 874 1047 929 citra
1062 874 1323 930 damnum
1338 874 1575 930 adfectus
1584 874 1839 948 proferre.

346 948 531 1021 Perge,
552 948 731 1021 inquit
750 948 1040 1015 Maternus,
1074 956 1143 1016 et,
1168 966 1294 1006 cum
1314 948 1381 1005 de
1397 950 1635 1023 antiquis
1656 949 1843 1023 loqua-

236 1024 333 1089 ris,
355 1031 504 1079 utere
523 1024 740 1097 antiqua
761 1022 1018 1090 libertate,
1061 1042 1091 1079 a
1120 1042 1230 1099 qua
1254 1024 1339 1083 vel
1360 1025 1535 1100 magis
1552 1025 1841 1101 degenera-

237 1099 440 1165 vimus,
463 1116 628 1171 quam
647 1099 716 1154 ab
735 1098 1055 1173 eloquentia.

346 1178 431 1231 28.
473 1174 542 1229 Et
564 1173 808 1239 Messala,
851 1176 970 1231 Non
999 1175 1314 1241 reconditas,
1336 1176 1589 1241 Materne,
1620 1192 1839 1230 caussas

236 1251 497 1321 requiris:
540 1266 638 1305 nec
665 1257 757 1305 aut
785 1250 882 1305 tibi
909 1250 1037 1321 ipsi,
1078 1258 1171 1306 aut
1190 1250 1321 1305 huic
1341 1249 1587 1306 Secunde
1607 1249 1691 1305 vel
1710 1250 1840 1305 huic

237 1323 380 1395 Apro
400 1324 627 1397 ignotas,
650 1324 858 1379 etiamsi
877 1324 1015 1380 mihi
1033 1332 1209 1396 partes
1229 1324 1520 1399 adsignatis
1538 1323 1839 1396 proferendi

237 1398 295 1451 in
325 1398 586 1463 medium,
617 1414 758 1469 quae
783 1414 971 1453 omnes
997 1398 1280 1453 sentimus.
1358 1398 1494 1464 Quis
1515 1399 1659 1453 enim
1686 1400 1840 1472 igno-

238 1480 337 1538 rat,
377 1480 430 1528 et
455 1470 814 1546 eloquentiam
853 1480 904 1528 et
930 1480 1129 1528 ceteras
1157 1479 1295 1528 artes
1322 1472 1615 1528 descivisse
1642 1472 1710 1530 ab
1738 1475 1837 1529 ista

238 1555 416 1603 vetere
430 1545 618 1622 gloria,
642 1564 748 1603 non
771 1549 951 1620 inopia
977 1548 1284 1613 hominum,
1306 1548 1401 1603 sed
1422 1547 1627 1604 desidia
1648 1549 1841 1604 iuven-

240 1623 368 1678 tutis
389 1630 442 1678 et
458 1621 779 1696 negligentia
798 1630 1080 1695 parentum
1101 1631 1153 1679 et
1170 1623 1447 1680 inscientia
1468 1624 1840 1696 praecipienti-

239 1715 336 1752 um
357 1705 407 1752 et
425 1697 693 1753 oblivione
711 1699 874 1754 moris
892 1697 1139 1770 antiqui?
1173 1715 1314 1771 quae
1332 1697 1491 1765 mala,
1520 1699 1759 1770 primum
1780 1701 1837 1754 in

242 1773 374 1830 urbe
411 1781 550 1838 nata,
590 1789 719 1828 mox
746 1791 841 1845 per
878 1773 1083 1829 Italiam
1120 1772 1258 1838 fusa,
1298 1774 1407 1828 iam
1442 1775 1501 1829 in
1534 1775 1838 1846 provincias

239 1855 485 1904 manantz
526 1865 858 1920 quamquam
879 1856 1055 1905 vestra
1074 1847 1229 1904 vobis
1250 1849 1451 1904 notiora
1471 1856 1625 1906 sunt:
1656 1866 1754 1923 ege
1772 1849 1841 1904 de

239 1923 374 1978 urbe
403 1922 567 1978 ethis
591 1923 824 1996 propriis
850 1941 911 1980 ac
939 1922 1241 1983 vernaculis
1268 1923 1415 1979 vitiis
1450 1923 1657 1998 loquar,
1698 1941 1840 1996 quae

238 2005 389 2055 natos
427 1999 606 2054 statim
647 2000 918 2071 excipiunt
955 2007 1008 2054 et
1032 2016 1129 2070 per
1156 1998 1401 2072 singulos
1428 2001 1611 2055 aetatis
1637 1999 1837 2072 gradus

238 2073 614 2132 cumulantur:
655 2074 704 2129 si
723 2075 876 2146 prius
903 2073 970 2128 de
989 2074 1271 2130 severitate
1289 2090 1351 2129 ac
1368 2072 1649 2144 disciplina
1670 2074 1839 2147 ῐιιιιὶο-Ι

237 2168 362 2207 rum
382 2151 522 2207 circa
541 2148 840 2205 educandos
860 2147 1273 2222 formandosque
1292 2146 1487 2204 liberos
1501 2165 1669 2220 pauca
1681 2163 1836 2218 prae-

237 2225 441 2283 dixero.
521 2225 632 2279 lam
653 2223 909 2296 primum,
931 2241 1069 2279 suns
1088 2225 1289 2295 cuique
1307 2223 1471 2288 tilius,
1494 2239 1562 2277 ex
1580 2229 1721 2276 casta
1742 2238 1835 2292 pa-

235 2307 386 2355 rente
413 2306 591 2366 natus,
631 2315 739 2354 non
768 2299 825 2352 in
853 2297 982 2353 cella
1003 2306 1214 2371 emptae
1234 2297 1478 2363 nutricis,
1519 2295 1615 2352 sed
1632 2296 1839 2370 gremio

237 2391 302 2430 ac
319 2375 446 2432 sinu
471 2374 658 2429 matris
686 2372 1036 2442 educabatur;
1080 2375 1239 2429 cuius
1263 2372 1547 2446 praecipua
1566 2370 1684 2426 laus
1703 2378 1833 2437 erat,

236 2449 377 2506 tueri
413 2447 635 2505 domum
674 2456 726 2503 et
751 2447 1011 2503 inservire
1042 2446 1247 2506 liberis.
1324 2447 1635 2521 Eligebatur
1656 2454 1835 2502 autem

237 2523 420 2595 aliqua
439 2524 608 2579 maior
626 2529 753 2577 natu
770 2523 1092 2598 propinqua,
1122 2524 1283 2580 cuius
1300 2522 1537 2596 probatis
1561 2522 1838 2595 spectatis-

237 2614 348 2670 que
365 2598 606 2654 moribus
631 2597 809 2654 omnis
833 2599 1077 2656 eiusdem
1103 2597 1337 2658 familiae
1356 2596 1571 2654 suboles
1590 2598 1837 2656 commit-

237 2679 454 2739 teretur,
494 2689 670 2731 eoram
697 2689 808 2746 qua
833 2691 1010 2748 neque
1036 2673 1212 2730 dicere
1239 2671 1320 2730 fas
1346 2680 1475 2740 erat,
1514 2673 1661 2748 quod
1680 2683 1836 2746 turpe

235 2745 406 2815 dictu,
436 2765 612 2823 neque
639 2747 828 2820 facere,
855 2749 1002 2826 quod
1019 2748 1363 2812 inhonestum
1384 2748 1524 2810 factu
1542 2749 1831 2812 videretur.
