2081 3038
272 202 519 278 mmm.)
678 212 837 257 mn.
877 210 978 257 111.
1022 210 1200 256 cAr.
1244 212 1325 256 57.
1368 211 1454 256 sa.
1780 202 1876 256 ⁴49

270 313 339 369 ad
363 312 711 369 defectionem
739 314 919 378 traxit,
950 312 1088 367 fictis
1112 311 1428 382 Vespasiani
1454 310 1694 383 epistolis
1714 312 1878 383 preti-

270 406 365 443 um
406 390 723 460 proditionis
765 396 1058 445 ostentans.
1135 388 1379 441 Praeerat
1421 386 1580 441 classi
1617 386 1877 442 Claudius

269 463 613 537 ApollinariS,
655 482 833 537 neque
869 464 993 519 fidei
1032 470 1302 528 constans»,
1343 479 1518 534 neque
1537 473 1790 517 strenuus
1821 464 1873 517 in

267 540 519 611 perfidia:
562 548 613 595 et
633 541 865 613 Apinius
884 541 1027 606 Tiro,
1051 547 1294 611 praetura
1319 536 1534 593 functus
1553 556 1613 593 ac
1632 548 1747 593 tum
1773 537 1878 592 sor-

268 623 319 669 te
340 617 627 672 Minturnis
648 634 833 691 agens,
859 616 1052 671 ducem
1083 632 1144 669 se
1165 613 1520 669 defectoribus
1540 614 1753 668 obtulit.
1830 614 1876 667 A

267 692 470 763 quibus
492 692 787 763 municipia
806 692 1148 763 coloniaeque
1168 687 1435 760 inpulsae,
1465 690 1750 760 praecipuo
1769 690 1874 743 Pu-

266 768 596 823 teolanorum
618 769 675 821 in
696 768 1088 839 Vespasianum
1108 765 1305 829 studio,
1329 772 1508 818 contra
1521 764 1700 835 Capua
1713 763 1878 819 Vitel-

268 842 340 897 lio
377 843 512 909 fida,
559 842 941 914 municipalem
980 840 1392 896 aemulationem
1427 839 1584 894 bellis
1623 838 1876 894 civilibus

270 918 582 973 miscebant.
663 918 907 974 Vitellius
945 916 1236 973 Claudium
1276 915 1548 970 Iulianum
1589 914 1664 989 (is
1705 931 1877 985 nuper

268 992 492 1048 classem
506 995 861 1058 Misenensem
884 994 1031 1049 molli
1054 993 1280 1065 imperio
1299 990 1522 1063 rexerat)
1537 990 1876 1062 permulcen-

267 1068 351 1123 dis
366 1070 614 1124 'militum
644 1070 841 1124 animis
860 1069 1074 1143 delegit.
1155 1070 1282 1123 Data
1303 1069 1360 1123 in
1381 1067 1649 1123 auxilium
1672 1066 1872 1121 urbana

265 1145 451 1200 cohors
490 1154 541 1199 et
578 1144 914 1219 gladiatores,
955 1145 1162 1218 quibus
1203 1143 1444 1199 lulianus
1469 1150 1728 1215 praeerat.
1809 1142 1878 1195 Ut

265 1220 465 1275 conlata
496 1222 770 1292 utrimque
790 1231 979 1287 castra,
1008 1221 1155 1275 haud
1176 1238 1369 1293 magna
1389 1220 1724 1275 cunctatione
1744 1216 1876 1273 Iuli-

265 1314 365 1351 ano
387 1298 441 1350 in
463 1305 638 1368 partes
657 1297 971 1367 Vespasiani
990 1304 1340 1368 transgresso,
1357 1295 1695 1350 Tarracinam
1715 1312 1876 1351 occu-

264 1388 477 1443 pavere,
502 1370 786 1425 moenibus
816 1372 1034 1442 situque
1055 1372 1248 1443 magis,
1272 1387 1438 1441 quam
1460 1370 1700 1441 ipsorum
1722 1371 1876 1443 inge-

264 1448 353 1501 nio
374 1454 563 1499 tutam.

376 1525 461 1575 58.
505 1519 653 1586 Quae
676 1521 769 1575 ubi
788 1519 1002 1576 Vitellio
1020 1518 1248 1592 cognita,
1280 1527 1428 1590 parte
1446 1521 1720 1590 copiarum
1741 1519 1877 1573 Nar-

268 1597 388 1651 niae
418 1614 542 1650 cum
572 1596 850 1668 praefectis
880 1595 1129 1668 praetorii
1156 1593 1357 1658 relicta,
1389 1595 1450 1648 1..
1473 1594 1748 1649 Vitellium
1771 1595 1878 1650 sra-

266 1681 422 1738 trem,
455 1689 580 1726 cum
612 1688 709 1727 sex
738 1671 1044 1727 cohortibus
1065 1677 1116 1724 et
1135 1671 1446 1744 quingentis
1469 1671 1764 1742 equitibuS,
1794 1672 1878 1724 in-

266 1749 479 1822 gruenti
502 1765 597 1820 per
617 1747 963 1818 Campaniam
986 1745 1128 1802 bello
1146 1747 1422 1818 opposuit:
1447 1747 1566 1818 ipse
1583 1763 1740 1820 aeger
1760 1747 1878 1800 ani-

268 1827 364 1884 mi,
406 1823 600 1878 studiis
646 1823 879 1879 militum
922 1831 973 1878 et
1001 1822 1326 1878 clamoribus
1356 1821 1563 1893 populi,
1605 1840 1752 1876 arma
1781 1839 1878 1892 po-

268 1901 484 1966 scentia,
529 1898 893 1956 refovebatur:
934 1899 1068 1954 dum
1097 1897 1298 1972 vulgus
1325 1898 1607 1971 ignavum,
1649 1905 1702 1951 et
1740 1897 1876 1951 nihil

268 1973 404 2030 ultra
426 1975 583 2030 verba
606 1992 891 2039 ausurum,
924 1973 1054 2028 falsa
1075 1975 1252 2045 specie
1277 1979 1566 2028 exercitum
1587 1979 1638 2026 et
1659 1976 1878 2041 leqiones

266 2049 512 2123 adpellat.
594 2051 938 2106 Hortantibus
988 2050 1192 2104 libertis
1239 2049 1382 2124 (nam
1423 2050 1718 2104 amicorum
1760 2049 1878 2101 eius

266 2136 467 2199 quanto
492 2128 619 2198 quis
650 2125 859 2191 clarior,
901 2126 1085 2180 minus
1117 2125 1274 2199 lidus)
1313 2125 1490 2180 vocari
1513 2123 1686 2179 tribus
1707 2123 1874 2178 iubet.

265 2204 459 2257 Dantes
488 2202 705 2257 nomina
733 2211 1064 2257 sacramento
1083 2201 1265 2274 adigit.
1342 2199 1715 2273 superfluente
1736 2197 1879 2253 mul-

266 2278 512 2343 titudine,
544 2295 728 2332 curam
750 2276 987 2332 delectus
1013 2278 1071 2332 in
1093 2275 1340 2332 consules
1361 2277 1606 2348 partitur.
1687 2274 1879 2329 Servo-

267 2372 389 2408 rum
431 2371 717 2408 numerum
760 2361 812 2408 et
836 2354 1047 2424 pon-dus
1069 2354 1271 2426 argenti
1303 2351 1638 2407 senatoribus
1669 2350 1877 2404 indicit.-

264 2429 489 2502 Equites
517 2429 741 2484 Romani
768 2428 1009 2484 obtulere
1043 2445 1260 2500 operam
1289 2428 1676 2500 pecuniasque,
1718 2427 1876 2480 etiam

266 2505 531 2560 libertinis
550 2505 693 2560 idem
715 2522 918 2561 munus
938 2505 1078 2561 ultro
1093 2503 1474 2578 flagitantibus,
1513 2503 1591 2557 Ea
1607 2501 1878 2556 simulatio

266 2579 447 2646 officii,
473 2598 501 2635 a
522 2591 666 2636 metu
687 2581 939 2654 profecta,
964 2587 1194 2637 verterat
1210 2581 1266 2634 in
1289 2579 1544 2636 favorem.
1623 2578 1692 2637 Et
1717 2576 1879 2649 pleri-

268 2673 376 2727 que
414 2656 561 2711 haud
587 2657 809 2728 perinde
835 2657 1136 2723 Vitellium,
1180 2673 1346 2729 quam
1375 2671 1558 2710 casum
1591 2653 1879 2726 locumque

268 2731 620 2804 principatus,
660 2732 1074 2790 miserabantur.
1155 2733 1266 2788 Nec
1302 2732 1480 2788 deerat
1510 2731 1654 2805 ipse:
1696 2730 1874 2793 vultu,
