2081 3038
193 246 314 285 nc.
342 229 436 304 ω.)
549 240 710 287 mn.
749 238 904 287 xtv.
947 238 1129 287 car.
1170 240 1413 289 26—28.
1689 234 1791 289 337

193 357 220 393 a
251 342 458 397 Nerone
485 341 553 396 ad
579 340 964 413 capessendum
991 340 1283 413 imperium
1309 340 1560 409 delectuS,
1583 340 1791 417 Cappa-

189 414 385 471 docum
425 431 492 471 ex
516 414 805 483 nobilitate,
850 416 992 491 regis
1027 414 1272 471 Archelai
1300 434 1483 488 nepoS‚
1524 417 1617 473 sed
1646 418 1789 491 quod

191 490 284 545 diu
312 492 470 548 obses
499 492 642 563 apud
671 492 862 547 urbem
889 490 1079 557 fuerat,
1103 508 1280 564 usque
1302 492 1370 547 ad
1386 492 1633 547 servilem
1654 495 1792 566 pati-

193 566 389 621 entiam
426 567 716 623 demissuS.
794 568 904 622 Nec
942 583 1208 622 consensu
1246 575 1491 638 acceptus
1506 608 1520 631 ,
1570 567 1793 623 durante

193 642 335 713 apud
365 642 628 713 quosdam
657 641 833 699 favore
853 642 1250 697 Arsacidarum.
1329 641 1398 697 At
1415 640 1677 714 plerique,
1699 661 1794 697 su-

191 716 430 787 perbiam
471 716 787 773 Parthorum
823 718 1020 792 perosi,
1061 718 1245 773 datum
1274 718 1589 796 aJ’nomanis
1614 732 1790 790 regem

191 790 478 847 malebant.
557 792 811 847 Additum
847 801 898 847 et
925 792 1278 865 praesidium,
1317 790 1469 847 mille
1495 791 1789 867 legionarii,

191 874 298 931 tres
323 867 593 923 sociorum
619 868 878 934 cohortes,
902 866 1147 941 duaeque
1166 868 1411 941 equitum
1431 864 1563 932 alae,
1588 883 1698 938 quo
1717 864 1793 920 fa·

190 942 350 997 cilius
392 958 592 998 novum
629 960 857 1019 regnum
894 950 1148 999 tueretur.
1226 942 1355 998 Pars
1395 941 1707 1007 Armeniae,
1735 948 1796 995 ut

192 1019 391 1091 cuique
409 1017 657 1085 finitima,
679 1018 1024 1073 Pharasmani
1045 1018 1427 1091 Polemonique
1446 1025 1495 1073 et
1514 1015 1796 1072 Aristobu-

193 1091 244 1147 lo
274 1101 435 1167 atque
462 1086 720 1150 Antiocho
739 1110 924 1165 parere
941 1094 1121 1149 iussae
1142 1102 1286 1150 sunt.
1365 1091 1596 1149 Corbulo
1614 1092 1672 1147 in
1692 1089 1795 1155 Sv-

192 1168 329 1223 riam
368 1167 643 1235 abscessit,
683 1176 850 1225 morte
877 1168 1136 1225 Ummidii
1166 1169 1321 1245 legati
1350 1186 1573 1225 vacuam
1598 1185 1661 1225 ac
1686 1152 1793 1223 sihi

193 1244 534 1316 permissam.
1348 1300 1351 1305 ,
1628 1246 1633 1251 ’

301 1317 390 1374 27.
431 1317 632 1373 Eodem
672 1336 840 1384 annu,
879 1336 946 1375 ex
982 1317 1305 1374 inlustribus
1344 1319 1503 1375 Asiae
1540 1318 1790 1385 urbibus,

193 1392 449 1448 Laodicea
479 1401 702 1448 tremore
729 1401 896 1449 terrae
923 1393 1190 1465 prolapsa,
1226 1393 1377 1449 nullo
1400 1412 1429 1448 a
1451 1393 1603 1449 nobis
1622 1410 1795 1449 reme-

192 1469 300 1535 dio,
323 1468 556 1542 propriis
575 1468 770 1542 opibus
789 1467 1033 1525 revaluit.
1114 1468 1183 1524 At
1200 1468 1257 1524 in
1280 1465 1446 1534 ltalia,
1470 1475 1623 1525 vetus
1642 1468 1797 1542 oppi-

192 1544 358 1610 dum',
388 1542 590 1600 Puteoli
627 1546 716 1599 ius
746 1543 980 1600 coloniae
1009 1551 1061 1598 et
1088 1551 1497 1618 cognomentum
1528 1561 1559 1598 a
1587 1543 1795 1600 Nerone
1838 1595 1858 1612 λ

192 1621 527 1692 apiscuntur.
605 1620 851 1674 Veterani
878 1619 1165 1673 Tarentum
1196 1627 1247 1674 et
1266 1618 1488 1674 Antium
1512 1617 1791 1694 adscripti:
1857 1618 1865 1626 ¹

193 1707 300 1750 non
331 1701 510 1749 tamen
536 1693 924 1767 infrequentiae
951 1693 1188 1750 locorum
1217 1695 1536 1761 subvenere,
1571 1693 1795 1770 dilapsis

190 1769 445 1842 pluribus
484 1769 540 1826 in
579 1770 900 1842 provincias,
940 1769 999 1825 in
1030 1770 1233 1842 quibus
1262 1769 1526 1842 stipendia
1548 1769 1796 1844 expleve-

194 1852 339 1900 rant:
385 1861 560 1917 neque
588 1845 854 1920 coniugiis
883 1845 1262 1918 suscipiendis,
1296 1863 1472 1920 neque
1499 1844 1704 1902 alendis
1730 1845 1797 1902 li·-

193 1921 338 1975 beris
377 1920 537 1986 sueti,
576 1921 732 1976 orbas
769 1921 886 1976 sine
921 1923 1148 1993 posteris
1185 1922 1371 1977 domos
1400 1920 1791 1994 relinquebant.

193 1995 312 2052 Non
343 1996 512 2062 enim,
544 2003 605 2050 ut
630 1995 780 2062 olim,
811 1996 1093 2062 universae
1122 1995 1358 2072 legiones
1376 1995 1793 2062 deducebantur,

194 2087 319 2126 cum
348 2070 586 2126 tribunis
615 2079 666 2126 et
692 2071 1093 2126 centurionibus
1122 2080 1175 2127 et
1200 2073 1289 2127 sui
1308 2072 1576 2143 cuiusque
1593 2070 1795 2127 ordinis

198 2146 485 2212 militibus,
509 2153 569 2200 ut
587 2163 852 2218 consensu
875 2154 925 2201 et
942 2147 1155 2202 caritate
1173 2163 1343 2218 remp.
1368 2143 1661 2203 efficerent:
1690 2143 1796 2201 -sed

197 2220 362 2294 ignoti
390 2222 529 2277 inter
557 2239 636 2286 se,
675 2221 904 2277 diversis
930 2221 1245 2294 manipulis,
1286 2223 1404 2278 sine
1425 2229 1641 2286 rectore,
1678 2221 1797 2276 sine

195 2295 491 2353 adfectibus
519 2299 748 2363 mutuiS,
778 2298 935 2369 quasi
964 2315 1030 2352 ex
1052 2296 1157 2354 alio
1172 2314 1369 2372 genere
1387 2295 1693 2354 mortalium
1713 2312 1797 2350 re-

196 2377 352 2442 pente
379 2372 436 2428 in
465 2389 636 2431 unum
669 2373 917 2439 conlecti3
958 2390 1219 2430 numerus
1247 2373 1438 2447 magis,
1472 2389 1637 2445 quam
1656 2370 1797 2428 colo·-

198 2449 305 2505 nia.

305 2525 390 2578 28.
433 2523 656 2580 Comitia
677 2533 999 2596 praetorum,
1031 2525 1251 2580 arbitrio
1269 2529 1487 2580 senatus
1506 2518 1692 2578 haberi
1710 2537 1797 2578 so-

196 2598 308 2664 lita,
339 2597 488 2672 quod
514 2600 714 2654 acriore
741 2601 945 2655 ambitu
971 2607 1293 2664 exarserant,
1312 2597 1564 2670 princeps
1583 2613 1798 2669 compo-

193 2675 324 2738 suit,
349 2675 467 2739 triS,
492 2673 588 2748 qui
609 2692 771 2746 supra
794 2692 1079 2730 numerum
1102 2673 1367 2745 petebant,
1390 2671 1586 2746 legioni
1604 2671 1796 2745 praefi-

193 2747 403 2878 οῑεὲᾶο.
483 2749 757 2878 Aluxitque
805 2757 1014 2820 patrum
1058 2749 1309 2804 honorem
1326 2749 1678 2876 ,Ystatuendm
1718 2758 1794 2813 ut,

317 2842 484 2879 aeirus
555 2865 566 2878 .
