2081 3038
322 226 418 279 llo
660 258 672 277 ,
791 226 1442 275 ursTORIARUu
1644 218 1919 292 (numa.

317 332 384 386 Et
401 329 624 402 quidam
649 328 707 385 in
737 330 958 385 domum
979 330 1222 385 Caesaris
1240 328 1577 402 transgressi,
1608 332 1769 401 atq'ue
1784 329 1927 401 ipsis

317 406 551 460 dominis
571 407 908 475 potentiores.

427 483 514 534 93.
553 478 658 535 Sed
685 479 860 544 miles,
881 478 1057 551 plenis
1082 480 1269 533 castris
1289 486 1357 543 et,
1386 477 1714 533 redundante
1732 478 1924 534 multi-

319 555 521 618 tudine,
563 557 622 609 in
659 554 950 626 porticibus
979 563 1073 608 aut
1100 551 1339 607 delubris
1360 560 1414 607 et
1436 553 1571 607 urbe
1598 562 1701 607 tota
1724 570 1917 626 vagus,

321 647 426 685 non
452 629 714 701 principia
742 645 975 693 noscere,
1009 645 1114 682 non
1144 644 1358 682 servare
1383 627 1615 700 vigilias,
1645 644 1821 699 neque
1842 629 1924 683 la·-

319 705 444 760 bore
471 704 701 761 firmari:
742 721 838 775 per
863 702 1157 758 inlecebras
1182 702 1335 756 urbis
1362 711 1415 756 et
1439 702 1718 757 inhonesta
1746 703 1919 770 dictu,

304 788 512 851 'corpus
531 781 654 844 otio,
667 781 908 833 animum
931 777 1249 832 libidinibus
1267 778 1659 833 inminuebant.
1713 778 1924 833 Postre-

318 872 426 919 mo,
469 871 538 908 ne
552 853 742 908 salutis
771 853 991 925 quidem
1019 846 1167 916 curma
1213 850 1505 906 infamibus
1525 853 1763 907 Vaticani
1789 851 1923 909 locis

320 946 511 1001 magna
540 946 664 1000 pars
697 928 941 983 tetendit.
983 927 1129 981 unde
1160 926 1412 980 crebrae
1396 945 1453 981 in
1476 927 1675 1001 vulgus
1696 938 1918 983 mortes.

315 1004 402 1067 Et,
425 1003 692 1058 adiacente
709 1003 907 1066 Tiberi,
935 1002 1325 1057 Germanorum
1348 1001 1734 1073 Gallorumque
1750 1003 1923 1059 obno-

316 1079 405 1133 xia
427 1077 628 1133 morbis
647 1093 862 1148 corpora
882 1074 1123 1131 fluminis
1142 1076 1367 1131 aviditas
1386 1085 1438 1131 et
1455 1087 1634 1131 aestus
1650 1078 1925 1149 inpatien-

318 1153 386 1206 tia
411 1149 668 1205 labefecit.
748 1153 972 1221 Insuper
999 1150 1276 1215 confusus,
1305 1154 1561 1222 pravitate
1582 1151 1664 1206 vel
1686 1153 1919 1219 ambitu,

317 1226 446 1280 ordo
475 1225 714 1281 militiae.
791 1224 1032 1281 Sedecim
1073 1227 1379 1297 praetoriae,
1420 1236 1649 1297 quatuor
1683 1227 1924 1285 urbanae

316 1300 554 1355 cohortes
593 1300 991 1364 scribebantur,
1033 1301 1161 1372 quis
1199 1300 1413 1374 singula
1452 1301 1619 1356 millia
1658 1302 1917 1359 inessent.

316 1374 446 1430 Plus
484 1377 544 1430 in
581 1392 642 1431 eo
669 1374 877 1431 delectu
901 1375 1097 1430 Valens
1134 1375 1380 1440 audebat,
1422 1384 1693 1448 tamquam
1732 1378 1919 1448 ipsum

317 1449 598 1506 Caecinam
615 1451 1176 1524 periculo'exemisset.
1248 1450 1387 1505 Sane
1405 1453 1633 1506 adventu
1654 1452 1773 1505 eius
1796 1468 1923 1524 par-

315 1536 394 1582 tes
422 1526 814 1594 convaluerant,
855 1537 908 1582 et
941 1529 1225 1583 sinistrum
1256 1526 1382 1581 lenti
1410 1527 1615 1582 itineris
1644 1543 1919 1583 rumorem

316 1619 568 1673 prospero
584 1603 784 1674 proelio
803 1611 1055 1659 verterat:
1094 1603 1385 1674 omnisque
1404 1602 1671 1656 inferioris
1690 1601 1923 1658 Germa-

217 1736 220 1738 ,
317 1677 436 1730 niae
455 1676 611 1730 miles
632 1676 904 1732 Valentem
924 1676 1306 1731 adsectabatur.
1374 1675 1525 1731 Unde
1539 1677 1781 1748 primum
1802 1694 1932 1762 cre--

313 1750 458 1804 ditur
477 1750 732 1806 Caecinae
750 1751 880 1806 fides
900 1750 1155 1809 fluitasse.

424 1828 510 1880 94.
553 1824 798 1882 Ceterum
829 1843 934 1881 non
961 1827 1031 1880 ita
1060 1825 1293 1888 ducibus
1317 1825 1543 1881 indulsit
1558 1824 1831 1891 Vitellius,
1860 1837 1921 1883 ut

319 1918 422 1956 non
462 1899 586 1972 plus
625 1901 782 1956 militi
812 1900 1005 1955 liceret.
1086 1900 1201 1955 Sibi
1229 1903 1465 1972 quisque
1494 1901 1741 1956 militiam
1764 1919 1921 1958 sum-

314 1993 487 2046 psere,
521 1976 1068 2049 quamvisindignuS,
1096 1977 1143 2031 si
1166 1977 1235 2031 ita
1257 1974 1533 2040 maluerat,
1554 1977 1792 2031 urbanae
1814 1980 1921 2033 mi-

315 2049 458 2104 litiae
485 2050 908 2106 adscribebatur:
950 2068 1143 2105 rursus
1171 2051 1345 2114 bonis,
1378 2068 1651 2106 remanere
1680 2053 1821 2108 inter
1844 2053 1922 2108 le-

313 2126 580 2199 gionarios
609 2134 702 2178 aut
725 2125 893 2181 alares
915 2125 1235 2189 volentibuS,
1265 2128 1610 2197 permissum.
1691 2127 1803 2182 Nec
1824 2129 1921 2182 de-

314 2209 480 2262 erant,
513 2201 610 2271 qui
639 2199 850 2265 vellent,
893 2199 1020 2255 fessi
1058 2201 1259 2256 morbis
1294 2209 1347 2254 et
1381 2195 1749 2271 intemperiem
1780 2204 1919 2258 caeli

313 2276 638 2331 incusantes.
717 2274 922 2330 Robora
951 2284 1127 2329 tamen
1154 2275 1454 2348 legionibus
1475 2276 1682 2346 alisque
1703 2277 1922 2333 subtra-

313 2356 422 2403 cta:
465 2347 786 2404 convulsum
817 2357 1111 2404 castrorum
1142 2350 1325 2415 decus,
1356 2351 1463 2404 XX
1492 2351 1737 2406 millibus
1762 2367 1795 2406 e
1816 2363 1921 2408 toto

314 2424 547 2478 exercitu
577 2425 858 2494 permixtis
887 2426 1064 2498 magis
1086 2443 1252 2497 quam
1280 2425 1479 2480 electis.
1561 2425 1922 2483 Concionante

314 2497 544 2562 Vitellio,
559 2498 893 2568 postulantur
911 2499 978 2554 ad
997 2500 1327 2571 supplicium
1343 2500 1613 2555 Asiaticus
1632 2502 1733 2556 etF
1741 2501 1921 2558 levius

313 2580 364 2626 et
393 2572 642 2638 Rufinus,
671 2573 835 2628 duces
855 2573 1171 2638 Galliarum,
1202 2575 1346 2645 quod
1363 2593 1461 2646 pro
1479 2576 1700 2630 Vindice
1721 2577 1921 2634 bellas-

313 2654 450 2702 sent.
527 2648 638 2702 Nec
651 2650 919 2704 coercebat
937 2649 1201 2704 eiusmodi
1224 2667 1377 2705 voces
1395 2649 1661 2704 Vitellius.
1740 2651 1921 2724 Super

313 2735 420 2762 ¹¹¹·-
402 2719 532 2775 itam
559 2722 715 2777 inerti
743 2725 934 2779 animo·
951 2725 1242 2796 ignaviam,
1286 2727 1555 2790 conscius,
1584 2724 1689 2780 sibi
1713 2727 1923 2784 instare
