2081 3038
299 201 402 256 300
705 203 760 254 C.
803 205 1183 254 CORNELII
1221 201 1492 254 TACI'rr

303 309 681 383 longissimum
717 315 912 366 aevum
950 310 1172 384 peregit.
1252 309 1465 382 Quippe
1502 317 1553 364 et
1582 325 1703 364 vera
1745 309 1905 376 bona,

301 401 440 457 quae
457 386 514 439 in
533 386 826 441 virtutibus
845 387 944 440 sita
965 395 1113 452 sunt,
1137 385 1448 458 inpleverat,
1464 394 1515 440 et
1532 385 1908 441 consularibus

302 477 362 514 ac
388 461 807 532 triumphalibus
835 463 1162 516 ornamentis
1190 461 1445 532 praedito,
1480 460 1613 532 quid
1644 459 1793 515 aliud
1815 461 1907 515 ad-

301 543 504 591 struere
525 535 730 591 fortuna
750 536 984 608 poterat?
1040 536 1251 608 Opibus
1279 536 1465 591 nimiis
1486 554 1589 591 non
1610 536 1905 608 gaudebat,

301 612 572 683 speciosae
590 614 932 686 contigerant.
985 611 1119 666 Filia
1142 620 1301 683 atque
1320 629 1487 666 uxore
1504 612 1908 682 superstitibuS,

300 695 473 761 potest
490 687 661 743 videri
681 689 840 742 etiam
861 687 1067 752 beatuS,
1101 687 1357 742 incolumi
1383 686 1657 758 dignitate,
1692 685 1909 741 florente

301 761 461 829 fama,
487 762 652 818 salvis
673 762 1034 816 adfinitatibus
1056 769 1106 815 et
1131 763 1400 826 amicitiiS,
1438 761 1615 816 sutura
1636 761 1906 834 effugisse.

301 839 460 903 Nam,
502 838 659 892 sicuti
689 838 880 892 durare
909 838 964 891 in
995 837 1096 891 hac
1122 836 1418 891 beatissimi
1444 836 1642 891 saeculi
1666 835 1804 901 luce,
1849 853 1909 890 ac

301 913 598 985 principem
621 913 908 967 Traianum
929 912 1127 977 videre,
1151 911 1384 983 quodam
1406 913 1633 984 augurio
1659 915 1909 984 votisque

301 988 447 1060 apud
485 996 691 1044 nostras
730 1005 886 1042 aures
915 987 1281 1042 ominabatur:
1324 988 1397 1042 ita
1426 986 1699 1042 festinatae
1719 989 1907 1042 mortis

301 1063 501 1137 grande
529 1062 775 1118 solatium
810 1063 949 1129 tulit,
990 1063 1227 1118 evasisse
1254 1071 1585 1135 postremum
1614 1061 1751 1118 illud
1770 1071 1909 1116 tem-

301 1157 426 1211 puS‚
459 1155 568 1210 quo
597 1138 948 1201 DomitianuS,
983 1155 1089 1192 non
1112 1139 1221 1192 iam
1240 1155 1335 1210 per
1357 1137 1632 1194 intervalla
1652 1155 1714 1193 ac
1732 1139 1909 1210 spira-

303 1219 478 1267 menta
499 1220 819 1284 temporum,
853 1212 946 1267 sed
966 1213 1219 1269 continuo
1236 1222 1288 1268 et
1308 1213 1455 1268 velut
1475 1231 1583 1269 uno
1600 1214 1731 1280 ictu,
1762 1231 1909 1268 rem-

300 1286 571 1360 publicam
593 1288 857 1343 exhausit.

414 1367 496 1419 45.
539 1365 654 1419 Non
684 1365 819 1418 vidit
851 1363 1093 1437 Agricola
1120 1364 1393 1420 obsessam
1422 1365 1647 1430 curiam,
1686 1371 1738 1418 et
1756 1363 1906 1419 clau-

303 1457 426 1495 sum
455 1442 620 1494 armis
649 1447 914 1506 senatum,
947 1437 1000 1494 et
1029 1439 1212 1494 eadem
1244 1448 1419 1513 strage
1450 1447 1521 1495 tot
1538 1438 1903 1495 consularium

302 1516 506 1581 caedeS,
531 1525 604 1572 tot
623 1515 1079 1572 nobilissimarum
1103 1514 1422 1571 feminarum
1444 1515 1631 1571 exsilia
1652 1523 1701 1569 et
1723 1513 1899 1589 fugaS.

305 1593 416 1646 Una
457 1592 632 1647 adhuc
670 1592 885 1648 victoria
912 1591 1083 1646 Carus
1101 1592 1296 1646 Metius
1315 1592 1648 1656 censebatur,
1690 1598 1742 1645 et
1764 1592 1905 1645 intra

300 1666 561 1721 Albanam
582 1684 754 1721 arcem
776 1667 1031 1722 sententia
1054 1666 1327 1722 Messalini
1347 1666 1629 1737 strepebat,
1659 1672 1711 1719 et
1728 1666 1905 1721 Massa

301 1742 527 1795 Baebius
556 1743 664 1796 iam
695 1751 810 1797 tum
840 1759 964 1797 reus
982 1751 1110 1796 erat.
1185 1743 1314 1802 Mox
1335 1750 1541 1797 nostrae
1558 1741 1761 1795 duxere
1780 1741 1905 1795 Hel-

305 1817 510 1873 vidium
547 1818 604 1873 in
645 1835 906 1872 carcerem
949 1834 1170 1872 manus:
1216 1834 1312 1871 nos
1338 1817 1562 1873 Maurici
1588 1817 1905 1888 Rusticique

302 1894 474 1958 visuS,
500 1911 596 1948 nos
617 1893 882 1948 innocenti
901 1892 1165 1965 sanguine
1184 1891 1403 1947 Senecio
1430 1891 1683 1963 perfudit.
1764 1894 1905 1946 Nero

301 1978 475 2025 tamen
507 1968 770 2023 subtraxit
794 1966 996 2032 oculos,
1029 1969 1297 2040 iussitque
1326 1967 1541 2032 scelera,
1572 1984 1678 2021 non
1698 1975 1904 2039 specta-

300 2046 403 2099 vit:
447 2044 731 2115 praecipua
767 2043 872 2096 sub
900 2042 1196 2099 Domitiano
1236 2043 1577 2097 miseriarum
1615 2058 1741 2113 pars
1768 2050 1899 2107 erat,

303 2120 481 2175 videre
500 2126 550 2173 et
568 2117 792 2189 adspioi,
815 2134 938 2172 cum
961 2118 1194 2190 suspiria
1218 2126 1391 2173 nostra
1414 2116 1899 2183 subscriberentur,

300 2212 423 2249 cum
445 2192 755 2249 denotandis
781 2200 853 2247 tot
885 2192 1165 2248 hominum
1184 2192 1478 2265 palloribus
1498 2191 1766 2247 sufficeret
1786 2210 1904 2247 sae-

300 2288 402 2325 vus
423 2268 514 2323 ille
533 2268 716 2323 vultus
734 2276 784 2322 et
803 2268 985 2343 rubor,
1007 2286 1117 2341 quo
1135 2286 1193 2323 se
1210 2276 1387 2323 contra
1409 2267 1667 2339 pudorem
1688 2269 1905 2322 munie-

301 2346 408 2399 bat.
489 2344 566 2398 Tu
590 2361 734 2409 vero,
759 2342 906 2409 felix,
931 2342 1193 2417 Agricola,
1222 2361 1328 2399 non
1358 2344 1498 2400 vitae
1516 2351 1723 2398 tantum
1744 2342 1903 2397 clari—

302 2427 422 2483 tate,
447 2419 542 2473 sed
562 2420 720 2473 etiam
741 2420 1131 2490 opportunitate
1152 2421 1356 2485 mortis,
1380 2418 1459 2493 (ut
1479 2419 1779 2490 perhibent,
1804 2420 1901 2490 qui

301 2492 654 2548 interfuerunt
690 2494 1003 2550 novissimis
1042 2495 1379 2549 sermonibus
1417 2492 1545 2566 tuis)
1576 2502 1824 2548 constans
1853 2501 1905 2547 et

301 2566 472 2621 libens
514 2568 681 2623 fatum
719 2570 1001 2640 excepisti;
1066 2576 1337 2641 tamquam
1365 2586 1463 2639 pro
1494 2568 1633 2621 virili
1662 2569 1905 2639 portione

299 2641 655 2697 innocentiam
674 2644 907 2715 principi
927 2643 1169 2700 donares,
1194 2643 1299 2698 Sed
1314 2643 1452 2697 mihi
1468 2642 1735 2714 filiaeque,
1750 2659 1906 2714 prae—

299 2718 377 2763 ter
397 2715 731 2772 acerbitatem
750 2720 985 2787 parentis
1005 2718 1187 2789 erepti,
1212 2722 1369 2791 auget
1389 2716 1727 2784 maestitiam,
1754 2718 1908 2788 quod
