2081 3038
219 216 464 290 meso.)
669 215 829 270 LI'B.
864 225 903 270 1.
946 223 1124 270 CAR
1167 224 1408 270 oti-os,
1527 251 1539 261 .
1759 217 1812 269 Η

222 341 343 379 rum
362 325 694 380 mutationes·
702 325 1007 379 venditante
1022 322 1178 386 duce,
1193 322 1359 378 foedis
1379 323 1714 394 pactionibus
1731 321 1821 376 ad-

219 415 411 454 versas
438 413 773 470 possessores
800 415 1050 472 agrorum
1075 405 1130 451 et
1157 399 1497 470 magistratus
1523 400 1819 463 civitatum,

221 475 350 528 adeo
380 476 689 538 minaciter‚'
710 483 769 528 ut
788 475 941 528 Luco
964 474 1354 544 (municipium
1373 473 1430 526 id
1451 473 1820 530 Vocontiorum

220 551 319 617 est)
340 548 477 602 faces
498 549 809 613 admoverit,
830 549 999 603 donec
1019 548 1244 618 pecunia
1265 548 1614 620 mitigaretur.
1678 548 1827 613 Quo-

222 624 359 677 tiens
378 626 635 694 pecuniae
653 626 869 689 materia
889 624 1114 686 deesset,
1144 623 1352 694 stupris
1371 630 1423 676 et
1440 622 1712 676 adulteriis
1729 639 1824 676 ex-

126 715 131 720 ·
218 699 485 754 orabatur.
566 699 654 754 Sic
673 692 738 761 ad
761 697 923 770 Alpes
940 707 1279 769 perventum.

330 775 416 832 67.
460 772 588 828 Plus
602 775 831 846 praedae
852 791 915 828 ac
932 775 1216 846 sanguinis
1236 771 1461 828 Caecina
1479 771 1677 826 hausit.
1739 769 1827 824 In-

221 849 504 903 ritaverant
532 849 808 904 turbidum
838 851 1116 922 ingenium
1150 847 1393 910 Helvetii,
1439 845 1644 902 Gallica
1669 862 1821 918 gens,

220 923 347 978 olim
378 926 545 978 armis
574 925 835 996 virisque,
878 942 1002 979 mox
1025 924 1281 977 memoria
1303 923 1538 976 nominis
1558 921 1718 985 cla-ra,
1759 921 1828 976 do

200 999 379 1058 ,caede
408 998 608 1054 Galbae
648 997 839 1073 ignari,
882 1009 935 1054 et
961 998 1159 1052 Vitellii
1189 997 1478 1070 imperium
1509 995 1822 1051 abnuentes,

223 1074 440 1127 Initium
472 1073 609 1130 bello
641 1074 741 1129 fuit
770 1075 987 1129 avaritia
1010 1089 1073 1128 ac
1095 1073 1360 1128 festinatio
1375 1074 1828 1127 unoetvicesimae

222 1147 466 1221 legionis.
528 1151 831 1220 Rapaci-ant
846 1151 1153 1221 pecuniam,
1176 1151 1397 1203 missam
1421 1150 1476 1202 in
1497 1147 1826 1219 stipendium

222 1223 443 1284 castel-li.
470 1225 615 1296 quod
642 1225 771 1280 olim
790 1219 1016 1279 Helvetii
1040 1226 1164 1278 suis
1175 1223 1442 1278 militibus
1463 1240 1524 1276 ac
1543 1223 1826 1294 stipendiis

221 1299 525 1354 tuebantur.
606 1301 776 1372 Aegre
794 1301 848 1354 id
868 1301 1013 1370 passi
1037 1299 1281 1360 Helvetii,
1307 1296 1610 1368 interceptis
1631 1301 1828 1368 episto-

222 1371 311 1436 lis,
352 1390 493 1444 quae
527 1377 745 1429 nomine
774 1372 1077 1428 Germanici
1115 1375 1378 1426 exercitus
1407 1371 1472 1426 ad
1501 1374 1826 1427 Pannonicas
1911 1437 1946 1448 l·

224 1446 457 1523 legiones
491 1447 809 1510 ferebantur,
842 1449 1208 1502 centurionem
1236 1456 1290 1500 ct
1309 1446 1570 1516 quosdam
1593 1447 1827 1501 militum

222 1523 277 1577 in
306 1524 544 1578 custodia
574 1524 889 1578 retinebant.
968 1522 1212 1583 Caecina,
1247 1519 1371 1575 belli
1403 1521 1614 1585 aviduS‚
1641 1521 1829 1592 proxi-

226 1616 367 1653 mam
398 1614 672 1669 quamque
700 1598 935 1667 culpam,
976 1606 1262 1667 antequam
1303 1597 1608 1665 poeniteret,
1651 1596 1826 1651 ultum

224 1673 351 1727 ibat.
420 1672 553 1725 Mota
576 1685 796 1741 propere
817 1681 1013 1735 castra3
1059 1673 1247 1725 vastati
1265 1672 1410 1743 agri;
1453 1670 1691 1743 direptus
1716 1670 1830 1727 lon-

222 1764 287 1820 ga
312 1762 439 1815 pace
461 1748 514 1799 in
538 1746 754 1799 modum
782 1746 1067 1815 municipii
1089 1754 1391 1802 exstructus
1417 1744 1582 1809 Ιοουε,
1607 1764 1828 1812 amoeno

224 1820 525 1875 salubrium
556 1835 817 1890 aquarum
842 1838 944 1873 usu
968 1820 1240 1893 frequens.
1320 1822 1469 1875 Missi
1494 1821 1560 1875 ad
1582 1822 1824 1876 Rhaetica

224 1892 427 1949 auxilia
460 1894 656 1958 nuntii,
690 1904 751 1949 ut
770 1912 951 1951 versos
976 1896 1036 1949 in
1064 1894 1324 1969 legionem
1348 1893 1612 1950 Helvetios
1634 1912 1661 1949 a
1685 1906 1828 1969 tergo

223 1967 653 2042 adgrederentur.

336 2046 420 2097 68.
465 2042 567 2107 Ilii,
592 2052 711 2099 ante
734 2044 1021 2099 discrimen
1043 2043 1259 2109 feroces,
1292 2046 1346 2099 in
1367 2040 1605 2116 periculo
1623 2044 1824 2114 pavidi,

223 2136 554 2192 quamquam
586 2120 761 2190 primo
788 2120 1019 2174 tumultu
1044 2118 1328 2175 Claudium
1349 2119 1605 2174 Severum
1637 2120 1827 2173 ducem

224 2195 477 2269 legerant,
521 2212 622 2249 non
648 2212 793 2249 arma
818 2210 1052 2259 noscere,
1079 2212 1184 2249 non
1204 2196 1417 2251 ordines
1443 2195 1617 2265 sequi,
1644 2212 1748 2248 non
1771 2194 1826 2247 in

223 2288 396 2326 unum
418 2270 713 2326 consulere.
776 2271 1082 2325 Exiviosum
1105 2270 1361 2325 adversus
1383 2279 1655 2324 veteranos
1679 2286 1829 2339 proe-

224 2346 360 2401 lium
378 2388 391 2411 ‚
444 2347 611 2401 intuta
657 2344 867 2401 obsidio
884 2386 896 2409 ‚
946 2344 1171 2416 dilapsis
1221 2354 1480 2399 vetustate
1525 2343 1824 2398 moenibus,

224 2422 362 2477 Hinc
380 2420 603 2476 Caecina
626 2435 749 2475 cum
774 2419 950 2475 valido
968 2421 1232 2488 exercitu3
1275 2420 1398 2475 inde
1420 2419 1696 2472 Rhaeticae
1717 2417 1830 2471 alae

222 2496 573 2567 cohortesque
590 2504 641 2551 et
664 2496 906 2567 ipsorum
934 2494 1255 2551 Rhaetorum
1276 2496 1550 2553 inventu-s,
1574 2502 1722 2547 sueta
1743 2510 1827 2546 ar—

224 2573 331 2627 mis
367 2580 421 2625 et
454 2587 603 2625 more
639 2570 865 2625 militiae
900 2571 1157 2638 exercita3
1200 2568 1443 2640 undique
1480 2566 1750 2639 populatio
1779 2574 1829 2621 et

225 2646 430 2700 caedes,
474 2646 581 2717 Ipsi
602 2647 658 2700 in
682 2646 857 2702 medio
876 2646 1019 2719 vagi,
1045 2645 1264 2699 abiectis
1284 2643 1468 2709 armis,
1491 2658 1682 2717 magna
1703 2658 1828 2715 pars

226 2721 396 2775 saucii
436 2728 526 2775 aut
562 2720 822 2793 palantes,
863 2722 923 2776 in
956 2728 1193 2777 montem
1223 2720 1497 2777 Vocetium
1525 2718 1822 2793 perfugere.
