2081 3038
176 207 419 284 amn.)
591 217 756 264 mn.
796 216 894 265 1v.
934 216 1114 265 cAP.
1155 217 1237 265 το.
1276 218 1365 267 τι.
1679 211 1783 271 217

176 320 506 385 viderentur,
528 319 587 377 in
606 318 869 386 civitatee,
884 335 1025 392 quae
1040 318 1340 375 societatem
1360 318 1655 377 Romanam
1674 339 1782 378 non

175 403 450 461 exuerant.
472 393 839 469 perfugerant.
914 396 1175 469 Legiones
1195 411 1226 449 a
1244 395 1475 451 Novesio
1491 395 1783 469 Bonnaque

176 475 235 528 in
250 473 525 536 Treveros,
538 478 600 531 ut
618 488 783 543 supra
802 470 1242 535 memoravimus,
1257 469 1545 536 traductae,
1557 488 1616 527 se
1633 474 1783 544 ipsae

176 550 233 603 in
262 546 423 609 verba
442 546 759 618 Vespasiani
784 546 1026 620 adigunt.
1108 546 1248 601 Haeo
1269 544 1550 602 Valentino
1565 546 1784 604 absente

173 630 348 698 gesta:
390 623 488 694 qui
510 622 603 683 ubi
624 621 939 680 adventabat
964 620 1170 687 furens,
1195 629 1494 693 cunctaque
1512 638 1704 677 rursus
1723 624 1782 679 in

174 698 359 761 turbas
380 708 431 760 et
447 698 673 759 exitium
694 714 1074 763 conversuruS,
1089 698 1325 772 legiones
1343 697 1402 751 in
1419 696 1785 753 Mediomatri-

176 793 287 841 coe,
310 774 509 835 sociam
527 772 816 839 civitatem,
831 772 1154 829 abscessere.
1204 772 1520 833 Valentinus
1539 789 1602 828 ac
1621 773 1786 831 Tutor

174 852 233 906 in
273 866 421 911 erma
440 848 695 907 Treveros
733 848 1036 909 retrahunt:
1079 848 1272 905 occisis
1298 848 1564 907 Herennio
1582 865 1646 903 ao
1668 848 1785 905 Nu-

176 926 355 991 misio,
378 923 587 1055 llegatis,
616 941 727 997 quo
751 925 959 982 minore
982 940 1080 996 spe
1100 924 1288 982 veniae
1317 931 1573 982 cresceret
1591 925 1785 981 vincu-

177 1001 291 1059 lum
310 1018 399 1055 sce
420 1000 546 1055 eriS.

284 1078 340 1133 7⁴
357 1118 370 1132 .
410 1076 511 1131 Hic
534 1074 663 1131 belli
683 1082 852 1131 status
872 1081 1001 1142 erat,
1031 1092 1159 1131 cum
1182 1074 1404 1133 Petilius
1425 1073 1649 1131 Cerialis
1669 1076 1786 1132 Ma-

172 1153 477 1228 gontiaeum
514 1152 679 1209 venit.
758 1151 894 1207 Eius
932 1151 1165 1208 adventu
1201 1158 1400 1207 erectae
1436 1168 1580 1223 spes.
1661 1152 1784 1223 Ipse

174 1246 385 1303 pugnae
404 1228 597 1285 avidus
614 1235 667 1283 et
684 1226 1106 1295 contemnendis,
1133 1244 1298 1298 quam
1317 1227 1589 1293 cavendis,
1613 1226 1784 1291 hosti-2

174 1305 279 1359 bus
300 1304 506 1367 melior,
528 1302 720 1361 ferocia
740 1302 1029 1359 verborum
1049 1302 1274 1361 militem
1296 1302 1640 1359 inoendebat:
1685 1304 1780 1359 ubi

174 1380 413 1451 primum
440 1378 692 1451 congredi
722 1376 981 1440 licuisset,
1025 1375 1230 1435 nullam
1259 1376 1458 1447 proelio
1477 1394 1682 1436 moram
1703 1377 1784 1433 sa-

174 1464 379 1511 cturus.
456 1452 700 1510 Deiectus
729 1468 825 1524 per
856 1450 1088 1507 Galliam
1118 1450 1326 1509 habitos
1354 1453 1412 1507 in
1439 1452 1679 1507 civitates
1697 1470 1783 1507 re-

176 1529 341 1585 mittit
354 1569 368 1595 ,
409 1546 472 1584 ac
506 1530 755 1587 nuntiare
788 1527 967 1592 iubet,
1010 1529 1249 1596 sufficere
1288 1531 1506 1596 imperio
1543 1531 1780 1597 leyionos.

176 1605 321 1661 Socii
339 1609 413 1658 ad
430 1609 611 1662 munia
621 1607 777 1673 pacis
794 1607 1045 1664 redirent,
1057 1607 1247 1666 securi,
1269 1605 1410 1658 volut
1430 1608 1657 1673 consecto
1678 1607 1784 1658 bel-

176 1683 247 1746 lo,
290 1683 427 1749 quod
466 1681 729 1735 Romanae
762 1696 953 1740 manua
986 1682 1324 1747 excepissent.
1399 1676 1568 1736 Auxit
1605 1695 1665 1738 ee
1696 1696 1788 1738 res.

176 1755 455 1814 Gallorum
482 1755 824 1827 obsequium.
904 1755 1063 1820 Nem,
1095 1761 1301 1826 recepta
1323 1754 1618 1820 iuventute,
1651 1753 1782 1812 faci·-

177 1831 287 1888 lius
306 1831 503 1889 tributa
532 1830 835 1896 toleravere,
862 1831 1137 1903 proniores
1158 1829 1227 1886 ad
1243 1827 1437 1895 officia,
1460 1829 1608 1902 quod
1629 1848 1780 1901 sper-

176 1906 458 1963 nebantur.
537 1906 607 1968 At
636 1905 824 1963 Civilis
854 1915 904 1965 et
930 1905 1222 1972 Classicum
1253 1905 1350 1965 uhi
1374 1904 1597 1977 pulsum
1618 1905 1782 1962 Tuto-

175 2000 310 2048 rem,
342 1999 523 2040 caesos
550 1983 825 2047 Treveros,
856 1989 1045 2040 cuncta
1077 1981 1322 2041 hostibus
1351 1997 1602 2054 prospera
1632 1998 1777 2041 acce-

173 2076 319 2132 pere,
362 2057 549 2130 trepidi
590 2075 653 2114 ac
688 2065 1052 2131 properantes,
1094 2056 1226 2114 dum
1256 2057 1526 2129 dispersas
1554 2074 1778 2112 auorum

172 2136 354 2207 copias
382 2133 705 2199 conducunt,
728 2133 931 2191 crebris
959 2132 1174 2190 interim
1202 2134 1408 2192 nuntiis
1433 2131 1778 2192 Valentinum

174 2226 450 2274 monuere,
474 2227 542 2268 ne
561 2227 807 2270 summae
833 2210 910 2265 rei
929 2206 1231 2281 periculum
1251 2208 1460 2270 faceret.
1537 2209 1616 2266 Eo
1635 2209 1780 2280 rapi-

171 2287 298 2344 dius
338 2285 579 2352 Cerialia,
621 2286 805 2340 missis
843 2285 901 2340 in
933 2283 1377 2349 Mediomatricos,
1419 2283 1514 2357 qui
1535 2283 1779 2344 breviore

171 2363 362 2420 itinere
400 2360 635 2434 legiones
673 2361 731 2419 in
758 2361 963 2416 hostem
986 2367 1267 2425 verterent,
1307 2367 1588 2425 contracto,
1632 2359 1779 2432 quod

172 2444 285 2494 erat
310 2435 548 2493 militum
576 2436 909 2509 Magantiaci,
938 2442 1313 2507 quantumque
1333 2452 1517 2493 secum
1537 2443 1778 2494 transve-

174 2519 340 2576 xerat,
382 2512 551 2570 tertiis
589 2512 775 2571 castris
814 2509 1142 2585 Rigodulum
1179 2512 1354 2579 νεοίη
1396 2528 1562 2582 quem
1600 2511 1777 2568 locum

174 2604 369 2661 magna
390 2588 739 2646 Treverorum
758 2603 924 2648 manu
942 2585 1260 2646 Valentinus
1279 2585 1560 2652 insederat,
1580 2587 1777 2645 monti-

172 2662 279 2717 bus
315 2667 409 2719 aut
444 2662 661 2724 Mosella
698 2680 855 2722 amne
888 2672 1125 2736 septum.
1203 2664 1272 2724 Et
1309 2661 1581 2722 addiderat
1610 2661 1779 2720 fossas

172 2735 467 2810 obicesque
498 2755 775 2804 samum.
854 2739 967 2798 Neo
1003 2739 1306 2800 deterruere
1345 2755 1406 2796 ea
1444 2739 1776 2798 munimenta
