2081 3038
286 234 382 289 386
849 216 1322 287 ΑΝΝΑΜΠΜ
1608 228 1879 304 (mmmm

284 342 483 397 lulium
504 340 865 413 Tugurinum,
888 340 1188 395 Munatium
1201 340 1445 402 Gratum,
1468 338 1762 395 Antonium
1780 340 1885 393 Na-

285 416 462 480 talem,
495 416 744 471 Martium
767 414 1009 479 Festum,
1035 416 1241 487 equites
1262 414 1552 471 Romanos:
1596 430 1662 469 ex
1682 414 1885 485 quibus

285 490 531 555 Senecio,
572 507 602 545 e
639 490 922 561 praecipua
963 488 1317 544 familiaritate
1352 488 1577 544 Neronis
1594 530 1607 552 ,
1650 490 1883 560 speciem

286 566 548 621 amicitiae
583 566 884 620 etiamtum
923 566 1187 628 retinenS,
1227 568 1300 619 feo
1336 563 1587 635 pluribus
1629 562 1887 634 periculis

285 638 698 697 conflictabatur.
777 638 978 694 Natalis
1016 640 1280 710 particeps
1322 638 1389 693 ad
1426 654 1585 693 omne
1622 646 1885 692 secretum

287 716 465 771 Pisoni
505 722 632 770 erat.
713 712 913 769 Ceteris
950 730 1075 785 spes
1114 730 1181 768 ex
1213 713 1366 768 novis
1396 713 1558 768 rebus
1587 712 1881 783 petebatur.

285 792 530 846 Adscitae
547 796 694 854 sunt,
717 805 879 861 super
905 786 1163 844 Subrium
1184 796 1234 842 et
1253 786 1573 859 Sulpicium,
1596 787 1663 842 de
1681 788 1885 857 quibus

285 866 463 930 retuli,
508 862 764 919 militares
803 880 1016 929 manus,
1058 862 1293 919 Granius
1330 860 1583 916 Silvanus
1608 868 1663 915 et
1686 860 1887 916 Statius

285 943 587 1004 Proximus,
630 938 835 993 tribuni
855 937 1151 994 cohortium
1173 937 1575 1009 praetoriarum,
1614 936 1887 991 Maximus

285 1016 518 1071 Scaurus
537 1020 590 1069 et
607 1013 841 1068 Venetus
849 1011 1068 1068 Paullus
1088 1011 1441 1068 centuriones,
1484 1010 1588 1065 Sed
1604 1026 1885 1065 summum

285 1089 449 1145 robur
463 1090 525 1143 in
543 1087 710 1143 Fenio
728 1086 866 1143 Rufo
884 1086 1145 1158 praefecto
1162 1086 1461 1150 videbatur,
1480 1102 1665 1157 quem,
1679 1086 1785 1139 vita
1810 1084 1889 1139 fa-

285 1180 482 1237 maque
507 1162 800 1227 laudatum,
837 1180 932 1233 per
971 1162 1247 1216 saevitiam
1283 1160 1769 1233 inpudicitiamque
1792 1160 1887 1215 Ti-

285 1237 520 1312 gellinus
551 1237 608 1291 in
637 1235 818 1291 animo
841 1236 1103 1308 principis
1130 1234 1379 1300 anteibat,
1409 1234 1766 1311 fatigabatque
1782 1235 1889 1290 cri-

287 1312 670 1369 minationibus
685 1352 698 1376 ,
742 1328 804 1366 ac
839 1328 994 1383 saepe
1028 1311 1087 1365 in
1127 1316 1339 1366 metum·
1370 1308 1685 1373 adduxerat,
1728 1311 1886 1382 quasi

287 1387 586 1443 adulterum
616 1386 940 1459 Agrippinae
977 1395 1030 1441 et
1059 1384 1322 1440 desiderio
1344 1385 1463 1439 eius
1488 1383 1679 1439 ultioni
1712 1385 1890 1440 inten-

285 1472 422 1519 tum.
499 1462 682 1538 Igitur,
712 1461 806 1516 ubi
826 1461 1133 1526 coniuratis,
1156 1458 1480 1532 praefectum
1500 1473 1718 1532 quoque
1735 1476 1890 1532 prae-

287 1540 406 1594 torii
426 1540 482 1593 in
502 1545 678 1610 partes
695 1537 1051 1602 descendisse,
1082 1536 1268 1591 crebro
1292 1535 1470 1608 ipsius
1490 1551 1735 1590 sermone
1754 1535 1889 1590 facta

287 1613 444 1681 tides;
487 1613 785 1684 promptius
816 1615 924 1667 iam
951 1613 1018 1665 de
1048 1621 1282 1681 tempore
1302 1627 1363 1664 ac
1388 1609 1501 1665 loco
1522 1610 1699 1664 caedis
1722 1611 1891 1684 agita-

287 1690 431 1742 bant.
513 1689 579 1741 Et
603 1687 808 1759 cepisse
839 1688 1080 1758 inpetum
1108 1685 1337 1740 Subrius
1356 1684 1578 1739 Flavius
1601 1683 1887 1749 ferebatur,

287 1765 344 1817 in
375 1777 532 1816 scena
551 1769 824 1816 canentem
845 1763 1108 1816 Neronem
1134 1759 1504 1832 adgrediendi3
1547 1767 1639 1814 aut
1656 1775 1781 1814 cum
1804 1777 1892 1814 ar-

287 1837 444 1891 dente
460 1837 619 1892 domo
635 1853 730 1908 per
749 1845 953 1892 noctem
979 1837 1091 1891 huc
1105 1834 1239 1890 illuc
1254 1843 1491 1889 cursaret
1508 1835 1878 1890 incustoditus.

289 1913 386 1965 Hic
403 1913 608 1968 occasio
625 1911 958 1978 solitudinis3
1000 1912 1079 1966 ibi
1099 1911 1215 1983 ipsa
1236 1908 1552 1981 frequentia,
1584 1909 1715 1963 tanti
1734 1910 1895 1969 deco-

289 1988 364 2041 ris
401 1986 550 2041 testis
565 2027 579 2050 ,
631 1985 1057 2057 pulcherrimum
1102 1987 1347 2040 animum
1384 1983 1889 2040 exstimulaverantz

289 2062 396 2117 nisi
423 2061 740 2132 inpunitatis
767 2061 962 2133 cupido
987 2061 1313 2125 retinuisset,
1336 2060 1550 2134 magnis
1570 2075 1783 2131 semper
1800 2073 1895 2117 oo·

290 2135 504 2191 natibus
524 2135 762 2190 adversa.
781 2156 786 2160 ·

396 2214 454 2265 5⁴
469 2252 482 2265 .
515 2211 730 2266 Interim
749 2211 1125 2266 cunctantibus
1143 2207 1639 2282 prolatantibusque
1654 2222 1810 2281 spem
1830 2227 1900 2265 ac

289 2292 512 2348 metum,
541 2284 822 2357 Epicharis
849 2285 1113 2358 quaedam
1130 2327 1142 2348 ,
1172 2286 1437 2338 incertum
1467 2301 1703 2356 quonam
1730 2283 1901 2340 modo

287 2361 551 2416 sciscitata
575 2359 774 2432 (neque
797 2358 878 2415 illi
909 2368 1032 2414 ante
1059 2359 1168 2413 ulla
1194 2367 1374 2414 r‘erum
1395 2358 1735 2414 honestarum
1758 2376 1893 2413 cura

291 2433 478 2506 fuerat)
515 2435 797 2490 accendere
833 2443 885 2490 et
921 2451 1145 2508 arguere
1172 2434 1501 2490 coniuratos:
1542 2449 1607 2488 ac
1618 2441 1905 2523 postremo

291 2508 622 2566 lentitudinis
663 2525 844 2565 eorum
887 2518 1143 2580 pertaesa,
1183 2519 1235 2564 et
1276 2509 1333 2564 in
1374 2508 1665 2580 Campania
1700 2523 1897 2582 agens,

290 2584 550 2654 primores
569 2584 960 2640 classiariorum
971 2585 1357 2640 Misenensium
1378 2583 1682 2648 labefacere,
1694 2591 1747 2638 et
1764 2599 1905 2640 oon-

291 2657 507 2714 scientia
533 2659 761 2732 inligare
788 2661 1014 2716 connixa
1044 2668 1125 2715 est
1147 2659 1239 2715 tali
1258 2659 1430 2714 initio.
1507 2659 1634 2714 Erat
1670 2658 1903 2714 chiliar-

289 2727 426 2785 chus
445 2731 504 2786 in
524 2749 584 2787 ea
603 2735 773 2790 classe
790 2735 1046 2791 Volusius
1064 2733 1338 2790 Proculus.
1368 2731 1686 2789 occidendae·
1702 2737 1899 2790 matris
