2081 3038
215 242 342 281 mc.
370 221 463 294 67.)
577 230 736 276 ΜΒ.
777 228 934 275 xvi.
975 228 1158 275 cAr.
1200 229 1443 275 14—16.
1724 224 1819 277 409

213 350 457 406 opesque
500 332 620 387 eius
665 330 978 403 praecipuas
1025 329 1093 384 ad
1140 328 1451 383 eliciendam
1488 330 1819 402 cupidinem.

216 406 448 481 eamque
477 424 722 461 caussam
761 404 948 460 multis
987 405 1151 460 exitio
1174 422 1311 459 esse.
1390 404 1576 477 Igitur,
1600 407 1824 461 interce-

217 486 328 558 ptis
355 482 529 539 Anteii
562 480 770 545 litteris,
802 478 1008 535 furatus
1038 480 1197 533 etiam
1228 477 1455 543 libellos,
1486 480 1689 552 quibus
1708 480 1823 538 dies

216 558 466 635 genitalis
507 558 626 611 eius
663 562 713 611 et
739 563 990 611 eventura
1023 555 1239 609 secretis
1270 555 1577 610 Pammenis
1593 557 1824 613 occulta-

219 636 435 698 bantur,
457 630 620 687 simul
644 631 885 702 repertis,
908 631 1006 702 qui
1026 630 1093 684 de
1112 639 1229 684 ortu
1250 629 1469 702 vitaque
1487 628 1683 686 Ostorii
1700 631 1824 687 Sca-

218 708 379 784 pulae
407 708 696 779 composita
726 712 894 770 erant,
925 704 1114 761 scribit
1132 704 1197 759 ad
1217 705 1538 777 principem,
1561 723 1753 775 magna
1770 726 1825 762 se

220 798 268 841 et
309 802 443 855 quae
481 785 829 839 incolumitati
863 785 976 835 eius
1013 785 1370 844 conducerent,
1410 784 1731 845 adlaturum,
1777 800 1825 837 st

169 924 177 930 ,
220 866 422 915 brevem
447 861 628 914 exsilii
656 861 860 911 veniam
880 860 1267 924 inpetravisset:
1306 860 1496 925 quippe
1519 856 1759 913 Anteium
1776 866 1824 911 et

223 936 489 993 Ostorium
515 937 764 988 inminere
793 934 964 994 rebus,
988 940 1036 985 et
1054 948 1153 985 sua
1179 930 1519 1000 Caesarisque
1540 937 1655 1001 sata
1672 948 1825 986 scru-

223 1016 344 1067 tari.
423 1008 564 1063 Exin
606 1007 803 1062 missae
841 1004 1157 1070 liburnicae,
1194 1004 1586 1078 advehiturque
1602 1022 1826 1078 propere

221 1086 499 1143 Sosianus.
575 1082 672 1145 Ac,
713 1080 929 1155 vulgato
968 1082 1087 1136 eius
1125 1080 1343 1145 indicio,
1386 1080 1523 1135 inter
1547 1080 1823 1139 damnatos

222 1159 415 1233 magiS,
440 1176 604 1231 quam
624 1159 762 1212 inter
781 1174 918 1221 reos,
943 1156 1168 1213 Anteius
1179 1155 1533 1228 Ostoriusque
1551 1156 1825 1213 habeban-

168 1229 173 1233 ’
220 1245 335 1292 tur:
379 1234 510 1289 adeo
528 1242 586 1288 ut
605 1239 978 1288 testamentum
999 1231 1175 1287 Anteii
1197 1249 1353 1288 nemo
1370 1230 1693 1307 obsignaret,
1717 1236 1824 1291 nisi

220 1309 522 1385 Tigellinus
549 1316 729 1364 auctor
758 1308 1067 1363 exstitisset.
1146 1308 1381 1363 Monitus
1400 1308 1557 1379 prius
1576 1308 1820 1375 Anteius,

220 1404 288 1442 ne
307 1403 578 1454 supremae
599 1387 803 1438 tabulas
821 1391 1133 1438 moraretur.
1191 1384 1366 1454 Atque
1390 1381 1499 1448 ille,
1522 1382 1714 1439 hausto
1734 1403 1825 1439 ve-

193 1466 382 1526 nene,
405 1458 702 1514 tarditatem
723 1458 840 1513 eius
864 1470 1111 1530 perosuS,
1131 1456 1398 1511 intercisis
1422 1458 1573 1513 venis
1600 1467 1823 1514 mortem

220 1536 610 1611 adproperavit.
950 1524 965 1542 ⁸

335 1615 419 1667 ⁴5.
462 1609 704 1666 Ostorius
725 1607 1038 1682 longinquis
1058 1607 1117 1663 in
1135 1608 1279 1682 agris
1298 1608 1444 1680 apud
1468 1608 1631 1664 finem
1656 1610 1825 1685 Ligu-

221 1707 346 1744 rum
366 1687 424 1742 id
445 1685 696 1756 temporis
715 1691 844 1740 erat.
892 1684 970 1740 Eo
989 1684 1193 1738 missus
1212 1685 1471 1749 centurio,
1492 1685 1589 1757 qui
1610 1687 1823 1742 caedem

220 1765 340 1819 eius
379 1767 684 1816 maturaret.
765 1758 966 1815 Caussa
1009 1758 1291 1814 festinandi
1331 1777 1399 1816 ex
1436 1777 1497 1816 eo
1535 1761 1821 1828 oriebatur,

222 1837 369 1912 quod
389 1835 632 1892 Ostorius
653 1835 820 1890 multa
841 1833 1061 1890 militari
1083 1832 1241 1899 fama,
1264 1842 1315 1890 et
1332 1836 1558 1891 civicam
1576 1852 1822 1894 coronam

220 1913 366 1986 apud
393 1911 720 1966 Britanniam
749 1910 994 1974 meritus,
1025 1910 1230 1984 ingenti
1259 1911 1494 1982 corporis
1522 1910 1709 1968 robore
1736 1931 1823 1967 ar-

219 2004 546 2060 morumque
572 1985 810 2049 scientia,
842 1993 1045 2040 metum
1066 1986 1263 2041 Neroni
1284 1985 1492 2052 fecerat,
1515 2003 1583 2042 ne
1602 1988 1823 2043 invade-

217 2072 300 2120 ret
317 2062 579 2136 pavidum
610 2077 818 2134 semper
839 2066 891 2116 et
909 2069 1113 2133 reperta
1135 2074 1308 2132 nuper
1328 2061 1687 2118 coniuratione
1708 2081 1795 2116 ma

216 2142 305 2213 gis
353 2137 686 2194 exterritum.
765 2137 935 2210 Igitur
980 2137 1245 2200 centurie,
1294 2137 1392 2193 ubi
1430 2135 1623 2212 effugia
1665 2138 1823 2194 villae

219 2214 434 2279 clausit,
463 2213 612 2268 iussa
631 2212 966 2284 imperatoris
987 2209 1195 2267 Ostorio
1214 2213 1399 2283 aperit.
1480 2213 1531 2268 ls
1560 2210 1825 2268 fortitudi-

219 2307 346 2345 nem
367 2305 528 2361 saepe
544 2287 800 2342 adversus
819 2286 998 2344 hostes
1017 2295 1305 2359 spectatam
1327 2287 1385 2342 in
1406 2303 1467 2342 se
1486 2289 1661 2342 vertit.
1691 2321 1695 2326 -
1732 2289 1818 2354 Et,

219 2367 348 2438 quia
378 2380 565 2429 venae,
588 2379 919 2434 quamquam
949 2363 1292 2435 interruptae,
1323 2379 1514 2434 parum
1542 2365 1823 2438 sanguinis

196 2439 581 2503 effundebant,
613 2436 888 2500 ,hactenus
919 2457 1084 2494 manu
1112 2439 1255 2493 servi
1282 2455 1437 2504 usus,
1477 2446 1539 2494 ut
1554 2439 1817 2495 inmotum

217 2517 512 2590 pugionem
532 2511 819 2579 extolleret,
843 2513 1106 2586 adpressit
1124 2513 1363 2568 dextram
1388 2515 1506 2570 eius
1526 2513 1822 2590 iuguloque

217 2591 466 2648 occurrit.

335 2669 418 2721 ⁴6.
459 2663 635 2720 Etiam
665 2663 712 2719 si
739 2661 878 2718 bella
910 2670 1125 2718 externa
1156 2669 1207 2716 et
1236 2661 1403 2716 obitas
1432 2681 1529 2736 pro
1548 2665 1819 2738 republica

217 2748 420 2802 mortes
439 2743 581 2798 tanta
601 2755 824 2797 casuum
846 2737 1200 2798 similitudine
1222 2753 1597 2812 memorarem3
1626 2757 1823 2816 meque
