2081 3038
229 207 500 284 (A.u.831.)
595 215 1017 264 AGRICOLA.
1060 216 1219 262 cAP.
1261 217 1342 261 ιτ.
1386 215 1467 261 18.
1727 210 1827 268 283

230 323 455 396 gantum
481 323 685 390 partem
715 325 806 372 aut
832 317 1053 373 victoria
1078 315 1379 388 amplexuS,
1418 323 1509 373 aut
1526 315 1684 375 bello.
1761 317 1831 374 Et

231 413 356 451 cum
396 390 618 449 Cerialis
655 393 876 466 quidem
917 391 1134 447 alterius
1173 392 1497 449 successoris
1534 410 1717 449 curam
1752 392 1831 449 fa-

231 487 486 543 mamque
532 469 824 533 obruisset,
876 468 1135 522 sustinuit
1171 484 1387 540 quoque
1424 465 1620 524 molem
1658 469 1829 526 Iulius

229 546 538 610 FrontinuS,
573 545 656 600 vir
684 561 936 618 magnuS,
966 550 1234 616 quantum
1256 541 1464 608 licebat,
1491 542 1832 616 validamque

232 629 284 678 et
324 637 623 696 pugnacem
659 619 902 674 Silurum
937 625 1151 692 gentem
1189 618 1355 673 armis
1382 618 1621 692 subegit;
1670 637 1831 690 super

231 699 484 752 virtutem
505 696 760 762 hostium,
785 693 1021 751 locorum
1048 711 1265 767 quoque
1282 692 1617 750 difficultates
1636 693 1834 750 elucta-

231 780 334 829 tus.

346 852 427 904 ⁴8.
469 847 625 902 Hunc
660 844 964 901 Britanniae
996 851 1215 911 statum,
1256 844 1356 900 has
1394 840 1660 899 bellorum
1688 844 1834 901 vices

232 925 408 981 media
437 924 545 978 iam
574 929 766 978 aestate
795 929 1163 994 transgressus
1194 918 1441 995 Agricola
1459 920 1682 986 invenit,
1708 938 1834 976 cum

215 1009 282 1057 ,et
301 1000 518 1066 militeS,
550 998 697 1055 velut
714 998 914 1053 omissa
935 995 1289 1068 expeditione,
1318 996 1387 1052 ad
1405 995 1762 1061 securitatem,
1784 1004 1836 1052 et

230 1078 409 1134 hostes
429 1075 498 1131 ad
513 1075 843 1131 occasionem
864 1079 1213 1129 verterentur.
1272 1070 1601 1129 Ordovicum
1624 1072 1830 1139 civitae,

229 1153 378 1209 haud
406 1150 575 1208 multo
605 1157 725 1206 ante
753 1149 1045 1206 adventum
1072 1146 1397 1214 eius„alam,
1418 1149 1477 1204 in
1495 1147 1699 1204 finibus
1718 1150 1834 1204 suis

231 1236 474 1304 agentem
490 1269 502 1293 ‚
543 1244 708 1300 prope
747 1226 1057 1282 universam
1098 1223 1411 1280 obtriverat:
1472 1241 1643 1298 eoque
1683 1225 1835 1280 initio

233 1311 400 1359 erecta
420 1302 713 1374 provincia,
726 1309 776 1354 et
795 1299 998 1372 quibus
1020 1298 1227 1354 bellum
1245 1299 1548 1366 volentibus
1568 1308 1697 1367 erat,
1710 1318 1835 1374 pro-

232 1379 360 1434 bare
395 1376 723 1448 exemplum,
747 1383 838 1431 aut
855 1373 1083 1429 recentis
1118 1373 1277 1447 legati
1306 1375 1550 1429 animum
1579 1377 1831 1448 opperiri.

235 1456 375 1509 Tum
394 1451 658 1527 Agricola,
687 1465 1021 1523 quamquam
1048 1454 1309 1504 transacta
1336 1457 1526 1514 aestas,
1548 1452 1721 1521 sparsi
1741 1468 1836 1523 per

233 1530 565 1605 provinciam
606 1528 837 1592 numeri,
878 1532 1225 1597 praesumpta
1258 1524 1403 1597 apud
1428 1525 1656 1581 militem
1684 1526 1836 1582 illius

236 1605 364 1663 anni
401 1605 578 1677 quies,
619 1602 765 1657 tarda
804 1609 856 1656 et
897 1601 1157 1655 contraria
1193 1599 1399 1656 bellum
1423 1600 1753 1667 inchoaturo,
1786 1612 1837 1657 et

234 1682 509 1755 plerisque
533 1678 785 1734 custodiri
803 1683 1051 1749 suspecta
1069 1676 1247 1748 potius
1266 1676 1564 1743 videbatur,
1586 1678 1664 1733 ire
1682 1678 1837 1733 obvi-

237 1775 323 1813 am
344 1755 644 1811 discrimini
665 1754 870 1810 statuit:
913 1753 1301 1826 contractisque
1326 1749 1600 1826 legionum
1621 1753 1835 1809 vexillis

236 1840 290 1889 et
317 1831 524 1887 modica
551 1830 874 1886 auxiliorum
904 1846 1089 1895 manu,
1131 1830 1261 1902 quia
1284 1828 1344 1883 in
1364 1834 1599 1901 aequum
1618 1828 1836 1902 degredi

235 1907 524 1966 Ordovices
545 1924 650 1963 non
669 1906 951 1971 audebant,
991 1905 1110 1978 ipse
1128 1912 1249 1961 ante
1266 1921 1478 1979 agmen,
1521 1922 1631 1977 quo
1648 1906 1835 1959 ceteris

234 2004 332 2059 par
351 1984 568 2039 animus
588 1980 756 2037 simili
773 1980 1010 2054 periculo
1031 1990 1188 2048 esset,
1211 1982 1379 2037 erexit
1395 1979 1582 2037 aciem.
1644 1978 1836 2035 Caesa-

236 2078 344 2135 que
360 2076 526 2133 prope
542 2059 794 2115 universa
813 2064 987 2131 gente,
1019 2074 1126 2113 non
1146 2058 1389 2131 ignarus,
1419 2056 1730 2112 instandum
1756 2055 1836 2111 fa-

237 2154 374 2202 mae,
396 2154 474 2201 ac,
486 2141 644 2207 prout
663 2136 833 2207 prima
854 2132 1157 2200 cessissent,
1171 2133 1281 2189 sore
1298 2133 1579 2201 universa;
1620 2132 1835 2189 Monam

233 2212 490 2277 insulam,
520 2229 549 2265 a
571 2211 727 2265 cuius
745 2208 1080 2282 possessione
1098 2217 1401 2265 revocatum
1422 2208 1731 2265 Paullinum
1750 2225 1837 2265 re·-

235 2288 465 2345 bellione
493 2288 654 2342 totius
681 2285 982 2340 Britanniae
1001 2302 1068 2340 su
1108 2303 1165 2341 ra
1184 2285 1497 2351 memoravi,
1518 2285 1758 2361 redigere
1775 2286 1834 2341 in

234 2371 544 2437 potestatem
565 2362 743 2416 animo
761 2360 1002 2416 intendit.
1108 2360 1191 2427 ed,
1215 2369 1275 2417 ut
1291 2362 1351 2416 in
1369 2361 1551 2417 dubiis
1572 2362 1831 2427 consiliiS‚

238 2457 400 2495 naves
442 2439 658 2494 deerant
672 2457 694 2494 ε,
745 2438 878 2491 ratio
915 2443 966 2491 et
1001 2438 1291 2493 constantia
1328 2437 1482 2493 ducis
1516 2438 1830 2494 transvexit.

235 2515 498 2587 Depositis
534 2512 786 2569 omnibus
825 2512 1070 2580 sarcinis,
1112 2512 1428 2568 lectissimos
1463 2513 1831 2577 auxiliarium,

236 2590 438 2663 quibus
467 2597 588 2645 nota
606 2587 742 2644 vada
771 2595 821 2643 et
843 2588 1049 2660 patrius
1077 2587 1241 2643 nandi
1260 2606 1414 2655 usus,
1435 2607 1544 2662 quo
1562 2586 1729 2645 simul
1749 2605 1834 2644 se-

237 2683 344 2737 que
363 2674 414 2721 et
433 2683 580 2721 arma
600 2672 651 2719 et
670 2681 835 2738 equos
854 2672 1067 2738 regunt,
1091 2665 1164 2719 ita
1183 2672 1397 2736 repente
1413 2665 1639 2731 inmisit,
1661 2674 1721 2720 ut
1738 2664 1835 2721 ob-

237 2736 516 2814 stupefacti
534 2740 732 2809 hostes,
755 2741 851 2815 qui
869 2739 1115 2810 classem,
1139 2740 1238 2815 qui
1256 2757 1440 2809 naves,
1459 2742 1557 2815 qui
1574 2758 1721 2801 mare
1740 2758 1834 2795 ex—
