2081 3038
201 256 249 299 ι.
271 256 322 295 c.
344 235 440 312 70.)
633 246 676 321 ι,
693 244 720 291 1
738 246 793 293 Β.
828 246 868 292 1.
911 246 951 293 c
968 246 1016 297 A
1033 248 1091 293 P.
1134 244 1371 296 38—40.
1734 246 1798 299 25

203 347 552 423 praecipuum
593 349 956 420 pessimorum
1003 348 1408 406 incitamentum
1428 394 1441 419 ‚
1478 350 1625 423 quod
1673 349 1796 406 boni

201 424 522 481 maerebant.

311 500 549 555 39.1am
589 500 872 553 exterritus
905 500 1027 555 Piso
1065 498 1279 555 fremitu
1308 500 1685 556 crebrescentis
1714 518 1800 557 se-

200 575 447 639 ditionis,
492 583 542 629 et
591 573 810 629 vocibus
852 575 910 629 in
961 575 1149 630 urbem
1192 593 1367 649 usque
1406 576 1797 639 resonantibuS,

201 662 477 725 egressum
506 650 720 704 interim
753 648 996 715 Galbam,
1042 658 1093 705 et
1120 649 1230 706 foro
1262 652 1797 724 adpropinquantem,

201 728 484 781 adsecutus
513 729 648 781 erat:
691 725 800 778 iam
829 724 1032 780 Marius
1062 724 1252 781 Celsus
1280 724 1423 782 haud
1451 726 1580 781 laeta
1606 726 1798 781 retule-

202 810 307 857 rat.
351 818 476 856 cum
497 800 608 862 alii,
631 804 688 853 in
705 802 962 868 palatium
982 806 1171 867 redire,
1196 801 1307 867 alii,
1334 801 1645 871 Capitolium
1658 812 1804 871 pete-

200 895 276 940 re,
305 876 567 948 plerique,
599 883 776 930 rostra
806 880 1125 945 occupanda,
1162 886 1453 942 censerent,
1481 876 1665 950 plures
1686 886 1802 933 tan-

205 962 317 1007 tum
347 952 620 1005 sententiis
648 950 875 1005 aliorum
896 952 1327 1017 contradicerent,
1361 962 1528 1025 utque
1547 954 1725 1008 evenit
1742 954 1800 1008 in

201 1026 440 1082 consiliis
468 1025 793 1090 infelicibus»,
827 1028 1025 1097 optima
1054 1028 1378 1093 viderentur
1411 1046 1642 1101 quorum
1666 1038 1801 1083 tem-

203 1120 306 1173 pus
333 1102 603 1176 effugerat.
683 1101 928 1174 Agitasse
953 1103 1110 1167 Laco,
1145 1103 1328 1177 ignaro
1356 1103 1544 1169 Galba,
1576 1104 1643 1159 de
1660 1105 1800 1160 occi-

200 1178 373 1234 dendo
392 1178 454 1232 T.
473 1178 632 1232 Vinio
649 1176 863 1242 dicitur,
887 1180 1002 1232 sive
1021 1187 1082 1234 ut
1100 1194 1268 1249 poena
1288 1180 1405 1233 eius
1426 1182 1632 1235 animos
1655 1180 1799 1234 mili-

201 1264 315 1309 tum
337 1252 611 1317 mulceret,
651 1270 747 1307 seu
776 1254 1049 1308 conscium
1071 1252 1294 1309 Othonis
1319 1254 1579 1321 credebat,
1619 1255 1685 1309 acl
1704 1274 1800 1327 po-

200 1340 462 1384 stremum
503 1328 585 1384 vel
621 1328 760 1384 odio.
841 1329 1249 1384 Haesitationem
1286 1330 1475 1385 adtulit
1504 1337 1713 1403 tempus
1740 1348 1801 1385 ac

203 1406 370 1470 locus,
393 1405 541 1477 quia,
565 1404 719 1459 initio
738 1404 912 1459 caedis
931 1412 1062 1468 orto,
1085 1403 1319 1459 difficilis
1340 1406 1549 1460 modus.
1601 1406 1667 1459 Et
1687 1415 1799 1460 tur

204 1482 394 1536 bavere
421 1479 707 1536 consilium
736 1479 929 1569 trepidi
958 1476 1133 1535 nuntii
1164 1495 1225 1535 ac
1253 1481 1618 1552 proximorum
1640 1480 1801 1536 diffu-

199 1559 307 1630 gia,
352 1552 730 1630 languentibus
761 1557 1005 1611 omnium
1033 1554 1248 1621 studiis,
1290 1557 1387 1629 qui
1406 1557 1581 1627 primo
1600 1555 1799 1612 alacres

201 1633 361 1687 fidem
383 1642 542 1704 atque
561 1634 802 1686 animum
821 1637 1226 1687 ostentaverant.

313 1710 397 1764 40.
439 1706 706 1780 Agebatur
732 1707 840 1762 huc
867 1705 998 1761 illuc
1017 1706 1205 1772 Galba,
1235 1708 1383 1763 vario
1402 1707 1587 1762 turbae
1607 1705 1799 1763 fluctu-

199 1784 340 1838 antis
359 1783 611 1854 inpulsu:
661 1781 936 1854 completis
966 1782 1207 1854 undique
1225 1782 1463 1838 basilicis
1480 1799 1543 1838 ae
1561 1783 1795 1855 templis,

201 1859 421 1934 lugubri
441 1866 742 1930 prospectu.
821 1858 1008 1930 Neque
1027 1858 1215 1930 populi
1236 1867 1327 1914 aut
1345 1857 1518 1931 plebis
1540 1857 1649 1913 ulla
1670 1875 1794 1922 vox,

199 1935 296 1990 sed
317 1934 535 1989 adtoniti
554 1932 740 1989 vultus
767 1941 818 1988 et
839 1946 1124 1988 conversae
1142 1933 1208 1988 ad
1228 1934 1405 1989 omnia
1426 1946 1601 1988 auree.
1681 1933 1797 1988 Non

203 2009 487 2075 tumultus,
530 2026 636 2064 non
665 2009 850 2081 quies:
891 2007 1051 2080 quale
1085 2011 1265 2084 magni
1294 2018 1470 2064 metus
1494 2016 1547 2065 et
1574 2025 1799 2083 magnae

199 2087 310 2140 irae
327 2084 601 2140 silentium
623 2091 720 2138 est.
770 2083 966 2138 Othoni
988 2092 1184 2150 tamen,
1206 2091 1411 2139 aroenari
1422 2087 1635 2153 plebem,
1657 2103 1799 2140 nun-

201 2161 446 2216 tiabatur.
527 2161 614 2214 Ire
649 2163 960 2228 praecipites
998 2169 1047 2214 et
1086 2173 1339 2228 occupare
1361 2163 1600 2228 pericula
1628 2160 1795 2214 iubet.

198 2237 370 2310 Igitur
408 2234 606 2290 milites
635 2235 878 2299 Romani,
919 2236 1077 2306 quasi
1103 2233 1392 2309 Vologesen
1423 2242 1515 2289 aut
1542 2235 1798 2290 Pacorum

199 2313 340 2366 avito
359 2309 736 2366 Arsacidarum
757 2309 888 2364 solio
907 2309 1206 2380 depulsuri,
1220 2324 1280 2364 ac
1302 2325 1405 2365 non
1426 2311 1799 2381 imperatorem

199 2386 364 2442 suum
401 2389 659 2442 inermem
687 2394 737 2438 et
767 2401 948 2440 senem
974 2385 1237 2438 trucidare
1262 2394 1557 2458 pergerent,
1582 2386 1799 2440 disiecta

198 2461 373 2534 plebe,
417 2460 718 2534 proculcato
746 2469 951 2524 senatu,
993 2465 1168 2514 truces
1198 2463 1381 2526 armis,
1423 2460 1623 2531 rapidis
1643 2462 1799 2534 equis

199 2537 376 2592 forum
417 2540 756 2607 inrumpunt.
837 2536 947 2590 Nec
983 2534 1104 2589 illos
1136 2535 1378 2607 Capitolii
1417 2536 1716 2606 adspectus,
1748 2546 1801 2591 et

198 2613 584 2668 inminentium
623 2609 942 2682 templorum
982 2609 1187 2684 religio,
1231 2617 1282 2664 et
1318 2612 1521 2681 priores
1553 2619 1603 2666 et
1634 2611 1797 2666 futuri

197 2689 472 2761 principes
509 2693 765 2750 terruere,
805 2686 1099 2758 quominus
1137 2685 1366 2740 facerent
1402 2685 1597 2753 scelus,
1640 2688 1797 2743 cuius

197 2763 340 2820 ultor
359 2769 459 2828 est,
481 2762 736 2837 quisquis
753 2761 1026 2817 suecessit.
