2081 3038
1 1914 29 2874 ’naq-3³2¹,fi-WWssQ3-rv-

184 265 434 339 A.c.55.)
545 275 700 320 LIB.
743 275 870 320 ΧΠ.
913 274 1014 320 CA
1034 276 1091 320 ι).
1135 275 1381 320 σει-οε.
1694 269 1795 324 283

159 379 327 431 liora
350 378 551 430 habero.
631 376 770 429 Haeo
789 383 948 447 atque
967 374 1093 429 talia
1113 375 1377 441 dictitans,
1407 375 1655 448 amplecti
1679 377 1797 432 Bri-

182 453 490 507 tannieum:
541 453 704 504 robur
739 454 929 505 aetatis
973 467 1131 520 quam
1158 457 1524 507 maturrimum
1558 452 1792 526 precari:

183 526 346 581 modo
373 525 441 580 ad
469 525 616 591 deos,
658 523 818 582 modo
843 524 910 580 ad
939 526 1123 597 ipsum
1144 524 1359 582 tendere
1378 539 1593 592 manus,
1617 529 1797 584 odola-

181 611 366 665 sceret‚
392 601 570 670 patris
597 605 836 657 ivn'micos
862 604 1165 670 depelleret:
1202 605 1393 657 matris
1411 607 1567 658 etiam
1583 607 1797 673 interfe-

185 686 354 732 ctores
373 679 732 732 ulcisceretur.

296 755 380 808 66.
424 753 485 807 In
505 759 648 808 tanta
667 751 809 808 mole
825 766 1078 808 curarum
1098 750 1359 808 Claudius
1380 749 1686 808 valetudine
1700 750 1798 806 'ad-

183 845 341 884 versa
358 827 674 900 oonripitur,
697 827 1111 900 refovendisque
1120 828 1331 883 viribus
1351 827 1575 884 mollitie
1594 826 1725 881 caeli
1748 833 1799 881 et

181 903 496 960 salubritate
518 911 784 976 aquarum
815 902 1127 959 Sinuessam
1156 905 1347 978 pergit.
1428 903 1568 958 Tum
1603 901 1799 976 Agrip-

125 1014 132 1017 ·
181 980 332 1053 pina,
355 977 572 1034 sceleris
589 979 723 1036 olim
739 986 882 1034 certa
899 1019 913 1040 .
941 986 994 1034 et
1009 977 1217 1034 oblatae
1235 979 1530 1035 occasionis
1548 992 1794 1050 propera,

183 1073 284 1111 nee
313 1055 686 1111 ministrorum
717 1070 902 1129 egens,
929 1054 998 1110 de
1015 1067 1213 1129 genere
1232 1055 1423 1111 veneni
1442 1053 1793 1110 consultavit:

182 1149 252 1188 ne
272 1131 548 1204 repentino
567 1138 620 1186 et
635 1130 914 1205 praecipiti
935 1129 1145 1186 facinus
1164 1130 1502 1202 proderetur:
1526 1129 1574 1185 si
1591 1129 1796 1185 lentum

182 1215 235 1264 et
253 1207 494 1262 tabidum
521 1206 836 1281 delegisset,
866 1221 934 1262 ne
961 1206 1208 1262 admotus
1236 1206 1509 1278 supremis
1536 1205 1797 1261 Claudius

183 1291 252 1348 et,
277 1282 398 1338 dolo
416 1281 702 1347 intellecto,
732 1281 798 1337 ad
820 1296 1057 1337 amorem
1078 1280 1177 1337 filii
1195 1282 1418 1338 rediret:
1461 1281 1795 1354 exquisitum

183 1359 392 1430 aliquid
430 1357 689 1432 placebat,
731 1355 879 1429 quod
917 1357 1159 1411 turbaret
1194 1364 1448 1420 mentem,
1490 1360 1544 1410 et
1570 1359 1795 1411 mortem

181 1433 432 1490 differret.
513 1432 776 1506 Deligitur
805 1431 993 1487 artifex
1020 1431 1231 1497 talium,
1262 1429 1523 1487 vocabulo
1548 1431 1792 1493 Locusta,

185 1526 358 1581 nuper
381 1507 623 1563 veneficii
645 1507 914 1572 damnata,
927 1513 978 1562 et
995 1504 1093 1561 diu
1112 1506 1251 1561 inter
1268 1505 1623 1561 insuumenta
1646 1506 1796 1579 regni

185 1586 384 1639 habita.
464 1584 599 1637 Eius
632 1582 878 1649 mulieris
904 1582 1125 1655 ingenio
1152 1588 1399 1653 paratum
1427 1581 1600 1645 virne,
1638 1582 1797 1636 ouius

187 1660 434 1715 minister
465 1675 500 1712 e
519 1657 852 1729 spadonibus
879 1656 985 1713 fuit
1009 1656 1229 1713 Halotus
1245 1698 1259 1723 ,
1288 1655 1487 1713 inferre
1514 1656 1702 1730 epulas
1747 1664 1799 1711 et

185 1734 462 1807 explorare
480 1742 646 1805 gustu
662 1732 874 1789 solitus.
1551 1756 1557 1761 ·
1819 1780 1829 1787 .

297 1811 384 1865 67.
426 1808 683 1881 Adeoque
693 1816 882 1865 cunm
903 1824 1030 1867 mox
1050 1812 1383 1882 pernotuere,
1416 1815 1477 1865 nt
1492 1815 1795 1881 temporum

182 1884 406 1943 illorum
423 1884 710 1957 scriptores
727 1884 1074 1957 prodiderint,
1093 1884 1339 1943 infusum
1358 1884 1657 1942 deleoiabili
1676 1885 1799 1940 oibo
1906 1949 1910 1953 ,

185 1960 484 2018 boletorum
514 1976 805 2027 venenum,
835 1978 935 2017 nec
963 1962 1077 2017 vim
1103 1960 1481 2019 medicaminis
1504 1961 1686 2015 statim
1710 1962 1798 2015 in-

186 2036 468 2103 tellecta-m,
493 2035 801 2093 sooerdiane
820 2034 1029 2093 Claudii
1050 2052 1119 2093 an
1138 2035 1448 2093 vinolentia.
1514 2034 1688 2090 Simul
1712 2052 1799 2090 so-

186 2115 298 2170 luta
318 2112 476 2169 alvos
492 2112 816 2168 subvenisse
829 2111 1129 2167 videbatur.
1152 2114 1322 2187 Igitur
1340 2112 1588 2168 exterrita
1602 2109 1798 2185 Agrip-
1884 2136 1887 2139 ·

184 2190 332 2263 pina,
363 2196 435 2254 et,
462 2188 682 2261 quando
712 2186 902 2244 ultima
929 2186 1275 2254 timebantur,
1303 2194 1481 2260 spreta
1504 2186 1799 2258 praesenti-

186 2283 282 2322 um
321 2264 547 2331 invidia,
593 2264 863 2336 provisam
915 2264 1024 2318 iam
1064 2263 1170 2319 sibi
1200 2263 1573 2336 Xenophontis
1603 2261 1801 2317 medici

186 2340 565 2398 conscientiam
587 2338 822 2397 adhibet.
887 2337 1004 2405 Ille,
1029 2345 1305 2411 tamquam
1325 2340 1481 2396 nisus
1502 2337 1799 2394 evomentis

187 2416 490 2481 adiuvaret,
532 2415 756 2488 pinnam
773 2458 787 2482 ,
830 2414 1016 2488 rapido
1044 2432 1251 2472 veneno
1276 2413 1507 2479 inlitam,
1550 2412 1798 2469 faucibus

187 2494 306 2549 eius
334 2491 619 2548 demisisse
645 2490 899 2557 creditur,
932 2490 1080 2546 haud
1100 2492 1342 2565 ignarus,
1365 2506 1580 2547 summa
1600 2487 1797 2545 seelera

189 2568 354 2640 incipi
375 2585 500 2623 eum
520 2565 779 2639 periculo,
800 2567 984 2641 peragi
1004 2582 1130 2622 eum
1150 2565 1407 2638 praemio.

299 2647 384 2700 68.
423 2643 722 2700 Vocabatur
741 2643 954 2700 interim
975 2650 1215 2708 senatus,
1229 2648 1459 2713 votaque
1476 2657 1573 2712 pro
1591 2639 1798 2697 incolu-

190 2719 370 2776 mitate
395 2718 660 2793 principis
699 2718 946 2776 consules
983 2726 1036 2774 et
1062 2716 1357 2773 sacerdotes
1396 2717 1795 2790 nuncupabant,

189 2813 315 2853 cum
353 2797 462 2854 iam
501 2796 766 2855 exanimis
800 2795 1040 2858 vestibus
1078 2802 1130 2853 et
1158 2792 1405 2853 fomontis
1441 2792 1794 2873 obtegeretur.
