2081 3038
296 212 396 265 330
768 216 870 263 DE
907 214 1418 264 ORATORIBUs

409 321 492 372 31.
536 317 645 373 Hoc
678 317 783 372 sibi
811 316 893 372 illi
915 325 1117 372 veteres
1136 322 1529 391 persuaserant.
1608 310 1693 369 Ad
1712 313 1820 370 hoc
1835 312 1913 369 ef·-

295 392 586 448 liciendum
614 390 980 466 intelligebant
1010 409 1149 463 opus
1175 406 1317 455 esse,
1350 407 1455 446 non
1476 397 1538 444 ut
1558 389 1614 443 in
1634 388 1909 445 rhetorum

295 466 493 524 scholis
519 466 901 532 declamarent,
926 484 1024 521 nec
1046 474 1104 520 ut
1122 464 1277 529 fictis,
1302 482 1399 521 nec
1418 464 1530 520 ullo
1552 462 1713 519 modo
1732 462 1803 519 ad
1820 480 1912 519 ve-

295 544 503 598 ritatem
523 542 894 599 accedentibus
912 541 1287 597 controversiis
1308 539 1550 613 linguam
1569 538 1729 594 modo
1748 546 1803 594 et
1820 556 1914 595 vo-

295 635 412 673 cem
433 623 762 684 exercerent3
805 615 900 671 sed
918 616 1085 671 uthis
1110 616 1315 671 artibus
1335 622 1521 686 pectus
1545 613 1835 685 inplerent,
1856 614 1912 670 in

295 693 499 765 quibus
525 692 592 747 de
617 692 773 747 bonis
801 709 862 746 ac
879 690 1059 756 malis,
1079 690 1147 745 de
1173 689 1393 745 honesto
1414 706 1476 744 ac
1496 690 1659 760 turpi,
1682 688 1751 743 de
1772 688 1915 745 iusto

295 777 347 822 et
372 769 575 823 iniusto
598 766 919 838 disputatur.
997 766 1138 819 Haec
1164 765 1310 819 enim
1340 772 1419 819 est
1453 764 1645 821 oratori
1672 762 1913 818 subiecta

296 843 364 897 ad
391 842 679 897 dicendum
709 843 944 897 materia.
1022 841 1158 895 Nam
1189 840 1248 895 in
1266 839 1480 893 iudiciis
1510 837 1618 893 lere
1635 837 1705 892 de
1724 840 1913 911 aequi-

295 926 418 982 tate,
449 918 507 971 in
526 916 996 973 deliberationibus
1015 914 1083 970 de
1100 914 1372 969 honestate
1390 912 1731 980 disserimus,
1762 914 1839 968 ita
1855 923 1915 969 ut

295 990 619 1065 plerumque
646 992 777 1047 baec
809 992 925 1063 ipsa
951 990 1185 1046 invicem
1217 991 1568 1045 misceantur:
1618 987 1687 1043 de
1705 988 1912 1061 quibus

296 1068 508 1139 copiose
535 1074 587 1121 et
611 1068 758 1123 varie
785 1074 838 1121 et
863 1073 1046 1121 ornate
1078 1080 1237 1121 nemo
1268 1064 1442 1119 dicere
1468 1070 1658 1136 potest,
1683 1062 1795 1119 nisi
1814 1064 1913 1136 qui

296 1142 536 1215 cognorit
566 1148 810 1195 naturam
837 1140 1133 1195 humanam
1162 1147 1214 1194 et
1242 1140 1355 1195 vim
1384 1138 1646 1194 virtutum
1676 1139 1913 1210 pravita—

294 1225 512 1287 temque
540 1215 791 1274 vitiorum
827 1222 880 1270 et
903 1213 1232 1270 intellectum
1261 1229 1467 1280 eorum,
1498 1228 1639 1285 quae
1656 1230 1837 1287 neque
1854 1216 1913 1269 in

296 1290 587 1346 virtutibus
613 1306 790 1363 neque
815 1291 872 1345 in
899 1290 1049 1346 vitiis
1076 1296 1444 1345 numerantur.
1523 1288 1607 1343 Ex
1634 1288 1724 1343 bis
1755 1287 1914 1345 fonti-

295 1366 402 1421 bus
421 1366 580 1421 etiam
611 1364 703 1421 illa
721 1364 1010 1438 profluunt,
1037 1372 1102 1420 ut
1118 1363 1329 1420 facilius
1347 1365 1483 1421 iram
1504 1363 1700 1419 iudicis
1722 1364 1811 1419 vel
1829 1363 1914 1420 in-

297 1442 456 1532 stiget
474 1440 559 1498 vel
581 1440 758 1507 leniat,
782 1443 880 1514 qui
900 1441 1018 1507 scit,
1036 1439 1173 1513 quid
1190 1440 1296 1507 ira;
1338 1454 1489 1513 prom
1530 1438 1639 1495 tius
1659 1437 1730 1497 ad
1749 1442 1914 1495 mise-

295 1526 554 1574 rationem
593 1516 830 1590 inpellat,
870 1516 967 1590 qui
1007 1515 1128 1582 scit,
1168 1514 1306 1589 quid
1329 1514 1402 1570 sit
1432 1533 1487 1570 m
1510 1512 1820 1582 sericordia,
1864 1524 1914 1570 et

296 1593 501 1666 quibus
519 1593 688 1648 animi
709 1592 942 1649 motibus
961 1591 1270 1648 concitetur.
1349 1591 1408 1646 In
1428 1589 1516 1646 his
1534 1589 1741 1646 artibus
1761 1607 1915 1646 exer-

295 1667 747 1743 citationibusque
765 1676 1008 1724 versatus
1023 1673 1217 1732 orator,
1240 1666 1358 1722 sive
1377 1664 1519 1738 apud
1538 1664 1783 1731 infestos,
1797 1667 1913 1721 sive

296 1741 441 1814 apud
457 1743 702 1816 cupidos,
744 1745 862 1799 sive
879 1741 1025 1814 apud
1042 1741 1363 1808 invidentes,
1407 1741 1523 1795 sive
1546 1758 1575 1795 a
1616 1739 1691 1795 ud
1710 1741 1909 1806 tristes,

296 1820 415 1874 sive
431 1819 575 1892 apud
593 1821 838 1876 timentes
855 1817 1147 1874 dicendum
1165 1817 1429 1882 babuerit,
1457 1823 1576 1871 tene
1612 1817 1657 1870 it
1674 1815 1912 1871 habenas

300 1895 632 1951 animorumx
673 1902 724 1949 et
748 1901 908 1966 prout
930 1893 1200 1965 cuiusque
1219 1899 1407 1947 natura
1425 1889 1793 1963 postulaverit,
1819 1891 1913 1946 ad-

296 1968 504 2025 hibebit
537 1985 758 2025 manum
787 1976 840 2024 et
865 1967 1181 2040 temperabit
1208 1967 1518 2034 orationem,
1554 1973 1739 2039 parato
1762 1969 1911 2022 omni

296 2045 651 2100 instrumento
667 2052 720 2099 ct
736 2043 803 2099 ad
820 2059 1036 2100 omnem
1057 2060 1221 2098 usum
1240 2043 1485 2116 reposito.
1566 2040 1725 2108 Sunt,
1767 2041 1913 2114 apud

297 2137 435 2191 quos
461 2119 771 2175 adstrictum
801 2127 854 2174 et
879 2117 1200 2183 conlectum,
1232 2125 1283 2172 et
1308 2115 1523 2191 singula
1548 2117 1728 2172 statim
1750 2133 1911 2194 argu-

297 2202 476 2250 menta
503 2192 843 2259 concludens,
886 2192 1098 2250 dicendi
1125 2207 1301 2268 genus
1327 2191 1453 2264 plus
1481 2191 1607 2248 fidei
1643 2199 1905 2248 meretur:

297 2269 442 2341 apud
480 2269 580 2325 hos
617 2269 831 2324 dedisse
863 2285 1081 2340 operam
1108 2267 1409 2325 dialecticae
1425 2267 1682 2340 proficiet.
1763 2266 1908 2322 Alios

272 2343 417 2399 ‘fusa
457 2352 510 2400 et
543 2344 802 2417 aequalis,
845 2352 897 2398 et
935 2360 1002 2398 ex
1037 2343 1418 2399 communibus
1446 2343 1603 2398 ducta
1634 2339 1905 2407 sensibus,

297 2420 463 2474 oratio
501 2421 674 2492 magis
702 2418 950 2474 delectat:
993 2418 1062 2473 ad
1091 2419 1187 2475 hos
1222 2415 1611 2489 permovendos
1634 2417 1907 2475 mutuabi-

299 2511 423 2547 mur
453 2511 482 2548 a
512 2495 872 2564 Peripateticis
901 2500 1051 2564 aptos
1077 2501 1129 2547 et
1164 2493 1222 2547 in
1250 2509 1465 2548 omnem
1494 2491 1908 2563 disputationem

297 2576 508 2636 paratos
536 2569 644 2622 iam
683 2567 840 2624 locos.
921 2569 1133 2622 Dabunt
1160 2567 1461 2624 Academici
1488 2569 1909 2642 pugnacitatem,

297 2639 442 2694 Plato
461 2641 815 2708 altitudinem,
838 2643 1137 2714 Xenophon
1156 2641 1571 2697 iucunditatem:
1612 2641 1911 2714 neEpicuri

243 2721 256 2732 ·
295 2713 518 2781 quidem
547 2723 598 2774 et
625 2716 906 2777 Metrodori
935 2717 1183 2776 honestas
1210 2715 1473 2791 quasdam
1498 2715 1913 2776 exclamationes
