2081 3038
160 244 209 283 A.
236 226 407 301 c.22.)
592 238 745 282 LIB.
796 239 864 282 ιι.
908 240 1009 283 οΛ
1029 239 1086 283 P.
1128 240 1211 283 74.
1255 241 1334 284 π».
1661 235 1750 289 ut

162 340 233 393 tio
261 337 319 392 in
350 338 620 407 Leptines,
662 344 713 390 et
738 335 971 410 suffugia
996 337 1407 395 Garamantum:
1449 336 1553 396 alio
1578 340 1756 408 latere,

161 431 229 467 ne
250 411 579 468 Cirtensium
602 411 725 483 pagi
745 411 969 482 impune
985 409 1337 480 traherentur,
1356 415 1624 486 propriam
1645 413 1760 471 rna-

161 505 297 543 num
314 486 537 541 Blaesus
558 485 705 540 filius
724 485 905 540 duxit:
934 485 1130 552 medie,
1151 503 1274 542 cum
1296 488 1530 556 delectis,
1549 491 1759 546 castella

83 584 88 588 ·
160 572 213 618 et
242 561 569 617 munitiones
598 559 803 616 idoneIs
832 559 961 616 locis
982 561 1284 634 imponens,
1311 562 1426 618 dux
1443 564 1561 636 ipse
1579 573 1690 620 arta
1710 576 1761 622 et

160 637 371 694 infensa
390 635 637 692 hostibus
656 641 844 690 cuncta
864 634 1081 706 fecerat3
1125 637 1273 708 quia,
1301 654 1520 709 quoquo
1539 639 1762 695 inclina-

162 721 299 779 rent,
342 729 469 784 pars
496 709 675 782 aliqua
699 708 888 766 militis
914 711 1140 767 Romani
1168 712 1226 767 in
1255 728 1366 778 ore,
1401 712 1460 766 in
1488 712 1667 779 latere,
1712 723 1764 771 et

161 804 323 858 saepe
360 803 391 840 a
429 793 575 860 tergo
610 791 748 841 erat:
790 784 1057 860 multique
1085 800 1148 864 eo
1174 787 1332 843 modo
1359 787 1521 852 caesi,
1549 794 1641 842 aut
1658 789 1764 843 cir·-

160 861 456 917 cumventi.
535 861 687 915 Tunc
703 860 1027 932 tripartitum
1055 863 1346 918 exercitum
1363 861 1550 934 plures
1570 863 1626 918 in
1645 879 1762 917 ma-

164 953 271 992 nus
291 935 565 1009 dispergit,
586 937 971 1010 praeponitque
989 938 1324 995 centuriones
1339 938 1553 994 virtutis
1573 953 1762 1010 exper-

164 1021 266 1067 tae.
305 1010 434 1078 Nec,
456 1019 518 1066 ut
534 1019 655 1071 mos‘
672 1009 859 1078 fuerat,
884 1020 994 1067 acta
1012 1020 1206 1068 aestate
1221 1013 1442 1068 retrahit
1458 1013 1656 1085 copias,
1670 1019 1762 1068 aut

160 1089 219 1142 in
241 1085 601 1142 hibernaculis
622 1087 816 1142 veteris
835 1089 1140 1159 provinciae
1169 1089 1465 1161 componit:
1507 1084 1602 1144 sed
1621 1097 1681 1144 ut
1701 1091 1759 1145 in

162 1163 349 1217 limine
365 1160 513 1228 belli,
536 1161 811 1236 dispositis
830 1161 1079 1229 castellis,
1096 1180 1194 1235 per
1203 1164 1486 1236 'expeditos
1503 1169 1555 1218 et
1571 1164 1762 1220 solitu-
1805 1227 1816 1236 θ

159 1239 350 1293 dinum
376 1253 591 1312 gnaros,
633 1243 929 1294 mutantem
956 1238 1186 1310 mapalia
1211 1238 1596 1295 Tacfarinatem
1634 1256 1760 1312 pro-

158 1312 363 1369 turbat:
404 1312 596 1392 donec,
624 1311 783 1367 fratre
811 1313 929 1368 eius
956 1321 1126 1385 capto,
1150 1328 1425 1388 regressus
1445 1322 1543 1380 est,
1565 1331 1760 1388 prope-

160 1388 364 1443 rantius
382 1393 579 1453 tamen,
590 1393 759 1459 quam
779 1403 847 1444 ex
864 1386 1090 1443 utilitate
1109 1389 1374 1444 sociorum
1390 1407 1403 1458 3
1426 1389 1644 1456 relictis,
1665 1407 1759 1462 per

158 1479 297 1538 quos
317 1470 617 1537 resurgeret
633 1460 857 1518 bellum.
918 1461 1023 1516 Sed
1043 1461 1290 1518 Tiberius
1307 1479 1405 1536 pro
1422 1463 1654 1521 confecto
1673 1467 1760 1521 in*

160 1546 494 1612 term-status,
518 1538 574 1593 id
594 1554 811 1610 quoque
828 1538 1014 1593 Blaeso
1031 1538 1239 1605 tribuit,
1249 1547 1310 1593 ut
1328 1539 1612 1610 imperator
1631 1557 1661 1594 a
1683 1540 1758 1595 le-

198 1614 414 1671 ionibus
452 1611 796 1681 salutaretur3
837 1613 1013 1685 prisco
1052 1630 1175 1687 erga
1212 1612 1374 1669 duces
1412 1613 1628 1677 bonore.
1659 1615 1758 1687 qui

158 1634 296 1747 gene
410 1694 462 1743 ta
480 1704 593 1759 rep.
615 1686 811 1761 gaudio
826 1696 882 1744 ⁴et
900 1689 1106 1761 impetu
1125 1689 1338 1745 victoris
1359 1689 1622 1745 exercitus
1632 1708 1758 1747 con-

159 1765 331 1821 clama
371 1768 555 1819 antur:
597 1770 852 1837 erantque
876 1763 1061 1837 plures
1089 1763 1255 1820 simul
1273 1764 1636 1837 imperatores,
1660 1784 1758 1822 nec

159 1856 325 1912 super
352 1845 643 1895 ceterorum
670 1839 1058 1913 aequalitatem.
1139 1838 1409 1896 Concessit
1427 1839 1754 1913 quibusdam

161 1924 215 1972 et
250 1914 529 1989 Augustus
565 1914 623 1970 id
662 1914 1008 1986 vocabulum
1051 1932 1115 1971 ac
1149 1923 1280 1972 tunc
1301 1914 1548 1971 Tiberius
1571 1916 1757 1973 Blaeso

230 1997 511 2045 stremum.

161 2008 231 2065 po
268 2066 357 2121 75.
398 2063 590 2121 Obiere
618 2080 679 2119 eo
708 2081 848 2120 anno
866 2066 970 2121 viri
998 2064 1270 2133 inlustres,
1301 2065 1525 2121 Asinius
1550 2062 1757 2121 Saloni-

162 2160 286 2207 nus,
318 2140 391 2197 M.
416 2140 461 2195 A
528 2140 651 2213 ippa
680 2148 732 2195 et
760 2139 989 2197 Pollione
1008 2141 1194 2197 Asinio
1217 2141 1356 2208 avis,
1384 2139 1544 2196 fratre
1559 2141 1750 2207 Druso,

161 2217 421 2292 insignis,
507 2216 785 2289 aesarique
818 2232 1079 2290 progener
1115 2216 1440 2273 destinatus:
1483 2224 1536 2273 et
1571 2214 1756 2289 Capito

162 2292 368 2359 Ateius,
397 2292 463 2347 de
490 2308 601 2363 quo
621 2292 933 2358 memoravi,
954 2292 1252 2364 principem
1270 2294 1328 2349 in
1349 2293 1559 2349 civitate
1578 2291 1754 2347 locum

160 2368 353 2428 studiis
378 2366 633 2423 civilibus
662 2367 973 2437 adsecutus3
1014 2366 1112 2423 sed
1137 2384 1238 2424 avo
1257 2367 1567 2425 centurione
1581 2365 1758 2423 Sulla-

160 2460 247 2509 no,
269 2448 421 2518 patre
447 2442 723 2513 praetorio,
804 2440 1154 2498 Consulatum
1173 2443 1223 2497 ei
1240 2441 1624 2497 adceleraverat
1643 2442 1758 2497 Au·-

159 2526 371 2592 gustus,
404 2523 467 2572 ut
493 2516 791 2573 Labeonem
820 2517 1134 2583 Antistium,
1161 2517 1354 2573 iisdem
1380 2517 1584 2573 artibus
1603 2534 1758 2590 prae-

160 2592 454 2660 cellentem,
476 2591 779 2667 dignatione
798 2594 917 2650 eius
934 2593 1278 2669 magistratus
1298 2593 1534 2648 anteiret.
1591 2594 1756 2649 Nam-

160 2686 267 2743 que
286 2668 377 2725 illa
405 2676 547 2724 aetas
566 2669 673 2725 duo
690 2670 840 2742 pacis
859 2669 1048 2726 decora
1067 2667 1232 2723 simul
1253 2665 1390 2723 tulit.
1457 2665 1561 2725 Sed
1579 2670 1754 2726 Labeo

160 2746 461 2819 incorrupta
490 2742 745 2811 libertate,
778 2752 829 2801 et
854 2744 925 2801 ob
944 2744 1001 2800 id
1026 2742 1186 2811 fama,
1217 2740 1552 2825 celebratior:
1595 2744 1754 2821 Capi·-
