2081 3038
266 197 362 251 454
828 199 1304 246 ANNAnium
1593 189 1718 264 (μυ
1763 201 1864 248 m.

262 309 505 373 flexisset.
583 301 750 376 Igitur
768 300 999 357 tractatis
1020 299 1391 374 religionibus,
1413 297 1691 371 placitum,
1711 299 1872 356 insti-

263 386 375 435 tuto
403 375 683 437 flaminum
714 375 851 433 nihil
878 374 1162 432 demutari.
1241 373 1346 431 Sed
1364 374 1466 430 lata
1487 374 1601 439 lex,
1633 391 1745 448 qua
1774 373 1871 430 fla-

264 454 460 509 minica
482 451 665 518 Dialis,
689 468 962 508 sacrorum
978 465 1192 516 caussa,
1214 449 1272 506 in
1293 457 1544 522 potestate
1563 449 1688 515 viri,
1700 457 1872 506 cetera

260 528 567 602 promiscuo
594 526 916 584 feminarum
949 527 1069 583 iure
1095 532 1290 600 ageret.
1365 525 1436 581 Et
1467 524 1614 582 filius
1641 523 1874 599 Malugi-

264 603 449 659 nensis
466 604 606 676 patri
624 602 897 659 suffectus.
976 601 1154 675 thue
1169 600 1417 675 glisceret
1435 599 1671 675 dignatio
1695 617 1875 656 sacer-

262 679 448 736 dotum
464 719 478 744 ,
516 685 679 751 atque
706 678 842 750 ipsis
867 677 1162 750 promptior
1189 677 1406 732 animus
1431 674 1565 732 foret
1589 674 1658 730 ad
1685 691 1877 748 capes-

264 753 457 810 sendas
476 752 824 810 caerimonias
840 793 854 818 ,
886 750 1157 807 decretum
1177 749 1452 807 Corneliae
1469 749 1698 824 virgini,
1731 765 1876 824 quae

262 831 322 886 in
341 829 519 885 locum
536 827 779 884 Scantiae
796 827 1102 900 capiebatur
1116 869 1130 892 ‚
1156 825 1268 882 HS.
1288 827 1419 881 XX.
1440 835 1492 881 et
1509 829 1744 896 quotiens
1761 825 1876 880 Au-

263 913 418 974 gusta
436 908 691 960 theatrum
708 907 996 967 muciam,
1028 910 1088 956 ut
1112 906 1256 957 sedes
1279 906 1418 957 iuter
1443 902 1724 957 Vestalium
1747 917 1876 956 eon-

266 984 472 1035 sideret.

380 1055 461 1108 ⁴7.
504 1051 749 1109 Cornelio
765 1051 1017 1128 Cethego,
1039 1051 1262 1108 Visellio
1279 1051 1514 1107 Varrone
1533 1067 1671 1108 coss.
1693 1049 1876 1122 ponti-

268 1130 392 1184 fices
409 1170 421 1194 ,
454 1143 749 1200 eorumque
776 1126 1021 1199 exemplo
1049 1127 1208 1183 ceteri
1245 1126 1540 1183 sacerdotes
1555 1167 1569 1192 ,
1610 1143 1736 1183 cum
1775 1143 1878 1198 pro

268 1203 627 1260 incolumitate
644 1202 907 1274 principis
927 1209 1048 1259 vota
1070 1201 1422 1275 susciperent,
1449 1203 1715 1259 Neronem
1735 1219 1876 1276 quo-

266 1295 375 1352 que
400 1285 453 1333 et
480 1277 716 1333 Drusum
742 1277 935 1334 iisdem
964 1277 1071 1333 diis
1111 1277 1576 1348 commendavere3
1619 1294 1724 1335 non
1763 1286 1874 1334 tam

267 1354 479 1410 caritate
495 1353 777 1420 iuvenum,
800 1370 966 1427 quam
985 1353 1314 1410 adulatione:
1337 1370 1479 1426 quae
1497 1353 1738 1410 moribus
1758 1371 1877 1409 cor-

154 1427 161 1432 '
267 1429 441 1502 ruptis
459 1428 681 1502 perinde
698 1445 913 1502 anceps,
935 1429 985 1484 si
1006 1428 1176 1494 nulla,
1198 1435 1253 1484 et
1268 1428 1366 1484 ubi
1385 1429 1553 1484 nimia
1573 1435 1669 1482 est.
1735 1429 1873 1483 Nam

267 1505 514 1562 Tiberius
530 1547 543 1572 ,
573 1504 718 1561 haud
746 1522 989 1579 unquam
1018 1501 1206 1561 domui
1225 1503 1530 1561 Germanici
1549 1502 1696 1558 mitis
1712 1545 1725 1568 ,
1756 1510 1876 1559 tum

270 1598 421 1646 vero,
455 1582 671 1655 aequari
700 1579 1058 1638 adolescentes
1083 1586 1323 1635 senectae
1347 1596 1478 1635 suae
1492 1620 1506 1645 ,
1536 1578 1876 1652 impatienter

270 1654 523 1714 indoluit:
565 1656 865 1728 accitosque
891 1654 1171 1727 pontifices
1199 1660 1574 1729 percunctatus
1601 1661 1709 1720 est,
1741 1670 1875 1710 num

268 1732 326 1787 id
344 1730 597 1802 precibus
615 1729 959 1803 Agrippinae,
982 1737 1077 1786 aut
1095 1730 1281 1795 minis,
1303 1728 1637 1785 tribuissent.
1705 1729 1775 1785 Et
1793 1728 1876 1785 illi

268 1803 490 1877 quidem
506 1846 519 1869 ,
541 1819 873 1877 quamquam
893 1804 1216 1872 abnuerent,
1239 1804 1447 1861 modice
1463 1805 1757 1879 perstricti,
1777 1805 1878 1878 (et-

267 1880 412 1935 enim
449 1896 576 1951 pars
613 1896 806 1955 magna
831 1896 863 1935 e
889 1881 1214 1954 propinquis
1245 1880 1422 1953 ipsius
1437 1921 1451 1947 ‚
1493 1886 1586 1935 aut
1611 1881 1876 1952 primores

268 1955 496 2011 civitatis
526 1953 721 2029 erant):
762 1962 996 2013 ceterum
1024 1957 1083 2013 in
1111 1963 1302 2013 senatu
1327 1956 1564 2012 oratione
1588 1956 1798 2011 monuit
1815 1956 1874 2012 in

268 2037 538 2102 posterum
552 2072 567 2096 ,
597 2048 660 2085 ne
689 2036 807 2101 quis
833 2034 1044 2087 mobiles
1069 2035 1471 2088 adolescentium
1497 2034 1702 2087 animos
1715 2048 1877 2100 prae-

268 2109 490 2161 maturis
525 2109 803 2163 honoribus
839 2110 919 2161 ad
945 2110 1243 2177 superbiam
1277 2108 1565 2162 extolleret.
1644 2104 1880 2162 Instabat

266 2182 471 2253 quippe
496 2180 721 2237 Seianus
737 2221 752 2249 ,
782 2182 1170 2255 incusabatque
1198 2186 1467 2239 diductam
1495 2184 1783 2246 civitatem,
1817 2190 1878 2238 ut

270 2259 420 2311 civile·
434 2260 590 2311 bello:
622 2274 744 2320 esse,
773 2260 867 2327 qui
882 2274 939 2313 sa
950 2262 1189 2327 partium
1207 2258 1528 2328 Ayrippinae
1543 2264 1750 2312 vocent.-
1789 2274 1874 2322 ac,

266 2336 324 2384 ni
342 2336 620 2387 resistatur
631 2371 644 2396 ‚
675 2337 788 2401 sore
800 2334 1004 2400 pluris:
1044 2348 1206 2403 neque
1223 2336 1374 2388 aliud
1389 2334 1654 2402 amoenus
1671 2334 1880 2387 ducor-

267 2408 387 2459 dt'ae
411 2409 715 2469 remedium,
748 2424 904 2475 quam
930 2411 979 2461 si
1004 2423 1141 2461 unua
1173 2410 1370 2463 alterve
1398 2412 1628 2463 maxim
1647 2411 1886 2477 prompti

266 2482 701 2536 subverterentur.
1585 2492 1591 2497 ·
1884 2524 1895 2534 ,

382 2556 461 2611 ⁴8.
503 2553 621 2620 Qua
640 2570 830 2611 caussa
849 2554 910 2611 C.
939 2555 1136 2611 Silium
1151 2598 1166 2622 ,
1201 2562 1252 2612 et
1270 2556 1471 2611 Titium
1491 2552 1756 2611 Sabinum
1782 2554 1880 2611 ad·-

267 2628 527 2697 greditur.
607 2628 857 2686 Amicitia
876 2630 1185 2687 Germanici
1202 2630 1500 2705 perniciosa
1520 2630 1767 2705 utrique;
1789 2630 1880 2687 Si·-

272 2700 343 2757 lio
362 2708 439 2768 et,
462 2702 610 2775 quod
628 2705 864 2782 ingentis
883 2706 1150 2765 exercitus
1169 2713 1372 2781 septem
1388 2722 1486 2781 per
1505 2722 1672 2765 annos
1690 2704 1878 2766 mode-
