2081 3038
196 230 440 307 A.c.71.·)
606 239 768 286 ΜΒ.
807 233 905 287 lv.
946 236 1127 284 car.
1171 238 1256 283 se.
1295 238 1376 283 so.
1691 229 1794 285 209

190 348 415 407 tantem,
440 339 615 396 liberti
634 341 887 413 servique
904 337 1244 409 prohibuere,
1267 336 1626 393 foedissimam
1653 354 1798 393 mor-

196 425 306 472 tem
336 424 524 488 sponte
556 416 884 489 praevenire.
964 414 1032 468 Bt
1060 412 1350 475 Classicus,
1385 417 1550 468 misso
1570 413 1798 468 Aemilio

198 492 459 565 Longino,
481 491 745 547 desertore
764 491 970 563 primae
992 488 1238 562 legionis,
1253 486 1464 541 caedem
1485 491 1602 543 eius
1621 500 1797 542 matu-

196 567 354 622 ravit.
433 566 762 623 Herennium
794 574 844 621 et
870 564 1182 619 Numisium
1223 562 1420 636 legatos
1447 564 1637 617 vinciri
1669 565 1796 617 sutis

196 643 397 698 visum.
476 642 631 708 Dein,
662 642 894 713 sumptis
916 638 1138 696 Romani
1158 638 1373 711 imperii
1392 638 1717 711 insignibus,
1740 638 1799 692 in

198 726 367 773 eastra
388 719 554 773 venit.
602 719 713 772 Nec
729 716 831 781 illi,
855 726 1188 788 quamquam
1207 714 1275 768 ad
1293 726 1454 769 omne
1475 712 1680 767 facinus
1697 712 1800 766 du-

198 800 329 857 rato,
354 791 515 847 verba
534 792 675 847 ultra
692 791 1116 864 suppeditavere,
1141 802 1307 863 quam
1328 796 1388 844 ut
1407 796 1799 843 sacramentum

198 867 456 922 recitaret.
536 868 801 935 [mavei-e,
832 868 928 939 qui
956 866 1192 930 aderant,
1223 878 1321 938 pm
1347 868 1423 919 im
1495 866 1575 919 rio
1599 862 1800 918 Gallia-

198 956 342 997 rum.
422 942 809 999 Interfectorem
840 942 1071 998 Voculae
1099 941 1220 997 altis
1247 940 1424 997 malini
1466 957 1551 1003 us,
1579 948 1796 1005 eeteros,

200 1024 261 1072 ut
278 1016 515 1090 quisque
532 1015 794 1092 flagitium
817 1025 1119 1081 navaverat,
1141 1018 1396 1091 praemiis
1417 1014 1638 1071 adtollit.
1711 1014 1802 1069 Di·-

198 1093 347 1149 visae
364 1092 491 1148 inde
508 1094 646 1149 inter
655 1094 902 1151 Tutorem
924 1103 975 1149 et
994 1092 1291 1149 Classicum
1311 1103 1488 1148 curae.
1523 1090 1687 1146 Tutor
1706 1106 1801 1145 va-

197 1167 305 1223 lida
344 1180 508 1224 manu
544 1170 897 1226 circumdatos
935 1169 1385 1245 Agrippinenses,
1425 1176 1801 1241 quantumque

198 1240 433 1299 militum
462 1245 607 1316 apud
634 1248 963 1317 superiorem
990 1245 1161 1299 Rheni
1181 1246 1375 1317 ripam,
1397 1245 1454 1298 in
1475 1245 1658 1299 eadem
1681 1256 1800 1298 ver-

196 1316 266 1373 ba
284 1318 470 1392 adigit,
500 1320 691 1376 occisis
710 1320 1024 1394 magontiaci
1043 1320 1297 1381 tribunis,
1329 1318 1487 1390 pulso
1505 1330 1800 1373 castrorum

200 1392 487 1464 praefecto,
518 1395 617 1466 qul
656 1393 1086 1449 detrectaverant,
1166 1392 1436 1449 Classicus
1461 1394 1802 1465 corruptissi-

200 1482 353 1524 mum
382 1480 657 1542 quemque
684 1483 715 1524 e
740 1466 934 1526 deditis
949 1482 1166 1538 pomero
1185 1472 1258 1523 ad
1280 1472 1507 1524 obsessos
1526 1468 1691 1532 iubet,
1713 1484 1802 1523 ve-

198 1545 350 1598 niam.
364 1553 689 1610 ostentantes,
708 1551 759 1600 se·
772 1549 1073 1615 praesentia
1090 1553 1454 1614 sequerentur:
1496 1547 1654 1599 aliter
1671 1545 1804 1598 nihil

200 1623 325 1686 spei⁴
406 1619 611 1674 Famem
638 1625 936 1691 rmmque
961 1628 1011 1676 et
1037 1629 1272 1676 extrema
1295 1633 1564 1690 passuros.
1642 1619 1804 1675 Adie-

202 1703 339 1758 oere,
362 1695 460 1766 qui
482 1695 637 1750 missi
656 1704 822 1762 erant,
845 1695 1155 1769 exemplum
1173 1710 1359 1750 suum.

314 1772 399 1824 60.
442 1767 701 1827 Obsessos
728 1769 857 1828 hinc
880 1772 1032 1838 fides,
1073 1771 1198 1826 inde
1217 1777 1443 1844 egestas,
1484 1769 1620 1824 inter
1638 1769 1802 1826 decus

202 1861 265 1899 ac
286 1841 545 1918 flagitium
576 1845 955 1904 distrahebant.
1036 1843 1424 1903 cunctantibus
1445 1844 1596 1900 solita
1617 1845 1803 1900 insoli-

200 1927 366 1992 taque
381 1917 632 1976 alimenta
652 1921 895 1992 deerant3
936 1922 1238 1994 absumptis
1264 1924 1519 1976 iumentis
1539 1923 1806 1992 equisque

202 2003 257 2050 et
283 1995 469 2050 ceteris
498 1995 843 2062 animalibu8‚
874 2011 1013 2069 quae
1042 1997 1256 2069 profana
1289 1995 1546 2068 foedaque
1563 1997 1617 2050 in
1640 2012 1802 2050 usum

203 2071 491 2126 necessitas
510 2072 683 2127 vertit.
716 2071 982 2146 ·Virgulta
1002 2081 1269 2145 pestremo
1291 2079 1342 2126 et
1361 2075 1554 2144 stirpes
1574 2080 1624 2135 et
1643 2073 1806 2125 inter-

202 2153 352 2200 natas
373 2147 519 2200 saxis
539 2146 731 2202 herbas
753 2148 1027 2214 vellentes,
1055 2149 1394 2203 miseriarum
1419 2147 1806 2220 patientiaeque

200 2220 581 2276 documentum
613 2220 785 2280 fuere:
828 2223 995 2279 donec
1018 2235 1197 2354 egnefi
1181 2225 1285 2278 ’am
1305 2222 1515 2279 laudem
1540 2223 1644 2277 line
1663 2221 1807 2294 turpi

206 2291 551 2372 macularent,
594 2300 777 2354 missis
806 2299 871 2354 ad
891 2298 1120 2355 Civilem
1161 2301 1349 2372 egetis,
1388 2300 1553 2354 vitam
1573 2307 1801 2353 orantes.

204 2371 392 2442 Neque
410 2380 530 2427 ante
548 2388 732 2444 preces
752 2374 1036 2440 admissae,
1059 2390 1226 2447 quam
1247 2375 1302 2429 in
1325 2374 1485 2428 verba
1507 2373 1806 2429 Galliarum

203 2445 457 2502 iurarent.
524 2447 684 2513 Tum,
708 2458 894 2521 pactus
914 2449 1165 2522 praedam
1185 2459 1499 2513 castrorum,
1523 2448 1612 2503 dat
1629 2459 1808 2504 custo-

204 2521 319 2586 des,
332 2523 429 2594 qui
448 2523 753 2594 pecuniam,
766 2525 995 2592 calones,
1018 2528 1254 2581 sarcinas
1275 2533 1608 2587 retentarent,
1630 2542 1692 2579 ac
1708 2523 1806 2596 qui

206 2597 352 2668 ipsos
374 2595 517 2654 leves
536 2599 793 2656 abeuntes
814 2610 1280 2675 prosequerentur.
1323 2599 1406 2655 Ad
1424 2601 1677 2673 quintum
1701 2598 1808 2655 l'ere

208 2669 436 2743 lapidem
476 2677 635 2730 coorti
664 2675 918 2733 Germani
958 2679 1236 2733 incautum
1265 2693 1458 2752 agmen
1484 2675 1807 2751 adgrediun-

206 2753 328 2876 mr‘l'
385 2747 825 2880 Pugnfieinimtis
842 2755 1082 2829 quisque
1099 2754 1158 2811 in
1177 2753 1422 2885 vestigcip,
1446 2752 1602 2810 multi
1618 2751 1808 2828 palan·-

329 2839 496 2880 Actrus
588 2867 600 2880 .
