<?xml version="1.0" encoding="UTF-8"?>
<!DOCTYPE html PUBLIC "-//W3C//DTD XHTML 1.0 Transitional//EN"
    "http://www.w3.org/TR/xhtml1/DTD/xhtml1-transitional.dtd">
<html xmlns="http://www.w3.org/1999/xhtml" xml:lang="en" lang="en">
 <head>
  <title>
</title>
<meta http-equiv="Content-Type" content="text/html;charset=utf-8" />
  <meta name='ocr-system' content='tesseract 3.04.00' />
  <meta name='ocr-capabilities' content='ocr_page ocr_carea ocr_par ocr_line ocrx_word'/>
</head>
<body>
  <div class='ocr_page' id='page_1' title='image "./operaquoadextan03tacigoog_0739.png"; bbox 0 0 2081 3038; ppageno 0'>
   <div class='ocr_carea' id='block_1_1' title="bbox 0 1006 3 1968">
    <p class='ocr_par' dir='ltr' id='par_1_1' title="bbox 0 1006 3 1968">
     <span class='ocr_line' id='line_1_1' title="bbox 0 1006 3 1968; baseline 0 0"><span class='ocrx_word' id='word_1_1' title='bbox 0 1006 3 1968; x_wconf 95' lang='lat' dir='ltr'> </span> 
     </span>
    </p>
   </div>
   <div class='ocr_carea' id='block_1_2' title="bbox 551 208 1781 263">
    <p class='ocr_par' dir='ltr' id='par_1_2' title="bbox 551 208 1781 263">
     <span class='ocr_line' id='line_1_2' title="bbox 551 208 1781 263; baseline 0.003 -6"><span class='ocrx_word' id='word_1_2' title='bbox 551 212 970 261; x_wconf 67' lang='lat' dir='ltr'>DIALOGUS.</span> <span class='ocrx_word' id='word_1_3' title='bbox 1014 215 1172 261; x_wconf 75' lang='lat' dir='ltr'>cAP.</span> <span class='ocrx_word' id='word_1_4' title='bbox 1216 216 1297 261; x_wconf 80' lang='lat'>29.</span> <span class='ocrx_word' id='word_1_5' title='bbox 1341 213 1421 260; x_wconf 81' lang='grc' dir='ltr'>3ο.</span> <span class='ocrx_word' id='word_1_6' title='bbox 1682 208 1781 263; x_wconf 65' lang='lat'>3⁶29</span> 
     </span>
    </p>
   </div>
   <div class='ocr_carea' id='block_1_3' title="bbox 173 313 1798 2728">
    <p class='ocr_par' dir='ltr' id='par_1_3' title="bbox 177 313 1786 536">
     <span class='ocr_line' id='line_1_3' title="bbox 179 313 1786 387; baseline 0.002 -20"><span class='ocrx_word' id='word_1_7' title='bbox 179 330 275 368; x_wconf 90' lang='lat' dir='ltr'>nec</span> <span class='ocrx_word' id='word_1_8' title='bbox 296 313 352 367; x_wconf 89' lang='lat' dir='ltr'>in</span> <span class='ocrx_word' id='word_1_9' title='bbox 380 313 686 368; x_wconf 85' lang='lat' dir='ltr'>auctoribus</span> <span class='ocrx_word' id='word_1_10' title='bbox 707 314 1109 387; x_wconf 76' lang='lat' dir='ltr'>cognoscendiS,</span> <span class='ocrx_word' id='word_1_11' title='bbox 1137 332 1236 371; x_wconf 90' lang='lat' dir='ltr'>nec</span> <span class='ocrx_word' id='word_1_12' title='bbox 1257 316 1314 371; x_wconf 89' lang='lat' dir='ltr'>in</span> <span class='ocrx_word' id='word_1_13' title='bbox 1335 313 1625 371; x_wconf 85' lang='lat' dir='ltr'>evolvenda</span> <span class='ocrx_word' id='word_1_14' title='bbox 1644 316 1786 371; x_wconf 88' lang='lat' dir='ltr'>anti-</span> 
     </span>
     <span class='ocr_line' id='line_1_4' title="bbox 178 388 1785 461; baseline 0.003 -19"><span class='ocrx_word' id='word_1_15' title='bbox 178 390 398 461; x_wconf 89' lang='lat' dir='ltr'>quitate,</span> <span class='ocrx_word' id='word_1_16' title='bbox 423 388 594 443; x_wconf 88' lang='lat' dir='ltr'>necin</span> <span class='ocrx_word' id='word_1_17' title='bbox 615 390 798 445; x_wconf 90' lang='lat' dir='ltr'>notitia</span> <span class='ocrx_word' id='word_1_18' title='bbox 819 388 902 445; x_wconf 89' lang='lat' dir='ltr'>vel</span> <span class='ocrx_word' id='word_1_19' title='bbox 926 408 1107 447; x_wconf 89' lang='lat' dir='ltr'>rerum</span> <span class='ocrx_word' id='word_1_20' title='bbox 1136 390 1218 447; x_wconf 88' lang='lat' dir='ltr'>vel</span> <span class='ocrx_word' id='word_1_21' title='bbox 1242 390 1525 448; x_wconf 89' lang='lat' dir='ltr'>hominum</span> <span class='ocrx_word' id='word_1_22' title='bbox 1545 392 1629 448; x_wconf 88' lang='lat' dir='ltr'>vel</span> <span class='ocrx_word' id='word_1_23' title='bbox 1650 402 1785 447; x_wconf 88' lang='lat' dir='ltr'>tem-</span> 
     </span>
     <span class='ocr_line' id='line_1_5' title="bbox 177 465 1061 536; baseline 0.005 -19"><span class='ocrx_word' id='word_1_24' title='bbox 177 481 370 536; x_wconf 87' lang='lat' dir='ltr'>porum</span> <span class='ocrx_word' id='word_1_25' title='bbox 391 465 521 518; x_wconf 89' lang='lat' dir='ltr'>satis</span> <span class='ocrx_word' id='word_1_26' title='bbox 540 482 729 536; x_wconf 82' lang='lat' dir='ltr'>operae</span> <span class='ocrx_word' id='word_1_27' title='bbox 749 467 1061 521; x_wconf 84' lang='lat' dir='ltr'><strong>insumitur.</strong></span> 
     </span>
    </p>

    <p class='ocr_par' dir='ltr' id='par_1_4' title="bbox 173 538 1798 2728">
     <span class='ocr_line' id='line_1_6' title="bbox 181 538 1784 614; baseline 0.001 -19"><span class='ocrx_word' id='word_1_28' title='bbox 181 558 188 561; x_wconf 90' lang='lat'>·</span> <span class='ocrx_word' id='word_1_29' title='bbox 287 542 370 595; x_wconf 85' lang='lat'>30.</span> <span class='ocrx_word' id='word_1_30' title='bbox 413 538 516 595; x_wconf 89' lang='lat' dir='ltr'>Sed</span> <span class='ocrx_word' id='word_1_31' title='bbox 535 549 876 611; x_wconf 87' lang='lat' dir='ltr'>expetuntur,</span> <span class='ocrx_word' id='word_1_32' title='bbox 899 559 1036 614; x_wconf 91' lang='lat' dir='ltr'>quos</span> <span class='ocrx_word' id='word_1_33' title='bbox 1056 544 1293 597; x_wconf 72' lang='lat' dir='ltr'>rhetora-5</span> <span class='ocrx_word' id='word_1_34' title='bbox 1314 549 1527 599; x_wconf 84' lang='lat' dir='ltr'>vocant:</span> <span class='ocrx_word' id='word_1_35' title='bbox 1552 559 1784 613; x_wconf 90' lang='lat' dir='ltr'>quorum</span> 
     </span>
     <span class='ocr_line' id='line_1_7' title="bbox 176 613 1784 688; baseline 0.001 -20"><span class='ocrx_word' id='word_1_36' title='bbox 176 613 432 687; x_wconf 77' lang='lat' dir='ltr'>professio</span> <span class='ocrx_word' id='word_1_37' title='bbox 450 616 666 688; x_wconf 89' lang='lat' dir='ltr'>quando</span> <span class='ocrx_word' id='word_1_38' title='bbox 684 619 923 687; x_wconf 87' lang='lat' dir='ltr'>primum</span> <span class='ocrx_word' id='word_1_39' title='bbox 945 620 1002 673; x_wconf 86' lang='lat' dir='ltr'>in</span> <span class='ocrx_word' id='word_1_40' title='bbox 1023 617 1163 673; x_wconf 90' lang='lat' dir='ltr'>hanc</span> <span class='ocrx_word' id='word_1_41' title='bbox 1180 618 1369 673; x_wconf 90' lang='lat' dir='ltr'>urbem</span> <span class='ocrx_word' id='word_1_42' title='bbox 1389 618 1684 673; x_wconf 88' lang='lat' dir='ltr'>introducta</span> <span class='ocrx_word' id='word_1_43' title='bbox 1695 617 1784 681; x_wconf 87' lang='lat' dir='ltr'>sit,</span> 
     </span>
     <span class='ocr_line' id='line_1_8' title="bbox 175 690 1788 763; baseline 0 -18"><span class='ocrx_word' id='word_1_44' title='bbox 175 708 450 763; x_wconf 87' lang='lat' dir='ltr'>quamque</span> <span class='ocrx_word' id='word_1_45' title='bbox 494 690 700 745; x_wconf 88' lang='lat' dir='ltr'>nullam</span> <span class='ocrx_word' id='word_1_46' title='bbox 738 691 883 763; x_wconf 91' lang='lat' dir='ltr'>apud</span> <span class='ocrx_word' id='word_1_47' title='bbox 919 694 1147 749; x_wconf 90' lang='lat' dir='ltr'>maiores</span> <span class='ocrx_word' id='word_1_48' title='bbox 1184 702 1391 749; x_wconf 86' lang='lat' dir='ltr'>nostros</span> <span class='ocrx_word' id='word_1_49' title='bbox 1428 692 1788 747; x_wconf 81' lang='lat' dir='ltr'>auctoritatem</span> 
     </span>
     <span class='ocr_line' id='line_1_9' title="bbox 179 766 1786 833; baseline 0.001 -14"><span class='ocrx_word' id='word_1_50' title='bbox 179 766 444 831; x_wconf 84' lang='lat' dir='ltr'>habuerit,</span> <span class='ocrx_word' id='word_1_51' title='bbox 473 768 650 821; x_wconf 89' lang='lat' dir='ltr'>statim</span> <span class='ocrx_word' id='word_1_52' title='bbox 672 766 934 833; x_wconf 90' lang='lat' dir='ltr'>dicturus,</span> <span class='ocrx_word' id='word_1_53' title='bbox 961 767 1187 823; x_wconf 87' lang='lat' dir='ltr'>referam</span> <span class='ocrx_word' id='word_1_54' title='bbox 1214 786 1429 825; x_wconf 86' lang='lat' dir='ltr'>necesse</span> <span class='ocrx_word' id='word_1_55' title='bbox 1448 778 1528 823; x_wconf 84' lang='lat' dir='ltr'>est</span> <span class='ocrx_word' id='word_1_56' title='bbox 1545 768 1786 822; x_wconf 87' lang='lat' dir='ltr'>animum</span> 
     </span>
     <span class='ocr_line' id='line_1_10' title="bbox 175 840 1789 915; baseline 0.001 -20"><span class='ocrx_word' id='word_1_57' title='bbox 175 840 244 895; x_wconf 87' lang='lat' dir='ltr'>ad</span> <span class='ocrx_word' id='word_1_58' title='bbox 272 859 389 897; x_wconf 88' lang='lat' dir='ltr'>eam</span> <span class='ocrx_word' id='word_1_59' title='bbox 419 840 780 913; x_wconf 85' lang='lat' dir='ltr'>disciplinam,</span> <span class='ocrx_word' id='word_1_60' title='bbox 803 857 920 915; x_wconf 71' lang='lat' dir='ltr'>‘qua</span> <span class='ocrx_word' id='word_1_61' title='bbox 940 860 1069 899; x_wconf 91' lang='lat' dir='ltr'>usos</span> <span class='ocrx_word' id='word_1_62' title='bbox 1090 862 1206 899; x_wconf 91' lang='lat' dir='ltr'>esse</span> <span class='ocrx_word' id='word_1_63' title='bbox 1226 862 1314 900; x_wconf 90' lang='lat' dir='ltr'>eos</span> <span class='ocrx_word' id='word_1_64' title='bbox 1333 854 1562 900; x_wconf 90' lang='lat' dir='ltr'>oratores</span> <span class='ocrx_word' id='word_1_65' title='bbox 1584 841 1789 914; x_wconf 91' lang='lat' dir='ltr'>accepi-</span> 
     </span>
     <span class='ocr_line' id='line_1_11' title="bbox 176 916 1791 992; baseline -0.001 -21"><span class='ocrx_word' id='word_1_66' title='bbox 176 935 302 972; x_wconf 91' lang='lat' dir='ltr'>mus</span> <span class='ocrx_word' id='word_1_67' title='bbox 315 959 330 983; x_wconf 97' lang='lat'>,</span> <span class='ocrx_word' id='word_1_68' title='bbox 361 935 594 990; x_wconf 87' lang='lat' dir='ltr'>quorum</span> <span class='ocrx_word' id='word_1_69' title='bbox 622 918 868 974; x_wconf 79' lang='lat' dir='ltr'>infinitus</span> <span class='ocrx_word' id='word_1_70' title='bbox 887 918 1034 975; x_wconf 89' lang='lat' dir='ltr'>labor</span> <span class='ocrx_word' id='word_1_71' title='bbox 1053 929 1103 975; x_wconf 89' lang='lat' dir='ltr'>et</span> <span class='ocrx_word' id='word_1_72' title='bbox 1122 920 1430 992; x_wconf 89' lang='lat' dir='ltr'>quotidiana</span> <span class='ocrx_word' id='word_1_73' title='bbox 1450 916 1721 975; x_wconf 77' lang='lat' dir='ltr'>meditatio</span> <span class='ocrx_word' id='word_1_74' title='bbox 1742 925 1791 971; x_wconf 89' lang='lat' dir='ltr'>et</span> 
     </span>
     <span class='ocr_line' id='line_1_12' title="bbox 173 992 1793 1067; baseline -0.001 -18"><span class='ocrx_word' id='word_1_75' title='bbox 173 992 232 1049; x_wconf 89' lang='lat' dir='ltr'>in</span> <span class='ocrx_word' id='word_1_76' title='bbox 253 994 400 1049; x_wconf 90' lang='lat' dir='ltr'>omni</span> <span class='ocrx_word' id='word_1_77' title='bbox 419 1010 614 1067; x_wconf 80' lang='lat' dir='ltr'>genere</span> <span class='ocrx_word' id='word_1_78' title='bbox 633 993 933 1050; x_wconf 88' lang='lat' dir='ltr'>studiorum</span> <span class='ocrx_word' id='word_1_79' title='bbox 955 995 1210 1051; x_wconf 83' lang='lat' dir='ltr'>adsiduae</span> <span class='ocrx_word' id='word_1_80' title='bbox 1229 996 1625 1051; x_wconf 83' lang='lat' dir='ltr'>exercitationes</span> <span class='ocrx_word' id='word_1_81' title='bbox 1646 995 1793 1065; x_wconf 73' lang='lat' dir='ltr'>ipso-</span> 
     </span>
     <span class='ocr_line' id='line_1_13' title="bbox 175 1070 1793 1141; baseline 0 -18"><span class='ocrx_word' id='word_1_82' title='bbox 175 1086 304 1126; x_wconf 88' lang='lat' dir='ltr'>rum</span> <span class='ocrx_word' id='word_1_83' title='bbox 328 1071 486 1123; x_wconf 90' lang='lat' dir='ltr'>etiam</span> <span class='ocrx_word' id='word_1_84' title='bbox 518 1073 855 1126; x_wconf 86' lang='lat' dir='ltr'>continentur</span> <span class='ocrx_word' id='word_1_85' title='bbox 889 1070 1063 1125; x_wconf 82' lang='lat' dir='ltr'>libris.</span> <span class='ocrx_word' id='word_1_86' title='bbox 1142 1072 1313 1126; x_wconf 87' lang='lat' dir='ltr'>Notus</span> <span class='ocrx_word' id='word_1_87' title='bbox 1332 1079 1413 1126; x_wconf 88' lang='lat' dir='ltr'>est</span> <span class='ocrx_word' id='word_1_88' title='bbox 1430 1071 1583 1126; x_wconf 88' lang='lat' dir='ltr'>vobis</span> <span class='ocrx_word' id='word_1_89' title='bbox 1602 1072 1793 1141; x_wconf 89' lang='lat' dir='ltr'>utique</span> 
     </span>
     <span class='ocr_line' id='line_1_14' title="bbox 177 1142 1792 1218; baseline 0 -19"><span class='ocrx_word' id='word_1_90' title='bbox 177 1142 445 1201; x_wconf 87' lang='lat' dir='ltr'>Ciceronis</span> <span class='ocrx_word' id='word_1_91' title='bbox 465 1144 618 1211; x_wconf 89' lang='lat' dir='ltr'>liber,</span> <span class='ocrx_word' id='word_1_92' title='bbox 641 1147 738 1218; x_wconf 89' lang='lat' dir='ltr'>qui</span> <span class='ocrx_word' id='word_1_93' title='bbox 759 1147 955 1201; x_wconf 79' lang='lat' dir='ltr'>Brutus</span> <span class='ocrx_word' id='word_1_94' title='bbox 974 1147 1315 1216; x_wconf 72' lang='lat' dir='ltr'>inscribitur-3</span> <span class='ocrx_word' id='word_1_95' title='bbox 1356 1148 1415 1203; x_wconf 86' lang='lat' dir='ltr'>in</span> <span class='ocrx_word' id='word_1_96' title='bbox 1440 1148 1598 1201; x_wconf 89' lang='lat' dir='ltr'>cuius</span> <span class='ocrx_word' id='word_1_97' title='bbox 1618 1154 1792 1216; x_wconf 65' lang='lat' dir='ltr'>extre-</span> 
     </span>
     <span class='ocr_line' id='line_1_15' title="bbox 177 1220 1791 1293; baseline -0.001 -18"><span class='ocrx_word' id='word_1_98' title='bbox 177 1238 264 1275; x_wconf 89' lang='lat' dir='ltr'>ma</span> <span class='ocrx_word' id='word_1_99' title='bbox 293 1229 440 1293; x_wconf 91' lang='lat' dir='ltr'>parte</span> <span class='ocrx_word' id='word_1_100' title='bbox 455 1263 469 1286; x_wconf 93' lang='lat'>,</span> <span class='ocrx_word' id='word_1_101' title='bbox 499 1220 646 1293; x_wconf 89' lang='lat' dir='ltr'>(nam</span> <span class='ocrx_word' id='word_1_102' title='bbox 672 1224 818 1292; x_wconf 86' lang='lat' dir='ltr'>prior</span> <span class='ocrx_word' id='word_1_103' title='bbox 836 1223 1391 1278; x_wconf 76' lang='lat' dir='ltr'>commemorationem</span> <span class='ocrx_word' id='word_1_104' title='bbox 1412 1230 1651 1278; x_wconf 87' lang='lat' dir='ltr'>veterum</span> <span class='ocrx_word' id='word_1_105' title='bbox 1672 1238 1791 1275; x_wconf 89' lang='lat' dir='ltr'>ora-</span> 
     </span>
     <span class='ocr_line' id='line_1_16' title="bbox 176 1294 1791 1371; baseline 0 -22"><span class='ocrx_word' id='word_1_106' title='bbox 176 1304 350 1351; x_wconf 90' lang='lat' dir='ltr'>torum</span> <span class='ocrx_word' id='word_1_107' title='bbox 379 1294 556 1367; x_wconf 88' lang='lat' dir='ltr'>habet)</span> <span class='ocrx_word' id='word_1_108' title='bbox 583 1314 682 1350; x_wconf 82' lang='lat' dir='ltr'>sua</span> <span class='ocrx_word' id='word_1_109' title='bbox 709 1297 881 1361; x_wconf 89' lang='lat' dir='ltr'>initia,</span> <span class='ocrx_word' id='word_1_110' title='bbox 917 1314 1047 1353; x_wconf 89' lang='lat' dir='ltr'>suos</span> <span class='ocrx_word' id='word_1_111' title='bbox 1064 1297 1285 1371; x_wconf 86' lang='lat' dir='ltr'>gradus,</span> <span class='ocrx_word' id='word_1_112' title='bbox 1313 1314 1443 1352; x_wconf 86' lang='lat' dir='ltr'>suae</span> <span class='ocrx_word' id='word_1_113' title='bbox 1462 1296 1791 1369; x_wconf 81' lang='lat' dir='ltr'>eloquentiae</span> 
     </span>
     <span class='ocr_line' id='line_1_17' title="bbox 178 1368 1793 1442; baseline 0.001 -19"><span class='ocrx_word' id='word_1_114' title='bbox 178 1369 326 1425; x_wconf 87' lang='lat' dir='ltr'>velut</span> <span class='ocrx_word' id='word_1_115' title='bbox 353 1368 626 1441; x_wconf 88' lang='lat' dir='ltr'>quandam</span> <span class='ocrx_word' id='word_1_116' title='bbox 655 1370 1020 1425; x_wconf 85' lang='lat' dir='ltr'>educationem</span> <span class='ocrx_word' id='word_1_117' title='bbox 1050 1371 1234 1425; x_wconf 87' lang='lat' dir='ltr'>refert:</span> <span class='ocrx_word' id='word_1_118' title='bbox 1279 1390 1337 1427; x_wconf 88' lang='lat' dir='ltr'>se</span> <span class='ocrx_word' id='word_1_119' title='bbox 1372 1372 1517 1442; x_wconf 92' lang='lat' dir='ltr'>apud</span> <span class='ocrx_word' id='word_1_120' title='bbox 1534 1373 1596 1436; x_wconf 82' lang='lat' dir='ltr'>Q.</span> <span class='ocrx_word' id='word_1_121' title='bbox 1622 1370 1793 1425; x_wconf 84' lang='lat' dir='ltr'>Muci-</span> 
     </span>
     <span class='ocr_line' id='line_1_18' title="bbox 179 1442 1789 1518; baseline -0.001 -19"><span class='ocrx_word' id='word_1_122' title='bbox 179 1463 274 1499; x_wconf 88' lang='lat' dir='ltr'>um</span> <span class='ocrx_word' id='word_1_123' title='bbox 304 1446 392 1499; x_wconf 86' lang='lat' dir='ltr'>ius</span> <span class='ocrx_word' id='word_1_124' title='bbox 421 1442 581 1499; x_wconf 88' lang='lat' dir='ltr'>civile</span> <span class='ocrx_word' id='word_1_125' title='bbox 599 1443 878 1513; x_wconf 87' lang='lat' dir='ltr'>didicisse;</span> <span class='ocrx_word' id='word_1_126' title='bbox 921 1446 1065 1518; x_wconf 88' lang='lat' dir='ltr'>apud</span> <span class='ocrx_word' id='word_1_127' title='bbox 1085 1446 1363 1500; x_wconf 83' lang='lat' dir='ltr'>Philonem</span> <span class='ocrx_word' id='word_1_128' title='bbox 1388 1446 1789 1508; x_wconf 87' lang='lat' dir='ltr'>Academicum,</span> 
     </span>
     <span class='ocr_line' id='line_1_19' title="bbox 177 1518 1795 1593; baseline -0.001 -18"><span class='ocrx_word' id='word_1_129' title='bbox 177 1518 324 1593; x_wconf 87' lang='lat' dir='ltr'>apud</span> <span class='ocrx_word' id='word_1_130' title='bbox 349 1519 631 1576; x_wconf 90' lang='lat' dir='ltr'>Diodotum</span> <span class='ocrx_word' id='word_1_131' title='bbox 653 1518 889 1576; x_wconf 91' lang='lat' dir='ltr'>Stoicum</span> <span class='ocrx_word' id='word_1_132' title='bbox 908 1539 1095 1578; x_wconf 88' lang='lat' dir='ltr'>omnes</span> <span class='ocrx_word' id='word_1_133' title='bbox 1116 1521 1483 1593; x_wconf 87' lang='lat' dir='ltr'>philosophiae</span> <span class='ocrx_word' id='word_1_134' title='bbox 1506 1530 1680 1592; x_wconf 84' lang='lat' dir='ltr'>partes</span> <span class='ocrx_word' id='word_1_135' title='bbox 1698 1536 1795 1592; x_wconf 86' lang='lat' dir='ltr'>pe-</span> 
     </span>
     <span class='ocr_line' id='line_1_20' title="bbox 179 1595 1795 1668; baseline 0 -17"><span class='ocrx_word' id='word_1_136' title='bbox 179 1599 326 1651; x_wconf 88' lang='lat' dir='ltr'>nitus</span> <span class='ocrx_word' id='word_1_137' title='bbox 355 1595 630 1650; x_wconf 86' lang='lat' dir='ltr'>hausisse:</span> <span class='ocrx_word' id='word_1_138' title='bbox 674 1613 850 1668; x_wconf 89' lang='lat' dir='ltr'>neque</span> <span class='ocrx_word' id='word_1_139' title='bbox 869 1596 956 1652; x_wconf 91' lang='lat' dir='ltr'>his</span> <span class='ocrx_word' id='word_1_140' title='bbox 981 1597 1286 1653; x_wconf 85' lang='lat' dir='ltr'>doctoribus</span> <span class='ocrx_word' id='word_1_141' title='bbox 1307 1604 1635 1661; x_wconf 86' lang='lat' dir='ltr'>contentum,</span> <span class='ocrx_word' id='word_1_142' title='bbox 1658 1613 1795 1668; x_wconf 87' lang='lat' dir='ltr'>quo-</span> 
     </span>
     <span class='ocr_line' id='line_1_21' title="bbox 178 1670 1796 1746; baseline -0.001 -20"><span class='ocrx_word' id='word_1_143' title='bbox 178 1689 304 1727; x_wconf 85' lang='lat' dir='ltr'>rum</span> <span class='ocrx_word' id='word_1_144' title='bbox 347 1672 396 1726; x_wconf 89' lang='lat' dir='ltr'>ei</span> <span class='ocrx_word' id='word_1_145' title='bbox 424 1672 574 1742; x_wconf 87' lang='lat' dir='ltr'>copia</span> <span class='ocrx_word' id='word_1_146' title='bbox 600 1670 659 1726; x_wconf 88' lang='lat' dir='ltr'>in</span> <span class='ocrx_word' id='word_1_147' title='bbox 693 1673 828 1728; x_wconf 89' lang='lat' dir='ltr'>urbe</span> <span class='ocrx_word' id='word_1_148' title='bbox 865 1675 1181 1746; x_wconf 78' lang='lat' dir='ltr'>contigerat,</span> <span class='ocrx_word' id='word_1_149' title='bbox 1210 1671 1465 1728; x_wconf 86' lang='lat' dir='ltr'>Achaiam</span> <span class='ocrx_word' id='word_1_150' title='bbox 1494 1688 1713 1745; x_wconf 87' lang='lat' dir='ltr'>quoque</span> <span class='ocrx_word' id='word_1_151' title='bbox 1744 1677 1796 1724; x_wconf 88' lang='lat' dir='ltr'>et</span> 
     </span>
     <span class='ocr_line' id='line_1_22' title="bbox 177 1746 1796 1820; baseline -0.001 -18"><span class='ocrx_word' id='word_1_152' title='bbox 177 1746 364 1802; x_wconf 82' lang='lat' dir='ltr'>Asiam</span> <span class='ocrx_word' id='word_1_153' title='bbox 399 1752 735 1820; x_wconf 83' lang='lat' dir='ltr'>peragrasse,</span> <span class='ocrx_word' id='word_1_154' title='bbox 759 1757 820 1804; x_wconf 91' lang='lat' dir='ltr'>ut</span> <span class='ocrx_word' id='word_1_155' title='bbox 837 1766 1053 1804; x_wconf 89' lang='lat' dir='ltr'>omnem</span> <span class='ocrx_word' id='word_1_156' title='bbox 1076 1750 1321 1803; x_wconf 91' lang='lat' dir='ltr'>omnium</span> <span class='ocrx_word' id='word_1_157' title='bbox 1348 1749 1545 1802; x_wconf 88' lang='lat' dir='ltr'>artium</span> <span class='ocrx_word' id='word_1_158' title='bbox 1569 1749 1796 1803; x_wconf 85' lang='lat' dir='ltr'>varieta-</span> 
     </span>
     <span class='ocr_line' id='line_1_23' title="bbox 180 1821 1797 1898; baseline -0.001 -20"><span class='ocrx_word' id='word_1_159' title='bbox 180 1831 288 1878; x_wconf 87' lang='lat' dir='ltr'>tem</span> <span class='ocrx_word' id='word_1_160' title='bbox 325 1821 775 1894; x_wconf 84' lang='lat' dir='ltr'>complecteretur.</span> <span class='ocrx_word' id='word_1_161' title='bbox 854 1825 1037 1898; x_wconf 89' lang='lat' dir='ltr'>Itaque</span> <span class='ocrx_word' id='word_1_162' title='bbox 1067 1823 1291 1879; x_wconf 88' lang='lat' dir='ltr'>Hercule</span> <span class='ocrx_word' id='word_1_163' title='bbox 1318 1823 1377 1879; x_wconf 89' lang='lat' dir='ltr'>in</span> <span class='ocrx_word' id='word_1_164' title='bbox 1406 1821 1558 1878; x_wconf 88' lang='lat' dir='ltr'>libris</span> <span class='ocrx_word' id='word_1_165' title='bbox 1587 1822 1797 1878; x_wconf 84' lang='lat' dir='ltr'>Cicero-</span> 
     </span>
     <span class='ocr_line' id='line_1_24' title="bbox 179 1897 1790 1974; baseline -0.001 -22"><span class='ocrx_word' id='word_1_166' title='bbox 179 1900 266 1953; x_wconf 88' lang='lat' dir='ltr'>nis</span> <span class='ocrx_word' id='word_1_167' title='bbox 305 1897 698 1970; x_wconf 88' lang='lat' dir='ltr'>deprehendere</span> <span class='ocrx_word' id='word_1_168' title='bbox 725 1897 864 1966; x_wconf 88' lang='lat' dir='ltr'>licet,</span> <span class='ocrx_word' id='word_1_169' title='bbox 896 1918 1000 1955; x_wconf 91' lang='lat' dir='ltr'>non</span> <span class='ocrx_word' id='word_1_170' title='bbox 1027 1900 1367 1974; x_wconf 81' lang='lat' dir='ltr'>geometriae,</span> <span class='ocrx_word' id='word_1_171' title='bbox 1400 1916 1508 1954; x_wconf 90' lang='lat' dir='ltr'>non</span> <span class='ocrx_word' id='word_1_172' title='bbox 1536 1898 1790 1961; x_wconf 89' lang='lat' dir='ltr'>musicae,</span> 
     </span>
     <span class='ocr_line' id='line_1_25' title="bbox 179 1973 1795 2048; baseline -0.003 -18"><span class='ocrx_word' id='word_1_173' title='bbox 179 1992 286 2030; x_wconf 89' lang='lat' dir='ltr'>non</span> <span class='ocrx_word' id='word_1_174' title='bbox 324 1974 728 2048; x_wconf 86' lang='lat' dir='ltr'>grammaticae,</span> <span class='ocrx_word' id='word_1_175' title='bbox 768 1993 875 2033; x_wconf 88' lang='lat' dir='ltr'>non</span> <span class='ocrx_word' id='word_1_176' title='bbox 911 1976 1147 2048; x_wconf 89' lang='lat' dir='ltr'>denique</span> <span class='ocrx_word' id='word_1_177' title='bbox 1171 1975 1341 2031; x_wconf 90' lang='lat' dir='ltr'>ullius</span> <span class='ocrx_word' id='word_1_178' title='bbox 1373 1975 1638 2048; x_wconf 82' lang='lat' dir='ltr'>ingenuae</span> <span class='ocrx_word' id='word_1_179' title='bbox 1666 1973 1795 2026; x_wconf 85' lang='lat' dir='ltr'>artis</span> 
     </span>
     <span class='ocr_line' id='line_1_26' title="bbox 179 2046 1796 2113; baseline -0.004 -7"><span class='ocrx_word' id='word_1_180' title='bbox 179 2051 458 2106; x_wconf 85' lang='lat' dir='ltr'>scientiam</span> <span class='ocrx_word' id='word_1_181' title='bbox 487 2049 536 2104; x_wconf 89' lang='lat' dir='ltr'>ei</span> <span class='ocrx_word' id='word_1_182' title='bbox 563 2047 816 2105; x_wconf 85' lang='lat' dir='ltr'>defuisse.</span> <span class='ocrx_word' id='word_1_183' title='bbox 860 2051 953 2106; x_wconf 89' lang='lat' dir='ltr'>Ille</span> <span class='ocrx_word' id='word_1_184' title='bbox 988 2049 1292 2106; x_wconf 89' lang='lat' dir='ltr'>dialecticae</span> <span class='ocrx_word' id='word_1_185' title='bbox 1314 2050 1680 2113; x_wconf 86' lang='lat' dir='ltr'>subtilitatem,</span> <span class='ocrx_word' id='word_1_186' title='bbox 1704 2046 1796 2102; x_wconf 92' lang='lat' dir='ltr'>ille</span> 
     </span>
     <span class='ocr_line' id='line_1_27' title="bbox 178 2124 1795 2198; baseline -0.004 -16"><span class='ocrx_word' id='word_1_187' title='bbox 178 2125 398 2182; x_wconf 89' lang='lat' dir='ltr'>moralis</span> <span class='ocrx_word' id='word_1_188' title='bbox 426 2124 592 2198; x_wconf 87' lang='lat' dir='ltr'>partis</span> <span class='ocrx_word' id='word_1_189' title='bbox 622 2125 920 2192; x_wconf 83' lang='lat' dir='ltr'>utilitatem,</span> <span class='ocrx_word' id='word_1_190' title='bbox 953 2126 1045 2181; x_wconf 90' lang='lat' dir='ltr'>ille</span> <span class='ocrx_word' id='word_1_191' title='bbox 1064 2143 1244 2180; x_wconf 87' lang='lat' dir='ltr'>rerum</span> <span class='ocrx_word' id='word_1_192' title='bbox 1266 2134 1443 2180; x_wconf 86' lang='lat' dir='ltr'>motus</span> <span class='ocrx_word' id='word_1_193' title='bbox 1470 2139 1795 2194; x_wconf 86' lang='lat' dir='ltr'>caussasque</span> 
     </span>
     <span class='ocr_line' id='line_1_28' title="bbox 179 2198 1793 2276; baseline -0.004 -18"><span class='ocrx_word' id='word_1_194' title='bbox 179 2208 514 2276; x_wconf 86' lang='lat' dir='ltr'>cognoverat.</span> <span class='ocrx_word' id='word_1_195' title='bbox 593 2200 668 2254; x_wconf 91' lang='lat' dir='ltr'>Ita</span> <span class='ocrx_word' id='word_1_196' title='bbox 715 2203 862 2256; x_wconf 92' lang='lat' dir='ltr'>enim</span> <span class='ocrx_word' id='word_1_197' title='bbox 901 2210 1000 2267; x_wconf 89' lang='lat' dir='ltr'>est,</span> <span class='ocrx_word' id='word_1_198' title='bbox 1039 2203 1230 2272; x_wconf 87' lang='lat' dir='ltr'>optimi</span> <span class='ocrx_word' id='word_1_199' title='bbox 1268 2201 1393 2267; x_wconf 83' lang='lat' dir='ltr'>viri,</span> <span class='ocrx_word' id='word_1_200' title='bbox 1424 2203 1497 2255; x_wconf 89' lang='lat' dir='ltr'>ita</span> <span class='ocrx_word' id='word_1_201' title='bbox 1531 2218 1598 2255; x_wconf 82' lang='lat' dir='ltr'>ex</span> <span class='ocrx_word' id='word_1_202' title='bbox 1626 2198 1793 2254; x_wconf 86' lang='lat' dir='ltr'>multa</span> 
     </span>
     <span class='ocr_line' id='line_1_29' title="bbox 179 2275 1797 2348; baseline -0.003 -15"><span class='ocrx_word' id='word_1_203' title='bbox 179 2277 478 2333; x_wconf 87' lang='lat' dir='ltr'>eruditione</span> <span class='ocrx_word' id='word_1_204' title='bbox 505 2281 556 2329; x_wconf 90' lang='lat' dir='ltr'>et</span> <span class='ocrx_word' id='word_1_205' title='bbox 583 2275 839 2348; x_wconf 82' lang='lat' dir='ltr'>plurimis</span> <span class='ocrx_word' id='word_1_206' title='bbox 856 2277 1061 2332; x_wconf 90' lang='lat' dir='ltr'>artibus</span> <span class='ocrx_word' id='word_1_207' title='bbox 1082 2286 1135 2332; x_wconf 89' lang='lat' dir='ltr'>et</span> <span class='ocrx_word' id='word_1_208' title='bbox 1151 2277 1397 2332; x_wconf 90' lang='lat' dir='ltr'>omnium</span> <span class='ocrx_word' id='word_1_209' title='bbox 1422 2293 1604 2332; x_wconf 87' lang='lat' dir='ltr'>rerum</span> <span class='ocrx_word' id='word_1_210' title='bbox 1622 2275 1797 2329; x_wconf 86' lang='lat' dir='ltr'>scien-</span> 
     </span>
     <span class='ocr_line' id='line_1_30' title="bbox 178 2351 1798 2423; baseline -0.001 -17"><span class='ocrx_word' id='word_1_211' title='bbox 178 2354 252 2408; x_wconf 86' lang='lat' dir='ltr'>tia</span> <span class='ocrx_word' id='word_1_212' title='bbox 273 2352 508 2408; x_wconf 83' lang='lat' dir='ltr'>exundat</span> <span class='ocrx_word' id='word_1_213' title='bbox 525 2358 577 2405; x_wconf 90' lang='lat' dir='ltr'>et</span> <span class='ocrx_word' id='word_1_214' title='bbox 595 2353 848 2407; x_wconf 87' lang='lat' dir='ltr'>exuberat</span> <span class='ocrx_word' id='word_1_215' title='bbox 869 2351 958 2407; x_wconf 89' lang='lat' dir='ltr'>illa</span> <span class='ocrx_word' id='word_1_216' title='bbox 977 2352 1311 2408; x_wconf 87' lang='lat' dir='ltr'>admirabilis</span> <span class='ocrx_word' id='word_1_217' title='bbox 1332 2351 1659 2423; x_wconf 87' lang='lat' dir='ltr'>eloquentia:</span> <span class='ocrx_word' id='word_1_218' title='bbox 1702 2367 1798 2404; x_wconf 86' lang='lat' dir='ltr'>ne-</span> 
     </span>
     <span class='ocr_line' id='line_1_31' title="bbox 181 2426 1797 2501; baseline -0.004 -17"><span class='ocrx_word' id='word_1_219' title='bbox 181 2445 288 2501; x_wconf 90' lang='lat' dir='ltr'>que</span> <span class='ocrx_word' id='word_1_220' title='bbox 306 2427 530 2484; x_wconf 86' lang='lat' dir='ltr'>oratoris</span> <span class='ocrx_word' id='word_1_221' title='bbox 549 2426 634 2483; x_wconf 86' lang='lat' dir='ltr'>vis</span> <span class='ocrx_word' id='word_1_222' title='bbox 658 2437 710 2482; x_wconf 90' lang='lat' dir='ltr'>et</span> <span class='ocrx_word' id='word_1_223' title='bbox 731 2426 973 2493; x_wconf 84' lang='lat' dir='ltr'>facultas,</span> <span class='ocrx_word' id='word_1_224' title='bbox 998 2429 1139 2483; x_wconf 90' lang='lat' dir='ltr'>sicut</span> <span class='ocrx_word' id='word_1_225' title='bbox 1162 2435 1457 2482; x_wconf 88' lang='lat' dir='ltr'>ceterarum</span> <span class='ocrx_word' id='word_1_226' title='bbox 1483 2444 1686 2490; x_wconf 89' lang='lat' dir='ltr'>rerum,</span> <span class='ocrx_word' id='word_1_227' title='bbox 1702 2443 1797 2479; x_wconf 84' lang='lat' dir='ltr'>an-</span> 
     </span>
     <span class='ocr_line' id='line_1_32' title="bbox 179 2501 1793 2577; baseline -0.002 -18"><span class='ocrx_word' id='word_1_228' title='bbox 179 2505 354 2577; x_wconf 83' lang='lat' dir='ltr'>gustis</span> <span class='ocrx_word' id='word_1_229' title='bbox 383 2511 434 2558; x_wconf 91' lang='lat' dir='ltr'>et</span> <span class='ocrx_word' id='word_1_230' title='bbox 461 2503 718 2569; x_wconf 83' lang='lat' dir='ltr'>brevibus</span> <span class='ocrx_word' id='word_1_231' title='bbox 747 2504 990 2558; x_wconf 88' lang='lat' dir='ltr'>terminis</span> <span class='ocrx_word' id='word_1_232' title='bbox 1017 2503 1281 2572; x_wconf 89' lang='lat' dir='ltr'>cluditur;</span> <span class='ocrx_word' id='word_1_233' title='bbox 1322 2501 1419 2558; x_wconf 90' lang='lat' dir='ltr'>sed</span> <span class='ocrx_word' id='word_1_234' title='bbox 1438 2502 1493 2566; x_wconf 22' lang='lat' dir='ltr'>is*</span> <span class='ocrx_word' id='word_1_235' title='bbox 1506 2509 1585 2558; x_wconf 84' lang='lat' dir='ltr'>est</span> <span class='ocrx_word' id='word_1_236' title='bbox 1602 2509 1793 2564; x_wconf 85' lang='lat' dir='ltr'>orator,</span> 
     </span>
     <span class='ocr_line' id='line_1_33' title="bbox 179 2577 1797 2652; baseline -0.002 -19"><span class='ocrx_word' id='word_1_237' title='bbox 179 2579 278 2652; x_wconf 90' lang='lat' dir='ltr'>qui</span> <span class='ocrx_word' id='word_1_238' title='bbox 307 2577 374 2632; x_wconf 89' lang='lat' dir='ltr'>de</span> <span class='ocrx_word' id='word_1_239' title='bbox 397 2578 553 2634; x_wconf 89' lang='lat' dir='ltr'>omni</span> <span class='ocrx_word' id='word_1_240' title='bbox 583 2579 894 2652; x_wconf 89' lang='lat' dir='ltr'>quaestione</span> <span class='ocrx_word' id='word_1_241' title='bbox 917 2577 1104 2652; x_wconf 87' lang='lat' dir='ltr'>pulcre</span> <span class='ocrx_word' id='word_1_242' title='bbox 1134 2587 1185 2634; x_wconf 90' lang='lat' dir='ltr'>et</span> <span class='ocrx_word' id='word_1_243' title='bbox 1208 2585 1389 2634; x_wconf 89' lang='lat' dir='ltr'>ornate</span> <span class='ocrx_word' id='word_1_244' title='bbox 1416 2585 1465 2632; x_wconf 90' lang='lat' dir='ltr'>et</span> <span class='ocrx_word' id='word_1_245' title='bbox 1484 2577 1550 2633; x_wconf 90' lang='lat' dir='ltr'>ad</span> <span class='ocrx_word' id='word_1_246' title='bbox 1574 2593 1797 2649; x_wconf 85' lang='lat' dir='ltr'>persua-</span> 
     </span>
     <span class='ocr_line' id='line_1_34' title="bbox 181 2652 1797 2728; baseline -0.001 -20"><span class='ocrx_word' id='word_1_247' title='bbox 181 2653 417 2709; x_wconf 88' lang='lat' dir='ltr'>dendum</span> <span class='ocrx_word' id='word_1_248' title='bbox 447 2663 567 2727; x_wconf 90' lang='lat' dir='ltr'>apte</span> <span class='ocrx_word' id='word_1_249' title='bbox 585 2655 777 2721; x_wconf 84' lang='lat' dir='ltr'>dicere,</span> <span class='ocrx_word' id='word_1_250' title='bbox 803 2672 902 2727; x_wconf 87' lang='lat' dir='ltr'>pro</span> <span class='ocrx_word' id='word_1_251' title='bbox 929 2655 1187 2728; x_wconf 87' lang='lat' dir='ltr'>dignitate</span> <span class='ocrx_word' id='word_1_252' title='bbox 1206 2671 1405 2720; x_wconf 87' lang='lat' dir='ltr'>rerum,</span> <span class='ocrx_word' id='word_1_253' title='bbox 1428 2652 1496 2708; x_wconf 91' lang='lat' dir='ltr'>ad</span> <span class='ocrx_word' id='word_1_254' title='bbox 1516 2653 1797 2710; x_wconf 86' lang='lat' dir='ltr'>utilitatem</span> 
     </span>
    </p>
   </div>
   <div class='ocr_carea' id='block_1_4' title="bbox 183 2729 1493 2806">
    <p class='ocr_par' dir='ltr' id='par_1_5' title="bbox 183 2729 1493 2806">
     <span class='ocr_line' id='line_1_35' title="bbox 183 2729 1493 2806; baseline 0.001 -21"><span class='ocrx_word' id='word_1_255' title='bbox 183 2738 502 2803; x_wconf 87' lang='lat' dir='ltr'>temporum,</span> <span class='ocrx_word' id='word_1_256' title='bbox 523 2748 650 2788; x_wconf 89' lang='lat' dir='ltr'>cum</span> <span class='ocrx_word' id='word_1_257' title='bbox 669 2730 938 2806; x_wconf 82' lang='lat' dir='ltr'>voluptate</span> <span class='ocrx_word' id='word_1_258' title='bbox 955 2730 1291 2788; x_wconf 77' lang='lat' dir='ltr'>audientium</span> <span class='ocrx_word' id='word_1_259' title='bbox 1306 2729 1493 2806; x_wconf 78' lang='lat' dir='ltr'>possit.</span> 
     </span>
    </p>
   </div>
  </div>
 </body>
</html>
