2081 3038
238 221 510 298 (A.u.837.)
585 229 1002 276 AGRICOLA.
1045 229 1201 277 cAP.
1245 229 1487 278 ηιμ-30.
1738 223 1836 278 289

69 363 74 368 ·
159 379 166 384 .
239 341 341 389 tur.
392 331 516 386 Mox
535 329 636 386 hac
657 338 818 402 atque
836 327 926 385 illa
948 330 1104 402 rapti,
1128 338 1321 384 etcum
1342 328 1614 405 plerisque
1631 331 1842 387 Britan-

238 424 451 472 norum,
483 423 583 460 sua
611 404 1022 472 defensantium,
1053 405 1255 477 proelio
1280 408 1570 478 congressi,
1602 425 1663 462 ac
1682 424 1841 480 saepe

239 484 482 546 victores,
515 479 802 553 aliquando
833 479 998 552 pulsi,
1031 497 1093 534 eo
1112 481 1497 556 adaextremum
1516 485 1727 553 inopiae
1747 499 1838 537 ve·

238 574 382 622 nere,
416 563 476 612 ut
501 557 902 613 infirmissimos
930 573 1176 621 suorum,
1208 573 1334 610 mox
1356 564 1495 610 sorte
1516 556 1724 621 ductos,
1747 575 1843 614 ve-

237 641 528 688 scerentur.
608 631 784 704 Atque
803 632 874 686 ita
891 629 1236 686 circumvecti
1253 631 1601 694 Britanniam,
1625 633 1841 688 amissis

237 725 334 781 per
351 709 620 763 inscitiam
641 706 860 780 regendi
878 707 1130 772 navibuS,
1152 723 1251 777 pro
1268 705 1627 777 praedonibus
1650 706 1838 773 habiti,

236 787 476 857 primum
505 801 536 837 a
557 782 778 847 ‘SueviS,
829 799 956 837 mox
981 800 1012 837 a
1035 781 1227 836 Frisiis
1247 783 1520 852 intercepti
1541 789 1686 836 sunt.
1765 781 1845 837 Ac

237 859 406 924 fuere,
439 875 576 930 quos
603 875 699 930 per
717 857 1034 913 commercia
1058 857 1426 922 venumdatos,
1458 858 1587 912 etin
1605 865 1841 911 nostram

239 951 415 1006 usque
439 934 611 1005 ripam
632 932 924 988 mutatione
947 933 1241 988 ementium
1262 931 1536 996 abductoS,
1579 932 1843 987 indicium

239 1011 369 1065 tanti
390 1027 547 1064 casus
567 1008 891 1065 inlustravit.
970 1009 1129 1063 Initio
1148 1009 1360 1062 aestatis
1381 1006 1645 1082 Agricola,
1660 1008 1844 1062 dome-

237 1088 369 1141 stico
406 1085 629 1141 vulnere
666 1085 825 1151 ieme,
868 1101 1008 1140 anno
1046 1091 1167 1138 ante
1202 1091 1387 1140 natum
1425 1082 1599 1139 filium
1636 1083 1836 1138 amisit.

237 1160 408 1228 Quem
431 1178 616 1217 casum
640 1177 835 1232 neque,
858 1169 920 1215 ut
933 1159 1179 1232 plerique
1196 1158 1411 1216 fortium
1432 1160 1692 1224 virorum,
1725 1175 1840 1213 am-

236 1237 446 1302 bitiose,
475 1253 651 1308 neque
678 1252 772 1307 per
798 1234 1027 1290 lamenta
1047 1253 1237 1292 rursus
1256 1253 1317 1290 ae
1334 1253 1625 1291 maerorem
1646 1234 1842 1304 mulie-

236 1311 400 1366 briter
422 1312 562 1366 tulit.
639 1312 708 1364 Et
727 1312 783 1364 in
804 1309 950 1374 luctu
971 1309 1177 1365 bellum
1197 1312 1334 1366 inter
1352 1312 1588 1367 remedia
1605 1321 1734 1366 erat.

347 1389 433 1442 29.
477 1387 644 1458 Igitur
681 1386 974 1456 praemissa
1015 1383 1205 1448 classe,
1246 1398 1385 1456 quae
1422 1385 1673 1456 pluribus
1712 1385 1842 1442 locis

238 1459 504 1534 praedata,
535 1476 794 1533 magnum
815 1466 867 1512 et
885 1460 1147 1513 incertum
1168 1465 1419 1513 terrorem
1441 1458 1650 1524 faceret,
1682 1477 1844 1532 expe-

239 1536 348 1591 dito
363 1536 618 1599 exercitu,
647 1535 736 1589 cui
755 1551 825 1588 ex
841 1534 1110 1588 Britannis
1130 1532 1447 1589 fortissimos
1466 1543 1518 1590 et
1538 1534 1693 1610 longa
1714 1552 1845 1607 pace

239 1609 535 1682 exploratos
567 1609 855 1675 addiderat,
887 1608 955 1663 ad
976 1619 1210 1664 montem
1232 1608 1551 1681 Grampium
1576 1613 1839 1683 pervenit,

240 1703 404 1759 quem
427 1687 532 1739 iam
553 1685 732 1739 hostes
750 1683 1071 1740 insederant.
1142 1684 1278 1737 Nam
1297 1684 1556 1749 Britanni,
1580 1685 1715 1741 nihil
1738 1685 1844 1740 fra-

238 1762 308 1815 cti
328 1777 542 1833 pugnae
560 1760 754 1831 prioris
774 1769 988 1824 eventu,
1003 1768 1055 1814 et
1072 1758 1330 1815 ultionem
1352 1769 1442 1816 aut
1458 1763 1737 1817 servitium
1750 1779 1845 1817 ex·-

238 1845 554 1909 spectanteS,
579 1834 902 1907 tandemque
918 1835 1079 1900 docti,
1092 1852 1377 1891 commune
1396 1835 1695 1907 periculum
1716 1854 1844 1892 con-

239 1910 415 1967 cordia
437 1909 881 1982 propulsandum,
901 1910 1257 1985 legationibus
1277 1919 1329 1965 et
1346 1910 1647 1965 foederibus
1667 1912 1843 1967 omni-

241 2005 334 2042 um
353 1987 631 2041 civitatum
652 1987 795 2041 vires
816 1988 1136 2041 exciverant.
1204 1988 1425 2059 Iamque
1444 2002 1607 2059 super
1626 1988 1843 2059 triginta

239 2061 409 2117 millia
447 2070 770 2117 armatorum
807 2062 1257 2133 adspiciebantur,
1296 2069 1348 2117 et
1376 2061 1553 2117 adhue
1579 2060 1843 2117 adfluebat

236 2139 414 2195 omnis
451 2139 725 2202 iuventuS,
769 2145 819 2192 et
845 2136 1049 2209 quibus
1074 2137 1239 2192 cruda
1268 2154 1330 2192 ac
1356 2137 1547 2194 viridis
1571 2145 1838 2203 senectus,

237 2213 365 2269 clari
387 2212 545 2277 bello,
565 2230 625 2267 ac
643 2230 740 2267 sua
762 2215 998 2285 quisque
1015 2212 1202 2268 decora
1221 2221 1516 2286 gestantes:
1558 2230 1682 2267 cum
1704 2214 1843 2267 inter

236 2290 420 2362 plures
440 2288 604 2342 duces
626 2289 820 2343 virtute
839 2298 890 2343 et
907 2304 1103 2361 genere
1124 2296 1397 2359 praestans
1418 2290 1633 2343 nomine
1653 2285 1843 2361 Calga-

221 2382 335 2420 ·eus
373 2362 518 2434 apud
546 2372 864 2418 contractam
897 2362 1298 2419 multitudinem
1325 2363 1591 2436 proelium
1617 2380 1844 2436 poscen-

239 2448 344 2495 tem
366 2440 424 2494 in
444 2439 591 2493 hunc
612 2438 830 2493 modum
852 2439 1061 2495 locutus
1083 2437 1277 2495 fertur:

348 2518 429 2569 30.
477 2514 722 2580 Quotiens
762 2532 976 2569 caussas
1009 2517 1131 2569 belli
1156 2524 1205 2569 et
1230 2518 1583 2569 necessitatem
1610 2523 1844 2571 nostram

237 2594 458 2653 intueor,
489 2606 712 2659 magmas
738 2592 867 2644 mihi
890 2594 1099 2645 animus
1128 2598 1219 2653 est,
1242 2593 1544 2645 hodiernum
1562 2594 1697 2645 diem
1720 2607 1842 2645 con-

237 2680 541 2733 sensumque
567 2674 794 2721 vestrum
820 2670 1028 2719 initium
1062 2668 1319 2720 libertatis
1348 2669 1505 2721 totius
1531 2666 1845 2721 Britanniae

240 2739 366 2864 forre}-
445 2739 657 2869 Namnet
683 2745 915 2797 universi
932 2744 1201 2797 servitutis
1218 2750 1472 2868 emper-fles,
1496 2750 1545 2795 et
1564 2744 1739 2797 nullae
1756 2744 1844 2797 ut-

365 2830 533 2869 Acrrus
625 2855 640 2869 .
