2081 3038
231 205 326 261 308
707 210 806 258 nn
845 194 1385 259 ona-romnus

228 313 338 386 gito
358 311 716 367 demonstrat?
753 311 1004 369 Advenae
1022 330 1241 386 quoque
1258 321 1313 367 et
1334 311 1624 386 peregrini,
1647 311 1755 366 iam
1778 314 1835 368 in

228 387 542 457 municipiis
573 396 625 442 et
651 387 876 444 coloniis
903 388 1022 444 suis
1054 389 1281 455 auditos,
1319 405 1443 443 cum
1473 387 1714 460 primum
1745 407 1838 442 ur-

227 463 350 518 bem
374 463 692 536 adtigerunt,
723 465 1008 536 requirunt
1035 482 1098 520 ac
1126 463 1310 521 vultus
1338 481 1623 538 agnoscere
1642 481 1839 519 concu-

226 539 460 609 piscant.

339 619 390 670 8.
432 615 625 670 Ausim
647 615 978 682 contendere,
1001 614 1311 671 Marcellum
1332 614 1481 670 hunc
1496 614 1749 686 Eprium,
1774 615 1839 670 de

229 709 337 764 quo
365 692 522 746 modo
550 690 758 746 locutus
785 708 931 756 sum,
973 698 1024 745 et
1044 690 1295 762 Crispum
1318 691 1538 746 Vibium
1562 689 1837 762 (libentius

227 767 372 822 enim
403 767 557 822 novis
587 774 638 821 et
664 766 986 834 recentibus„
1027 783 1191 838 quam
1224 767 1439 821 remotis
1470 773 1520 822 et
1544 764 1837 822 obliteratis

228 842 490 914 exemplis
521 840 656 914 utor)
697 859 804 896 non
835 842 1018 896 minus
1048 843 1197 896 nosci
1224 842 1279 897 in
1310 843 1563 896 extremis
1592 842 1837 913 partibus

227 928 509 983 terrarum,
551 935 715 989 quam
739 917 952 987 Capuae
971 925 1063 972 aut
1082 915 1355 982 VercelliS,
1398 917 1495 972 ubi
1518 918 1622 972 nati
1646 917 1839 971 dicun-

227 1003 332 1049 tur.
414 995 523 1047 Nee
561 993 661 1047 hoe
703 991 809 1046 illis
847 992 1066 1048 alterius
1108 1001 1183 1048 ter
1224 991 1443 1058 millies,
1479 990 1719 1067 [alterius
1750 994 1835 1047 bis

227 1066 443 1143 millies]
487 1068 790 1122 sestertium
829 1075 1059 1138 praestat
1085 1067 1436 1141 (quamquam
1466 1068 1533 1122 ad
1562 1068 1661 1122 has
1689 1069 1835 1138 ipsas

225 1162 353 1214 opes
375 1150 598 1214 possunt
621 1142 789 1198 videri
815 1142 1147 1216 eloquentiae
1167 1143 1423 1199 beneficio
1444 1143 1675 1216 venisse)
1698 1141 1832 1220 [sed]

227 1221 344 1290 ipsa
381 1218 708 1291 eloquentia:
771 1218 928 1273 cuius
969 1236 1171 1276 numen
1198 1227 1249 1274 et
1283 1219 1524 1274 caelestis
1552 1219 1636 1274 vis
1666 1217 1833 1274 multa

226 1293 444 1366 quidem
475 1293 726 1348 omnibus
757 1293 986 1348 saeculis
1007 1293 1251 1367 exempla
1271 1294 1454 1361 edidit,
1490 1294 1557 1353 ad
1577 1305 1835 1367 quantam

226 1386 402 1441 usque
441 1368 705 1425 fortunam
734 1368 980 1426 homines
1009 1370 1215 1444 ingenii
1233 1371 1444 1426 viribus
1464 1371 1830 1442 pervenerint3

225 1445 321 1500 sed
349 1446 497 1507 haec.
540 1453 600 1500 ut
627 1463 788 1517 supra
819 1447 956 1512 dixi,
993 1447 1228 1521 propria,
1272 1454 1322 1502 et
1350 1463 1490 1518 quae
1519 1463 1623 1502 non
1647 1445 1833 1502 auditu

225 1522 606 1596 cognoscenda,
647 1522 742 1577 scd
781 1522 952 1578 oculis
987 1523 1273 1595 spectanda
1306 1522 1591 1577 habemus.
1670 1523 1829 1591 Nam,

225 1615 334 1670 quo
355 1598 624 1653 sordidius
645 1606 695 1653 et
713 1598 970 1673 abiectius
991 1599 1101 1654 nati
1128 1606 1275 1664 sunt,
1307 1614 1525 1671 quoque
1550 1598 1833 1653 notabilior

225 1682 508 1745 paupertas
539 1681 589 1728 et
617 1674 864 1747 angustia
891 1691 1073 1729 rerum
1102 1682 1378 1729 nascentes
1406 1691 1495 1729 eos
1519 1675 1833 1729 circumste-

225 1756 428 1817 terunt;
472 1766 534 1804 eo
553 1748 790 1814 clariora,
807 1757 858 1803 et
875 1748 943 1803 ad
962 1748 1429 1805 demonstrandam
1449 1750 1705 1807 oratoriae
1724 1749 1835 1805 elo-

225 1824 476 1898 quentiae
495 1823 774 1879 utilitatem
797 1823 1104 1879 inlustriora
1124 1824 1366 1897 exempla
1392 1832 1547 1894 sunt3
1590 1824 1737 1896 quod
1757 1827 1835 1881 si-

225 1916 293 1955 ne
330 1901 786 1956 commendatione
815 1898 1095 1967 natalium,
1138 1901 1256 1955 sine
1283 1900 1581 1956 substantia
1612 1900 1834 1955 faculta-

225 1985 361 2042 tum,
404 1983 590 2031 neuter
630 1975 872 2030 moribus
911 1976 1181 2048 egregius,
1220 1974 1349 2031 alter
1388 1974 1575 2031 habitu
1612 1993 1833 2049 quoque

223 2052 458 2124 eorporis
479 2058 832 2121 contemptus,
863 2067 960 2121 per
986 2048 1183 2106 multos
1208 2051 1318 2106 iam
1339 2068 1505 2107 annos
1526 2052 1833 2123 potentissi-

225 2130 299 2183 mi
321 2133 449 2183 sunt
468 2126 716 2190 civitatiS,
747 2143 826 2190 ac,
851 2125 1018 2181 donec
1039 2126 1217 2192 libuit,
1241 2128 1513 2199 principes
1536 2126 1654 2193 fori,
1686 2145 1833 2182 nunc

223 2204 492 2274 principes
512 2202 569 2256 in
593 2200 833 2257 Caesaris
854 2201 1107 2268 amicitia,
1126 2210 1292 2275 agunt
1310 2200 1595 2275 feruntque
1616 2212 1829 2267 cuncta,

223 2287 382 2350 atque
420 2278 488 2333 ab
525 2278 646 2347 ipso
681 2276 923 2348 principe
960 2295 1085 2331 cum
1116 2276 1347 2349 quadam
1378 2278 1673 2332 reverentia
1706 2278 1834 2333 dili-

221 2362 452 2426 guntur;
495 2354 624 2424 quia
653 2353 1033 2424 Vespasianus,
1078 2352 1395 2409 venerabilis
1422 2371 1588 2409 senex
1616 2361 1667 2407 et
1693 2354 1833 2425 pati-

225 2429 538 2483 entissimus
561 2428 693 2493 veri,
717 2428 854 2482 bene
873 2428 1143 2501 intelligit,
1167 2436 1366 2483 ceteros
1385 2429 1606 2501 quidem
1628 2430 1831 2484 amicos

221 2520 350 2557 suos
371 2503 468 2556 niti
489 2504 579 2568 iis,
611 2520 751 2575 quae
772 2503 840 2557 ab
861 2503 978 2575 ipso
997 2503 1313 2575 acceperint,
1338 2520 1585 2576 quaeque
1607 2504 1715 2577 ipsi
1736 2504 1833 2560 ad-

223 2576 500 2630 cumulare
517 2586 568 2631 et
598 2579 654 2631 in
671 2578 802 2633 alios
823 2596 1107 2653 congerere
1126 2587 1435 2651 promptum
1458 2586 1565 2633 est:
1608 2578 1833 2635 Marcel-

223 2648 338 2701 lum
367 2658 545 2704 autem
573 2659 624 2706 et
651 2651 902 2723 Crispum
961 2654 1219 2709 adtulisse
1249 2654 1315 2708 ad
1335 2654 1625 2709 amicitiam
1649 2672 1828 2721 suam,

223 2722 368 2775 mmd
387 2740 493 2779 non
514 2742 545 2777 a
563 2727 806 2797 principe
829 2730 1143 2799 acceperint,
1174 2746 1272 2785 nec
1290 2729 1458 2800 accipi
1476 2730 1665 2801 possit.
1728 2730 1781 2785 M
1787 2731 1833 2784 i·-
