2081 3038
287 266 354 321 20
854 271 1327 318 ANNALIUM
1616 262 1894 336 (mnam.

399 370 485 423 28.
527 367 745 426 Noctem
773 373 1036 427 minacem
1068 381 1117 427 et
1142 372 1199 427 in
1228 370 1403 427 scelus
1432 378 1743 443 erupturam
1782 370 1895 427 fors

288 441 503 497 lenivit:
537 460 663 497 nam
685 445 812 503 luna
831 446 974 502 claro
991 455 1207 519 repente
1226 446 1369 503 coelo
1388 448 1505 501 visa
1528 444 1889 519 languescere.

289 516 348 572 Id
376 516 531 571 miles
548 558 563 583 ‚
595 520 814 577 rationis
833 519 1056 595 ignarus
1071 564 1084 587 ‚
1106 538 1263 577 omen
1283 524 1644 593 praesentium
1666 522 1889 593 accepit,

287 592 407 646 suis
423 591 694 651 laboribus
715 595 1060 653 defectionem
1080 597 1271 651 sideris
1292 595 1623 651 adsimulans
1638 636 1652 659 ,
1670 612 1891 663 prospe·

285 684 442 735 reque
462 684 687 735 cessura,
702 690 835 741 quae
848 681 1135 741 perpererit,
1156 678 1205 726 si
1222 676 1397 741 sulyor
1416 681 1475 742 et,
1484 674 1745 726 claritudo
1762 675 1894 729 deae

285 747 610 797 redderetur.
688 748 857 821 Igitur
885 747 1022 803 aeris
1050 764 1207 812 sono,
1238 746 1488 801 tubarum
1516 761 1893 816 cornuumque

289 826 544 873 concentu
565 828 824 894 strepere:
858 830 1016 893 prout
1032 821 1359 893 splendidior
1376 820 1719 875 obscuriorve
1734 860 1748 884 ‚
1782 819 1893 874 lae-

288 895 385 948 tari
415 903 507 949 aut
531 911 792 964 maerere3
837 905 888 951 et
913 903 1195 968 postquam
1216 904 1357 951 ortae
1378 896 1549 950 nubes
1566 894 1784 950 offecere
1806 896 1892 948 vi-

285 970 403 1033 sui,
437 968 806 1042 creditumque
833 970 1097 1025 conditam
1124 970 1387 1036 tenebris,
1417 978 1477 1025 ut
1503 978 1631 1025 sunt
1660 968 1889 1024 mobiles

287 1044 355 1097 ad
373 1046 806 1115 superstitionem
825 1044 1100 1117 perculsae
1116 1044 1283 1099 semel
1311 1052 1513 1101 mentes
1528 1087 1541 1110 ‚
1582 1046 1686 1099 sibi
1710 1054 1891 1099 aete-r-

285 1136 412 1171 num
437 1122 662 1175 laborem
677 1124 942 1189 portendi,
974 1137 1075 1175 sua
1098 1124 1340 1191 facinora
1362 1124 1603 1176 aversari
1632 1122 1776 1182 deos,
1812 1119 1891 1173 la-

290 1200 610 1250 mentantur.
690 1195 957 1251 Utendum
977 1193 1319 1251 inclinatione
1336 1211 1397 1250 ea
1416 1194 1627 1259 Caesar,
1650 1202 1721 1257 et,
1744 1210 1889 1265 quae

205 1328 208 1331 ,
287 1285 444 1323 casus
463 1268 744 1335 obtulerat,
768 1272 826 1325 in
847 1272 1162 1342 sapientiam
1185 1270 1431 1325 vertenda
1452 1278 1599 1325 ratus
1616 1310 1629 1333 ,
1650 1270 1886 1323 circum—

285 1346 351 1398 iri
374 1345 594 1400 tentoria
611 1346 777 1402 iubet.
857 1346 1073 1401 Accitur
1092 1346 1331 1401 centurio
1349 1344 1593 1400 Clemens
1610 1386 1623 1409 ,
1644 1352 1697 1397 et
1716 1345 1761 1397 si
1786 1346 1883 1414 qui

283 1419 376 1474 alii
397 1419 552 1475 bonis
573 1422 778 1476 artibus
796 1421 932 1494 grati
952 1421 1010 1475 in
1031 1419 1259 1493 vulgus:
1304 1419 1363 1475 hi
1392 1418 1595 1493 vigiliis
1608 1460 1621 1483 ‚
1644 1419 1887 1473 stationi-

285 1495 417 1561 buS,
461 1496 716 1552 custodiis
746 1503 1019 1568 portarum
1058 1511 1117 1550 se
1144 1495 1415 1560 inserunt,
1456 1510 1607 1566 spem
1632 1493 1881 1558 offerunt.

287 1580 487 1626 metum
507 1571 806 1628 intendunt.
891 1571 1165 1641 Quousque
1190 1574 1356 1640 filium
1382 1571 1719 1638 Imperatoris
1743 1572 1883 1622 obei-

283 1645 550 1700 debimus?
589 1651 706 1716 quis
727 1651 1066 1702 certaminum
1092 1643 1251 1716 finis?
1288 1645 1633 1700 Percennione
1648 1653 1698 1697 et
1725 1645 1883 1698 Vibu-

283 1723 398 1773 leno
411 1731 792 1776 sacramentum
809 1725 1007 1777 dicturi
1021 1718 1239 1776 summ?
1275 1719 1586 1776 Percennius
1602 1728 1653 1773 et
1682 1719 1885 1772 Vibule-

281 1811 380 1846 nus
397 1798 656 1862 stipendia
674 1799 937 1859 militibus,
961 1811 1119 1864 aqu-os
1137 1799 1363 1850 emeritis
1382 1791 1711 1864 larqientur?
1734 1797 1883 1846 deni-

283 1885 406 1936 que,
443 1885 542 1936 pro
567 1867 860 1926 Neronibus
886 1878 935 1924 et
961 1871 1178 1934 Drusie,
1219 1875 1493 1938 imperium
1528 1871 1709 1937 popula·
1740 1869 1880 1922 Rom.

283 1941 583 2008 capessent?
641 1944 778 2009 Quin
808 1949 1008 2012 potius,
1047 1954 1107 1999 ut
1138 1949 1407 2000 novissimi
1435 1950 1491 2000 in
1530 1947 1735 2012 culpam
1750 1985 1763 2006 ,
1804 1949 1883 1997 ita

278 2021 439 2084 primi
457 2022 530 2071 ad
543 2017 1139 2086 poenitentiamwmus?
1163 2021 1339 2074 Tarda
1354 2028 1495 2082 erint,
1514 2023 1722 2088 quaein
1744 2035 1885 2072 com-

280 2109 431 2146 mune
451 2096 878 2160 expostulamur:
903 2098 1172 2164 privatam
1188 2098 1417 2164 qratiam
1436 2099 1613 2148 statim
1628 2110 1879 2156 mereare,

281 2171 458 2221 statim
475 2172 715 2236 recipias.
781 2168 1075 2226 Commotis
1094 2186 1189 2240 per
1206 2169 1339 2224 haec
1357 2169 1649 2234 mentibus,
1672 2177 1724 2222 et
1746 2169 1883 2222 inter

280 2257 341 2296 se
368 2243 629 2314 suspectis
644 2284 657 2310 ,
700 2244 928 2300 tironem
951 2261 983 2298 a
1010 2251 1257 2300 veterano
1270 2287 1284 2310 ‚
1326 2243 1588 2318 legionem
1615 2259 1645 2298 a
1666 2241 1885 2315 legione

281 2316 584 2373 dissociant.
664 2318 804 2374 Tum
852 2318 1024 2374 redire
1069 2319 1347 2390 paullatim
1394 2337 1545 2374 amor
1598 2317 1879 2388 obsequii:

279 2393 528 2448 omittunt
545 2400 750 2464 portas3
785 2394 958 2466 signa,
983 2411 1157 2449 unum
1178 2396 1235 2449 in
1256 2393 1432 2450 locum-
1453 2393 1717 2464 principio
1737 2392 1884 2448 sedi-

281 2467 438 2520 tionis
457 2475 787 2540 congregata‚
811 2484 938 2524 suas
957 2469 1014 2522 in
1035 2469 1188 2524 sedes
1209 2468 1458 2524 referunt.

389 2543 472 2596 29.
515 2542 742 2608 Drusus,
755 2549 868 2597 orto
885 2541 974 2596 die
993 2550 1046 2596 et
1065 2551 1243 2598 vocata
1263 2543 1881 2614 concione,quamquam

279 2611 428 2666 rudis
449 2613 687 2681 dicendi,
722 2615 991 2672 nobilitate
1009 2616 1271 2688 ingenita,
1294 2617 1503 2670 incuset
1517 2617 1693 2688 priora
1708 2658 1721 2680 ,
1755 2633 1884 2686 pro-

278 2687 368 2740 bat
392 2691 713 2757 praesentia:
756 2699 912 2764 negat
937 2707 996 2746 se
1025 2698 1222 2746 terrore
1241 2698 1299 2744 et
1316 2689 1479 2744 minis
1501 2692 1670 2746 vinci:
1714 2688 1883 2746 flexos

278 2760 342 2814 ad
363 2759 674 2818 modestiam
695 2766 743 2819 si
763 2766 956 2832 videat,
969 2766 1018 2820 si
1039 2765 1308 2837 supplices
1328 2762 1523 2829 audiat,
1544 2765 1883 2836 scripturum
