2081 3038
293 256 362 308 70
860 258 1338 308 ANNALmM
1624 248 1902 325 (suasa.

294 362 400 417 bus
421 360 599 417 verbis
619 359 867 418 Pisonem
885 361 1261 435 permulsisset
1274 404 1289 427 ‚
1330 361 1661 434 propinquos
1685 376 1907 435 quoque

295 438 414 492 eius
435 435 652 509 inpulit,
669 445 730 493 ut
747 436 1034 493 abeuntem
1056 437 1363 494 auctoritate
1380 435 1465 493 vel
1486 434 1739 508 precibus
1754 442 1908 491 tene-

293 519 430 567 rent.
509 511 664 567 Haud
691 513 876 569 minus
915 511 1069 569 liberi
1107 512 1305 569 doloris
1336 510 1723 567 documentum
1760 510 1906 567 idem

294 588 420 643 Piso
437 603 566 643 mox
579 585 753 653 dedit,
785 595 968 644 vocata
987 588 1046 643 in
1070 588 1161 643 ius
1178 586 1471 661 Urgulania
1484 628 1500 653 ,
1542 604 1711 660 quam
1741 602 1909 659 supra

298 662 442 737 leges
462 662 695 717 amicitia
716 662 993 737 Augustae
1021 660 1299 718 extulerat.
1376 662 1489 717 Nec
1506 670 1597 718 aut
1614 661 1909 737 Urgulania

296 737 710 811 obtemperavit,
745 738 802 793 in
821 738 1045 794 domum
1066 736 1307 794 Caesaris
1322 779 1335 803 ‚
1366 745 1543 810 spreto
1561 737 1752 793 Pisone
1766 778 1780 803 ,
1814 754 1911 793 ve·-

295 821 408 883 cta3
449 820 544 869 aut
558 812 653 869 ille
671 812 902 880 abstitit,
943 830 1278 887 quamquam
1299 812 1543 887 Augusta
1567 830 1624 868 ao
1645 816 1844 867 violari
1862 821 1911 867 et

297 892 539 944 imminui
595 895 927 962 quereretur.
1005 888 1256 944 Tiberius
1312 888 1571 943 hactenus
1626 885 1911 961 indulgere

297 964 456 1019 matri
475 960 634 1019 civile
654 971 801 1018 ratus
815 1004 828 1029 ,
862 970 950 1029 ut,
991 981 1047 1019 se
1068 964 1267 1019 iturum
1286 968 1359 1019 ad
1370 966 1637 1032 praetoris
1656 965 1909 1027 tribunal,

299 1043 606 1108 adfuturum
630 1040 976 1108 Urgulaniae,
1007 1038 1235 1104 diceret,
1265 1038 1524 1111 processit
1542 1035 1737 1110 palatio
1750 1079 1763 1102 ,
1786 1053 1915 1110 pro-

300 1113 387 1169 cul
415 1113 575 1186 sequi
614 1113 784 1169 iussis
822 1113 1109 1171 militibus.
1188 1112 1532 1186 spectabatur
1547 1154 1562 1180 ‚
1598 1121 1914 1169 occursante

299 1187 529 1260 popule,
565 1188 896 1262 compositus
915 1206 1006 1245 ore
1021 1231 1035 1256 ,
1082 1196 1135 1244 et
1152 1188 1491 1245 sermonibus
1513 1187 1677 1243 variis
1696 1194 1913 1260 tempus

301 1270 463 1336 atque
479 1263 580 1319 iter
597 1264 830 1320 ducens:
871 1264 1040 1321 donec
1053 1307 1067 1331 ,
1096 1264 1418 1338 propinquis
1438 1264 1687 1331 Pisonem
1713 1261 1915 1319 frustra

300 1338 666 1395 coercentibus
681 1380 696 1407 ,
718 1339 914 1396 deferri
934 1340 1178 1415 Augusta
1196 1339 1481 1412 pecuniam
1496 1380 1511 1405 ,
1538 1354 1678 1412 quae
1696 1338 1915 1412 peteba-

299 1422 409 1480 tur,
430 1413 657 1471 iuberet.
724 1416 887 1489 Isque
903 1415 1032 1471 finis
1052 1416 1157 1484 rei;
1182 1432 1250 1471 ex
1266 1432 1375 1489 qua
1394 1431 1574 1487 neque
1589 1414 1715 1469 Piso
1738 1412 1915 1489 inglo-

301 1489 438 1556 rius,
462 1496 515 1546 et
533 1488 729 1547 Caesar·
745 1492 946 1548 maiore
965 1490 1105 1546 fama
1126 1490 1246 1548 fuit.
1320 1490 1570 1548 Ceterum
1588 1488 1915 1565 Urgulaniae

301 1567 536 1638 potentia
554 1565 685 1623 adeo
699 1567 868 1623 nimia
884 1567 1087 1624 civitati
1104 1574 1233 1633 erat,
1246 1574 1311 1623 ut
1326 1566 1477 1623 testis
1490 1566 1549 1622 in
1568 1583 1759 1622 caussa
1776 1582 1917 1639 qua-

303 1641 429 1696 dam
442 1682 456 1707 ,
489 1658 630 1714 quae
647 1642 792 1714 apud
813 1651 1059 1698 senatum
1078 1642 1398 1698 tractabatur
1411 1683 1425 1708 ,
1454 1641 1641 1698 venire
1656 1640 1918 1716 dedigna-

305 1725 476 1772 retur:
501 1719 706 1772 missus
724 1723 806 1772 est
823 1725 1053 1790 praetor,
1074 1717 1174 1791 qui
1192 1716 1339 1774 domi
1358 1717 1733 1791 interrogaret:
1762 1733 1913 1783 cum,

305 1792 545 1864 virgines
563 1790 803 1847 Vestales
822 1793 880 1847 in
900 1791 1012 1848 foro
1031 1800 1087 1846 et
1102 1790 1304 1848 iudicio
1320 1791 1497 1848 audiri
1512 1831 1527 1858 ,
1558 1791 1809 1865 quotiens
1837 1799 1918 1846 te-

303 1865 622 1922 stimonium
637 1865 893 1932 dicerent,
919 1875 1075 1923 vetus
1094 1883 1210 1922 mos
1230 1866 1407 1923 fuerit.

417 1943 505 1996 35.
543 1941 650 1996 Res
667 1958 730 1997 eo
747 1959 889 1998 anno
905 1941 1135 2014 prolatas
1154 1941 1301 1998 haud
1319 1941 1591 2008 referrem,
1604 1941 1662 1997 ni
1680 1942 1916 2014 pretium

306 2015 438 2072 foret
452 2057 467 2082 ,
507 2015 608 2072 Cn.
630 2017 843 2074 Pisonis
871 2025 924 2073 et
940 2016 1118 2073 Asinii
1138 2015 1283 2074 Galli
1312 2035 1476 2091 super
1505 2035 1569 2074 eo
1594 2018 1805 2092 negotio
1832 2016 1918 2072 di-

305 2108 493 2148 versas
511 2093 800 2148 sententias
821 2110 1058 2149 noscere.
1137 2092 1287 2159 Piso,
1310 2111 1626 2164 quamquam
1643 2097 1919 2163 afuturum

307 2183 363 2221 ae
378 2171 594 2222 dimon-at
618 2167 842 2234 Caesar,
879 2171 944 2223 ob
975 2173 1031 2223 id
1058 2173 1226 2238 mayt's
1252 2173 1505 2238 aqendum
1530 2165 1805 2234 censebat,
1849 2176 1915 2231 et,

308 2245 515 2298 absente
527 2246 786 2312 principe,
807 2252 1045 2298 senatum
1063 2251 1113 2298 et
1136 2248 1331 2314 equites
1342 2260 1493 2313 posse
1511 2259 1611 2298 sua
1626 2246 1810 2298 munia
1826 2259 1919 2298 au-

309 2321 526 2382 stinere,
557 2321 800 2372 decorum
823 2321 1060 2388 reipubl.
1081 2323 1213 2388 sore.
1290 2316 1511 2385 Gallus3
1534 2317 1664 2391 quia
1680 2316 1918 2391 speciem

311 2388 570 2447 libertatis
588 2391 713 2448 Piso
740 2399 1103 2466 praeceperat,
1143 2397 1277 2449 nihil
1292 2398 1424 2450 satia
1446 2395 1693 2458 inlustre,
1734 2402 1831 2448 aut
1848 2409 1921 2446 0oe

310 2470 566 2536 dignitate
577 2470 762 2536 populi
781 2469 1018 2533 Romani,
1039 2471 1145 2523 nisi
1164 2485 1342 2524 coram
1358 2478 1409 2523 et
1424 2471 1520 2524 aab
1542 2469 1708 2523 oculis
1729 2465 1922 2524 caesa-

310 2547 420 2596 ria.-
466 2560 626 2612 eoque
661 2553 963 2598 conventum
1001 2544 1193 2598 Italiae
1226 2552 1275 2598 et
1308 2546 1587 2611 adfluentis
1615 2546 1923 2612 provincias

309 2623 638 2684 praesentiae
663 2623 776 2674 eius
801 2623 1064 2676 servanda
1090 2617 1315 2682 dicebat,
1393 2616 1657 2673 Audiente
1680 2617 1815 2674 hacc
1828 2616 1925 2672 Ti-

313 2690 464 2746 berio
491 2709 552 2746 ac
577 2690 770 2748 silente
797 2695 1008 2769 magnis
1036 2693 1293 2768 utrinque
1318 2691 1746 2750 contentionibus
1774 2699 1918 2748 acta:

315 2765 412 2822 sed
429 2779 516 2823 res
533 2765 744 2825 dilatae.
