2081 3038
295 250 358 303 ⁴8
857 221 1385 301 ANNALIUM‘
1620 248 1892 321 (nuder.

293 353 521 409 latebrae
548 361 749 422 texere,
781 371 890 411 uno
910 363 1109 411 retento
1129 354 1397 411 Clemente
1418 356 1553 411 lulio
1568 396 1581 422 ,
1604 357 1701 427 qui
1720 355 1897 427 perfe-

293 429 472 484 rendis
494 428 730 486 militum
749 430 1016 486 mandatis
1044 430 1337 486 habebatur
1365 431 1589 487 idoneus
1614 431 1683 487 ob
1709 450 1895 503 prom-

293 512 446 573 ptum
477 505 776 577 ingenium.
855 505 1000 573 Quin
1029 506 1180 577 ipsae
1205 508 1343 561 inter
1370 524 1429 561 se
1458 507 1689 580 legiones
1700 515 1893 561 octava

290 586 340 633 et
367 580 778 651 quintadecuma
808 580 1009 635 serrum
1029 582 1312 652 parabant:
1351 581 1483 636 dum
1506 581 1891 648 centurionem,

291 662 634 725 cognomento
653 655 923 728 Sirpicum
937 698 950 721 ,
972 655 1064 711 illa
1086 656 1243 711 morti
1264 655 1516 728 deposcit,
1538 656 1895 728 quintadecu-

291 730 435 783 mani
464 736 706 799 tuentur;
748 731 806 786 ni
834 730 998 785 miles.
1020 748 1265 787 nonanus
1290 748 1473 803 preces
1492 738 1568 796 et,
1600 730 1892 786 advorsum

290 804 640 875 aspernantis,
665 806 842 861 minas
861 802 1227 861 interiecisset.
1449 867 1460 877 ,

399 882 485 936 24.
527 880 666 935 Haec
683 880 861 935 audita
879 896 1215 952 quamquam
1236 878 1543 935 abstrusum
1564 887 1617 936 et
1642 881 1895 935 tristissi-

291 971 376 1007 ma
397 970 643 1025 quaeque
660 957 896 1010 maxime
913 955 1263 1010 occultantem
1284 954 1557 1009 Tiberium
1582 954 1891 1026 perpulere,

293 1037 347 1083 ut
367 1029 602 1083 Drusum
622 1028 797 1084 filium
817 1046 942 1083 cum
961 1030 1291 1101 primoribus
1312 1029 1539 1085 civitatis
1565 1029 1895 1103 duabusque

289 1104 561 1172 praetoriis
589 1104 894 1159 cohortibus
921 1105 1175 1169 mitteret,
1206 1104 1373 1161 nullis
1402 1105 1527 1157 satis
1554 1106 1711 1159 certis
1732 1123 1893 1161 man—

287 1177 450 1246 datis;
491 1195 560 1233 ex
589 1196 647 1234 re
675 1179 1067 1235 consulturum.
1144 1180 1215 1233 Et
1240 1178 1481 1234 cohortes
1497 1178 1695 1235 delecto
1716 1179 1893 1235 milite

287 1268 449 1324 supra
479 1253 697 1309 solitum
725 1254 980 1309 firmatae.
1058 1254 1289 1309 Additur
1315 1270 1507 1327 magna
1534 1270 1659 1325 pars
1679 1263 1891 1329 praeto-

287 1328 423 1382 riani
443 1328 640 1399 equitis
660 1337 711 1382 et
729 1329 914 1383 robora
936 1328 1324 1385 Germanorum
1341 1370 1353 1393 ,
1386 1328 1481 1401 qui
1502 1337 1617 1385 tum
1638 1330 1889 1384 custodes

287 1403 588 1473 imperatori
616 1402 858 1458 aderant:
892 1404 1055 1459 simul
1078 1405 1321 1477 praetorii
1344 1402 1663 1475 praefectus,
1696 1404 1887 1459 Aelius

287 1476 743 1552 SeianuS‚collega
752 1477 1163 1550 Straboni,patri
1183 1496 1301 1545 suo,
1324 1480 1501 1544 datus„
1525 1496 1717 1552 magna
1738 1479 1885 1551 apud

285 1553 559 1608 Tiberium
590 1555 922 1618 auctoritate,
957 1563 1121 1608 rector
1150 1556 1363 1620 iuveni,
1395 1563 1445 1608 et
1464 1556 1649 1610 ceteris
1668 1556 1887 1626 pericu-

287 1628 456 1682 lorum
475 1629 945 1702 praemiorumque
961 1637 1261 1685 ostentator.
1292 1631 1463 1686 Druso
1478 1628 1882 1701 propinquanti,

282 1703 440 1772 quasi
467 1719 562 1773 per
587 1703 826 1762 officium
845 1745 858 1767 ‚
889 1704 1079 1760 obviae
1108 1704 1254 1759 fuere
1276 1704 1535 1777 legioneS,
1568 1721 1673 1760 non
1694 1703 1879 1770 laetae,

286 1783 340 1830 ut
360 1775 586 1842 adsolet,
611 1794 788 1849 neque
805 1779 1114 1852 insignibus
1136 1778 1425 1852 fulgentem
1450 1778 1543 1834 sed
1566 1778 1771 1834 inluvie
1786 1779 1883 1834 de-

283 1849 466 1915 formi,
497 1858 548 1904 et
576 1850 759 1918 vultu,
801 1869 1133 1926 quamquam
1174 1855 1491 1910 maestitiam
1521 1855 1879 1921 imitarentur,

280 1926 642 1981 contumaciae
659 1927 949 1998 propiores,

390 2003 475 2058 25.
518 2001 808 2074 Postquam
836 2003 1039 2060 vallum
1077 2005 1301 2068 introiit,
1344 2012 1521 2074 portas
1561 2003 1881 2060 stationibus

279 2075 517 2134 firmant:
537 2077 724 2151 globos
745 2088 1067 2135 armatorum
1084 2079 1239 2132 certis
1256 2087 1549 2133 castrorum
1570 2078 1697 2133 locis
1712 2097 1883 2151 oppe-

279 2152 374 2205 riri
403 2151 617 2208 iubent:
661 2155 820 2208 ceteri
849 2150 1081 2209 tribunal
1111 2152 1315 2226 ingenti
1346 2154 1559 2226 agmine
1578 2154 1881 2209 circumve-

279 2227 450 2283 niunt.
530 2225 712 2282 Stabat
729 2229 956 2293 DrusuS,
980 2227 1255 2282 silentium
1276 2245 1439 2284 manu
1459 2245 1703 2300 poscens.
1764 2229 1875 2296 Illi,

275 2301 521 2370 quotiens
548 2301 730 2358 oculos
757 2302 824 2358 ad
863 2299 1259 2358 multitudinem
1300 2301 1611 2369 retulerant,
1652 2303 1879 2360 vocibus

279 2373 590 2432 truculentis
610 2384 868 2448 strepere3
900 2395 1119 2432 rursum
1135 2419 1148 2442 ,
1172 2379 1289 2434 viso
1310 2377 1531 2434 Caesare
1546 2419 1559 2444 ‚
1582 2377 1875 2450 trepidare:

275 2465 522 2506 murmur
561 2451 852 2508 incertum:
893 2458 1042 2508 atrox
1080 2453 1303 2516 clamor,
1348 2462 1399 2506 et
1438 2462 1650 2525 repente
1686 2455 1875 2526 quies:

271 2521 500 2578 diversis
533 2525 838 2582 animorum
875 2527 1137 2591 motibus,
1178 2528 1442 2598 pavebant
1480 2529 1875 2602 terrebantque.

273 2595 507 2651 Tandem
521 2639 536 2663 ,
567 2601 862 2673 interrupto
887 2599 1151 2667 tumultu,
1182 2600 1379 2658 litteras
1398 2606 1563 2675 patris
1586 2605 1793 2670 recitat,
1816 2607 1877 2660 in

271 2673 398 2741 quis
415 2675 773 2747 perscriptum
793 2684 930 2732 erat:
969 2677 1313 2746 Praecipuam
1338 2682 1441 2747 ipsi
1466 2683 1877 2749 fortissimarum

271 2748 526 2813 leqtonum
550 2765 728 2805 curam
741 2794 754 2814 ,
789 2753 1091 2821 quibuscum
1109 2754 1341 2821 plurima
1362 2756 1491 2807 bella
1524 2755 1874 2810 toleravisset:
