2081 3038
668 238 1089 286 DIALOGUS.
1131 238 1289 285 CAP.
1331 236 1410 287 ³⁷.
1739 234 1838 288 337

243 339 417 395 tribus
434 338 792 409 Epistolarum
814 341 1101 410 composita
1124 347 1174 393 et
1193 339 1326 394 edita
1349 346 1494 394 sunt.
1542 341 1624 394 Ex
1647 339 1732 393 his
1754 341 1839 395 in-

245 413 409 487 telligi
436 422 623 485 potest,
655 414 754 469 Cn.
778 414 1090 484 Pompeium
1113 422 1164 468 et
1183 414 1254 467 M.
1279 413 1554 473 Crassum,
1583 432 1684 469 non
1709 415 1840 469 viri-

244 488 347 544 bus
368 489 525 543 modo
543 496 593 544 et
611 490 796 553 armis,
820 488 915 543 sed
935 490 1151 560 ingenio
1168 506 1384 561 quoque
1403 498 1452 542 et
1471 491 1720 549 oratione.
1746 508 1840 543 va·

244 562 439 619 luisse:
482 562 735 618 Lentulos
752 572 803 617 et
820 563 1058 618 Metellos
1077 574 1127 617 et
1148 562 1398 617 Lucullos
1419 573 1470 617 et
1489 562 1765 625 CurioneS,
1790 572 1840 619 et

244 647 468 693 ceteram
494 655 772 709 procerum
794 655 1035 702 manum,
1067 638 1299 693 multum
1320 639 1375 692 in
1395 638 1481 692 his
1502 640 1694 691 studiis
1714 656 1841 709 ope-

245 730 334 767 rae
352 730 616 784 curaeque
634 713 904 784 posuisse:
930 730 1362 785 necquemquam
1386 713 1494 767 illis
1512 714 1840 783 temporibus

245 804 493 861 magnam
512 790 798 859 potentiam
818 788 937 843 sine
954 787 1132 860 aliqua
1155 788 1452 860 eloquentia
1471 797 1836 843 consecutum.

246 862 339 916 His
374 862 651 917 accedebat
686 862 935 933 splendor
963 880 1176 920 reorum
1201 872 1252 918 et
1281 863 1592 937 magnitudo
1625 880 1843 917 caussa·-
1898 890 1910 897 -

232 955 387 1002 rum,
428 954 567 1009 quae
602 948 655 993 et
687 938 836 1009 ipsae
864 936 1162 1010 plurimum
1195 938 1523 1009 eloquentiae
1554 947 1835 1009 praestant.

243 1012 378 1067 Nam
400 1012 628 1067 multum
651 1013 887 1079 interest,
914 1021 1169 1068 utrumne
1189 1013 1254 1068 de
1277 1011 1414 1069 furto
1431 1023 1524 1068 aut
1546 1010 1768 1067 formula
1791 1022 1842 1067 et

244 1087 517 1143 interdicto
533 1087 820 1143 dicendum
840 1088 1056 1150 habeas.
1080 1106 1146 1143 an
1165 1088 1235 1143 tle
1256 1088 1458 1143 ambitu
1477 1089 1834 1152 comitiorum,

240 1162 307 1217 de
344 1163 591 1234 expilatis
627 1164 788 1220 sociis
826 1172 877 1219 et
913 1164 1125 1220 civibus
1157 1164 1450 1219 trucidatis.
1531 1162 1678 1230 Quae
1701 1163 1838 1217 mala

241 1238 380 1293 sicut
407 1256 513 1293 non
542 1240 777 1295 accidere
806 1238 1000 1294 melius
1030 1247 1130 1303 est,
1170 1241 1326 1311 isque
1352 1240 1590 1311 optimus
1609 1241 1838 1294 civitatis

242 1320 409 1367 status
436 1312 735 1377 habendus,
774 1314 833 1368 in
862 1330 973 1385 quo
997 1313 1132 1367 nihil
1157 1313 1258 1368 tale
1277 1316 1536 1385 patimur:
1581 1317 1670 1377 ita,
1713 1330 1838 1369 cum

242 1386 555 1451 acciderent,
599 1388 866 1459 ingentem
908 1386 1240 1458 eloquentiae
1267 1392 1540 1441 materiam
1571 1389 1841 1443 submini-

242 1460 497 1515 strabant.
576 1460 778 1515 Crescit
812 1460 958 1515 enim
993 1478 1119 1515 cum
1157 1462 1510 1533 amplitudine
1547 1479 1722 1516 rerum
1758 1464 1840 1517 vis

244 1536 468 1610 ingenii,
510 1553 607 1591 nec
631 1537 924 1608 quisquam
953 1536 1150 1591 claram
1181 1547 1231 1592 et
1251 1537 1528 1592 inlustrem
1550 1540 1839 1594 orationem

244 1611 450 1666 efficere
467 1619 655 1682 potest,
695 1612 801 1666 nisi
829 1613 926 1684 qui
946 1629 1192 1666 caussam
1217 1629 1398 1683 parem
1421 1614 1642 1668 invenit.
1723 1613 1839 1669 Non

242 1686 430 1758 opinor
458 1685 863 1743 Demosthenem
886 1690 1148 1743 orationes
1168 1686 1472 1752 inlustrant,
1486 1706 1632 1761 -quas
1652 1689 1715 1742 ad
1724 1708 1840 1743 ver-

244 1780 339 1816 sus
371 1767 567 1818 tutores
595 1779 722 1818 suos
747 1764 1072 1834 composuit:
1117 1780 1214 1818 nec
1241 1763 1544 1818 Ciceronem
1583 1781 1839 1836 magnum

242 1845 499 1893 oratorem
523 1837 582 1892 Ρ.
608 1837 893 1904 Quinctius
912 1837 1184 1901 defensus,
1217 1848 1308 1893 aut
1337 1839 1574 1892 Licinius
1596 1840 1836 1903 ArchiaS,

245 1912 471 1968 faciunt:
512 1911 737 1969 Catilina
758 1922 810 1968 et
828 1913 955 1969 Milo
974 1923 1025 1968 et
1047 1914 1234 1969 Verres
1252 1922 1304 1968 et
1322 1913 1587 1967 Antonius
1605 1913 1742 1966 hanc
1761 1913 1840 1969 illi

244 1987 443 2042 famam
461 1987 951 2044 circumdederunt:
995 2007 1121 2054 non,
1164 1989 1293 2061 quia
1319 1989 1445 2043 tanti
1471 1987 1589 2052 fuit,
1622 2005 1840 2059 rempu-

242 2061 439 2118 blicam
468 2061 637 2118 malos
664 2062 799 2118 ferre
826 2064 990 2128 cives,
1012 2073 1072 2119 ut
1093 2064 1310 2119 uberem
1331 2062 1396 2122 ad
1416 2062 1700 2117 dicendum
1727 2081 1838 2116 ma-

242 2139 429 2194 teriam
463 2147 693 2194 ctatores
729 2138 1010 2194 haherent:
1053 2139 1167 2202 sed,
1211 2149 1266 2194 ut
1293 2138 1525 2194 subinde
1561 2137 1836 2204 admoneo,

244 2212 571 2286 quaestionis
592 2215 1019 2278 meminerimus,
1061 2215 1424 2285 sciamusque,
1471 2230 1568 2268 nos
1600 2213 1665 2267 de
1694 2230 1751 2266 ea
1784 2231 1842 2270 re

244 2288 412 2361 loqui,
456 2305 595 2360 quae
629 2288 839 2345 facilius
878 2288 1108 2344 turbidis
1141 2298 1192 2344 et
1226 2289 1481 2360 inquietis
1510 2289 1840 2360 temporibus

244 2363 461 2420 exstitit.
540 2361 677 2428 Quis
697 2364 920 2438 ignorat,
954 2363 1140 2419 utilius
1160 2371 1226 2419 ac'
1241 2362 1434 2419 melius
1453 2380 1589 2426 esse,
1623 2361 1727 2418 frui
1749 2381 1847 2435 pa·-

242 2456 321 2504 ce,
335 2455 500 2511 quam
520 2436 660 2494 bello
678 2437 895 2494 vexari?
916 2438 1104 2494 Plures
1122 2448 1298 2495 tamen
1319 2438 1484 2495 bonos
1503 2439 1841 2510 praeliatores

242 2512 401 2579 bella,
423 2530 586 2585 quam
608 2530 733 2586 pax,
758 2513 951 2570 ferunt.
1013 2513 1220 2569 Similis
1239 2513 1570 2586 eloquentiae
1589 2515 1836 2570 conditio.

243 2588 381 2644 Nam
418 2605 528 2661 quo
566 2589 782 2660 saepius
820 2590 1020 2645 steterit
1058 2597 1330 2662 tamquam
1370 2590 1426 2645 in
1463 2591 1596 2655 acie,
1624 2607 1841 2664 quoque

243 2663 425 2734 plures
444 2671 496 2718 et
522 2664 763 2720 intulerit
780 2667 918 2720 ictus
944 2671 995 2720 et
1014 2667 1297 2737 exceperit,
1337 2683 1448 2739 quo
1467 2667 1634 2722 maior
1653 2667 1844 2722 adver-

242 2737 419 2792 sarius
450 2745 501 2792 et
526 2737 733 2808 clarior,
762 2741 985 2815 quicum
1005 2756 1218 2818 pugnas
1245 2741 1351 2799 sibi
1379 2759 1592 2817 asperas
1621 2743 1844 2800 desum·-

322 2811 532 2870 Tsciws
571 2813 634 2870 11.
1261 2843 1272 2852 ·
1386 2817 1428 2874 Y
