2081 3038
327 235 422 291 ut
890 237 1364 284 ANNAmmu
1663 225 1933 300 (amm.

423 342 486 381 02.
507 341 571 380 08.
599 337 917 388 Amphitheatri
935 347 1037 377 casu
1055 335 1227 376 Fidenis
1253 335 1387 374 multa
1411 335 1634 375 hominum
1655 335 1789 375 millia
1807 335 1934 374 debi-

322 409 447 449 lltata
462 407 531 448 vel
548 405 715 446 obruta.
748 406 813 445 ⁶4.
826 406 891 445 65.
910 405 1070 444 Romae
1089 403 1334 444 incendium
1353 402 1495 443 deurit
1510 401 1703 443 Coelium
1721 406 1933 442 montem.

322 477 387 516 66.
416 459 557 514 Varus
591 472 829 512 accusatur.
882 473 946 511 67.
972 471 1178 520 Princeps
1210 468 1396 519 Capreas
1425 471 1472 510 ln
1501 471 1686 511 insulam
1715 479 1764 511 se
1793 471 1934 511 abdit.

322 543 502 583 68-70.
530 541 668 582 Titius
694 539 878 580 Sabinus
904 539 1018 589 turpi
1051 538 1199 579 fraude
1225 539 1541 578 circumventus
1573 537 1799 578 damnatur
1823 538 1935 586 ipsis

322 613 422 651 anni
440 609 659 650 Kalendis.
700 610 764 649 71.
784 607 978 648 'ribertus
995 608 1184 647 mentem
1202 615 1325 646 suam
1343 605 1506 647 recludi
1523 605 1784 656 indignatur.
1821 605 1938 644 Iulia

322 680 464 729 neptis
497 677 683 726 Augusti
708 674 811 714 obIt.
864 675 928 713 72.
954 673 1134 721 Frisios,
1171 674 1286 723 quod
1309 683 1438 714 avare
1461 670 1619 720 habiti,
1657 673 1933 720 rebellantes,

323 747 389 786 73.
408 747 459 785 L.
478 743 695 794 Apronius
713 751 955 792 repressum
972 741 1028 789 it,
1057 749 1209 790 parum
1229 741 1429 781 feliciter.
1471 741 1536 779 ⁶14.
1560 740 1715 789 Turpi·
1740 740 1936 778 adulatio

326 814 513 854 senatus.
568 810 709 849 Seiani
735 808 1001 858 adrogantia.
1054 808 1119 848 75.
1147 807 1224 849 Cn.
1252 809 1471 849 Domitius
1494 805 1794 857 Agrippinam,
1824 805 1934 846 Ger-

325 879 479 919 manici
496 877 640 924 filiam,
662 878 818 926 accipit
835 885 1027 916 uxorem.

424 964 543 1004 Haec
562 962 764 1002 sexennio
782 960 871 1000 rere
889 962 1035 1009 gesta,
1067 959 1111 1001 0.
1133 960 1297 1008 Asinio.
1329 959 1373 1000 0.
1400 959 1575 1002 Antistio
1602 969 1708 1000 coss.
1737 959 1938 1000 Cornelio

328 1032 515 1081 Cetheqo.
542 1030 705 1070 Visellio
732 1028 931 1086 Varrone.
972 1028 1098 1068 Cosso
1115 1028 1302 1076 ammte.
1323 1028 1468 1068 Asinio
1485 1028 1692 1078 Aurippa.
1728 1027 1802 1068 Gn.
1822 1027 1936 1066 Len-

324 1101 411 1140 tulo
433 1099 609 1142 Gaetul„
642 1096 685 1136 0.
709 1095 903 1136 Calvisio.
939 1095 1001 1135 Π.
1026 1095 1188 1135 Licinio
1218 1095 1391 1141 Crasso,
1425 1094 1473 1134 L.
1506 1095 1733 1144 Commio
1763 1095 1936 1136 Pisone.

325 1167 407 1216 Ap.
428 1165 549 1206 Iunio
566 1164 726 1209 Silano,
747 1163 797 1203 P.
815 1163 922 1204 silio
938 1163 1095 1204 Nerva.

445 1284 491 1335 ⁴.
526 1269 597 1334 C.
620 1277 832 1344 Asinio,
866 1278 927 1334 C.
948 1277 1188 1335 Antistio
1217 1297 1360 1335 coss.
1389 1296 1568 1336 nonus
1588 1277 1810 1335 Tiberio
1831 1296 1936 1334 an—

326 1374 433 1412 nus
452 1363 566 1410 erat
586 1351 919 1426 compositae
940 1355 1103 1426 reip.,
1125 1351 1369 1412 florentis
1387 1353 1604 1419 domus,
1624 1352 1772 1426 (nam
1791 1353 1940 1412 Ger-

326 1432 529 1488 manici
558 1439 785 1488 mortem
815 1430 956 1485 inter
982 1447 1243 1503 prospera
1265 1430 1522 1504 ducebat)
1549 1446 1680 1484 cum
1704 1440 1936 1502 repente

324 1507 547 1566 turbare
567 1506 783 1563 fortuna
802 1507 1009 1579 coepit3
1034 1507 1251 1563 saevire
1272 1506 1412 1580 ipse,
1435 1514 1531 1563 aut
1547 1505 1934 1563 saevientibus

325 1585 473 1639 vires
518 1583 804 1656 praebere.
889 1582 1117 1637 Initium
1168 1591 1222 1638 et
1257 1599 1450 1637 caussa
1499 1597 1670 1654 penes
1705 1581 1931 1637 Aelium

324 1660 588 1715 Seianum
610 1657 929 1713 cohortibus
959 1659 1248 1729 praetoriis
1276 1657 1612 1729 praefectum
1628 1699 1641 1722 ,
1673 1657 1836 1712 cuius
1857 1657 1932 1712 de

324 1734 568 1807 potentia
588 1748 754 1804 supra
778 1734 1106 1789 memoravi:
1141 1750 1290 1788 nunc
1317 1734 1610 1807 originem,
1641 1748 1840 1798 mores,
1876 1741 1932 1788 et

324 1824 437 1881 quo
459 1806 699 1863 facinore
721 1807 1152 1864 dominationem
1176 1818 1393 1882 raptum
1416 1809 1575 1874 ierit,
1608 1807 1926 1881 expediam.

326 1883 559 1939 Genitus
583 1883 881 1949 VulsiniiS,
913 1892 1068 1957 patre
1107 1884 1235 1941 Seio
1271 1884 1565 1950 Strabone,
1603 1885 1791 1956 equite
1819 1884 1930 1939 Ro-

326 1974 507 2023 man0,
553 1966 607 2013 et
653 1960 831 2030 prima
867 1960 1098 2034 iuventa
1137 1960 1198 2017 C.
1229 1960 1545 2026 Caesarem,
1588 1959 1646 2016 d.
1689 1961 1924 2033 Augusti

325 2042 607 2106 nepotem,
656 2042 921 2098 sectatus,
971 2052 1082 2091 non
1117 2037 1241 2092 sine
1281 2052 1529 2101 rumore,
1568 2035 1790 2107 Apicio,
1838 2034 1928 2089 di-

324 2111 427 2166 viti
457 2119 512 2165 et
549 2109 808 2183 prodigo,
841 2116 1098 2181 stuprum
1135 2127 1275 2166 veno
1305 2110 1557 2166 dedisse:
1601 2127 1730 2165 mox
1760 2109 1928 2165 Tibe-

325 2187 471 2240 rium
514 2186 686 2241 variis
725 2183 935 2239 artibus
986 2184 1241 2240 devinxit
1288 2185 1453 2252 adeo,
1520 2193 1584 2239 ut
1625 2185 1924 2240 obscurum

324 2261 620 2316 adversum
651 2258 807 2323 alios,
850 2259 961 2313 sibi
990 2260 1091 2314 uni
1120 2258 1406 2315 incautum
1436 2262 1814 2331 intectumque
1842 2259 1928 2315 ef-

324 2334 539 2391 ficeret:
604 2342 855 2388 nontam
894 2333 1139 2391 sollertia
1187 2334 1426 2409 (quippe
1470 2334 1672 2391 iisdem
1713 2335 1927 2391 artibus

325 2412 506 2465 victus
535 2408 636 2482 est)
654 2425 822 2481 quam
851 2407 1017 2464 deum
1053 2411 1133 2469 ira
1161 2411 1222 2467 iu
1251 2429 1368 2467 rem
1404 2412 1732 2477 Romanam,
1763 2413 1926 2468 cuius

323 2486 444 2556 pari
465 2484 635 2541 exitio
656 2484 839 2557 viguit
860 2484 1194 2558 ceciditque.
1227 2486 1438 2559 Corpus
1459 2486 1545 2543 illi
1567 2486 1820 2544 laborum
1842 2497 1928 2543 to-

324 2562 523 2624 lerans,
540 2561 757 2615 animus
778 2561 987 2617 audax:
1012 2564 1104 2617 sui
1123 2562 1408 2637 obtegens,
1423 2564 1483 2621 in
1504 2564 1644 2621 alios
1661 2564 1928 2619 crimina-

321 2643 431 2690 tor:
476 2636 626 2689 iuxta
666 2634 909 2692 adulatio
946 2645 1003 2692 et
1036 2638 1328 2709 superbia:
1373 2639 1556 2709 palam
1585 2640 1925 2710 compositus

322 2708 521 2779 pudor,
552 2710 705 2763 intus
722 2726 939 2767 summa
961 2712 1248 2785 apiscendi
1277 2713 1472 2779 libide,
1509 2716 1744 2785 eiusque
1763 2730 1930 2769 caus-

323 2801 382 2837 sa
414 2782 573 2838 modo
605 2785 823 2857 largitio
852 2797 907 2846 et
936 2790 1133 2855 luxua,
1176 2791 1399 2862 saepius
1437 2790 1712 2846 industria
1744 2806 1808 2845 ac
1837 2791 1928 2847 vi-
