2081 3038
306 235 405 291 370
854 240 1330 288 ANNALmM
1630 220 1895 304 (nume.

304 351 493 400 issent:
545 360 600 399 ss
631 359 862 399 annuum
895 348 1181 397 sexcenties
1218 344 1506 397 sestertium
1539 345 1756 410 reipubl.
1788 346 1901 398 lar-

303 438 425 488 qm.

418 496 500 547 49.
541 492 913 548 Percrebuerat
946 508 1006 545 ea
1035 498 1340 565 tempestate
1365 492 1723 563 pravissimus
1761 510 1897 559 mos,

307 586 430 623 cum
459 569 776 639 propinquis
804 566 1055 631 comitiis,
1079 574 1171 620 aut
1189 576 1327 622 sorte
1346 568 1764 639 provineiarum‚
1790 566 1901 640 ple·

307 645 464 715 rique
489 644 602 700 orbi
634 642 770 697 fletis
799 640 1170 713 adoptionibus
1195 642 1546 697 adsciscerent
1566 640 1723 711 tilica,
1748 660 1901 715 prae-

306 727 562 790 turasque
589 726 640 772 et
657 716 958 790 provincias
977 716 1117 771 inter
1135 725 1309 788 patres
1328 718 1518 783 sortiti,
1541 718 1718 773 statim
1746 720 1902 772 emit-

307 800 474 849 terent
501 810 684 858 manu,
707 808 845 864 quos
871 791 1261 865 adoptaverant.
1340 792 1530 866 Magna
1552 810 1676 847 cum
1697 794 1899 849 invidia

307 877 551 923 senatum
569 867 784 933 adeunt,
807 866 904 939 qui
923 871 1008 922 ius
1024 876 1263 931 naturae,
1290 870 1490 922 labores
1515 869 1786 931 educandi,
1806 873 1903 922 ad—

305 960 486 998 versus
501 946 740 1015 fraudem
760 950 808 996 et
825 950 968 996 artes
983 951 1031 996 et
1052 946 1347 997 brevitatem
1372 946 1664 1012 adoptionis
1681 960 1905 997 enume-

306 1026 451 1073 rant:
493 1022 626 1073 satis
645 1022 809 1086 pretii
831 1034 938 1071 esse
953 1021 1110 1080 orbis,
1134 1022 1271 1086 quod
1287 1020 1453 1071 multa
1468 1023 1762 1081 securitate,
1786 1021 1905 1072 nul-

309 1098 374 1146 lis
402 1096 656 1154 oneribus,
686 1096 931 1160 qratiam,
963 1094 1194 1153 honores,
1224 1101 1411 1147 cuncta
1426 1102 1667 1162 prompta
1687 1102 1735 1147 et
1754 1095 1905 1147 obvia

308 1171 568 1221 haberent.
646 1166 762 1222 Sibi
780 1161 1040 1234 promissa
1069 1168 1233 1234 leyum
1258 1172 1349 1222 diu
1371 1176 1670 1237 eoespectata
1690 1171 1745 1221 in
1765 1171 1905 1223 ludi-

309 1246 478 1295 brium
502 1246 652 1305 verti,
695 1243 902 1310 quando
927 1244 1045 1311 quis
1071 1246 1181 1295 sine
1211 1244 1540 1298 solicitudine
1562 1259 1771 1311 parens,
1794 1246 1906 1297 sine

309 1321 450 1371 luctu
469 1320 642 1380 orbus,
667 1319 820 1384 lonqa
833 1323 1048 1383 patrum
1064 1325 1185 1370 vota
1202 1327 1407 1387 repente
1422 1320 1756 1386 adaequaret.
1804 1316 1906 1371 Fa-

307 1400 454 1447 ctum
483 1408 550 1446 ex
577 1407 640 1446 eo
665 1396 881 1463 senatus
907 1390 1231 1457 consuitum,
1262 1410 1327 1447 ns
1353 1394 1599 1447 simulata
1619 1396 1829 1465 adoptio
1850 1398 1906 1445 in

309 1470 422 1522 ulta
455 1476 608 1537 parts
643 1470 875 1521 muneris
910 1470 1111 1534 publici
1146 1471 1373 1532 iuvaret,
1405 1486 1469 1523 ae
1498 1485 1561 1522 ne
1588 1471 1907 1537 usurpandis

309 1547 513 1613 quidem
529 1545 895 1597 hereditatibus
910 1545 1191 1610 prodesset.

415 1621 502 1674 20.
543 1618 684 1672 Exin
705 1615 964 1672 Claudius
984 1617 1318 1682 Timarchus,
1338 1617 1623 1683 CretensiS‚
1646 1633 1770 1672 reus
1792 1619 1908 1692 agi·

309 1702 413 1758 tur,
447 1693 634 1747 ceteris
660 1691 998 1756 criminibu8‚
1023 1699 1086 1745 ut
1104 1690 1273 1747 solent
1291 1692 1582 1764 praevalidi
1602 1693 1909 1764 provincia-

309 1767 463 1832 lium,
486 1775 539 1822 et
555 1766 749 1840 opibus
769 1765 954 1822 nimiis
973 1765 1040 1820 ad
1066 1766 1289 1822 iniurias
1308 1769 1577 1823 minorum
1600 1767 1718 1822 elati
1738 1787 1751 1822 ε
1794 1785 1905 1822 una

312 1858 412 1897 vox
439 1841 558 1896 eius
585 1859 760 1914 usque
787 1839 854 1896 ad
880 1840 1253 1896 contumeliam
1284 1852 1499 1898 senatus
1519 1851 1904 1914 penetraverat,

307 1915 452 1990 quod
481 1916 788 1981 dictitasset,
818 1919 877 1970 in
900 1933 998 1970 sua
1011 1926 1263 1985 potestate
1290 1923 1463 1982 situm,
1489 1937 1561 1972 an
1573 1922 1909 1986 proconsuli-

309 1995 416 2054 bus,
446 1997 539 2062 qui
571 1992 776 2047 Cretam
795 1993 1144 2055 obtinuissent,
1166 2001 1340 2060 yrates
1358 2003 1648 2062 aqsrentur.
1726 1991 1907 2059 Quam

305 2067 633 2124 occasionem
662 2067 853 2122 Paetus
881 2063 1113 2120 Thrasea
1148 2066 1213 2122 ad
1240 2067 1455 2122 bonum.
1476 2067 1752 2138 publicum
1782 2085 1910 2124 ver-

305 2153 443 2209 tens,
467 2151 750 2215 postquam
770 2140 836 2196 de
853 2157 944 2196 reo
961 2150 1255 2207 censuerat,
1266 2148 1540 2212 provincia
1559 2143 1711 2198 Creta
1730 2147 1910 2211 depet-

307 2223 529 2281 tendum,
569 2217 700 2273 haec
723 2215 952 2272 addidit:
1019 2216 1126 2272 Usu
1144 2221 1421 2286 probatum
1436 2227 1530 2280 est,
1568 2218 1623 2272 P.
1650 2217 1731 2281 C..
1771 2221 1913 2288 leges

305 2298 559 2362 eyreqias,
591 2295 828 2361 exempta
853 2295 1081 2356 honesta,
1112 2297 1253 2362 apud
1279 2296 1434 2348 bonos
1452 2310 1520 2346 sm
1544 2295 1749 2348 delictis
1764 2297 1913 2348 alio-

305 2386 424 2422 rum
442 2373 600 2437 qiqni.
672 2367 764 2424 Sic
782 2376 1050 2422 oratorum
1070 2370 1279 2423 licentia
1305 2367 1537 2424 Cinciam
1555 2372 1913 2437 rogationem,-

309 2447 703 2498 candidatorum
721 2445 945 2498 ambitus
961 2443 1130 2498 Iulias
1150 2446 1310 2512 ἅφθη
1348 2447 1747 2511 maqistratuum
1773 2462 1915 2498 am-

306 2521 436 2571 ritia
481 2517 769 2587 Calpurnia
804 2521 939 2572 scita
971 2527 1294 2584 pepererunt.
1373 2519 1509 2573 Nam
1543 2520 1715 2586 culpa,
1748 2536 1913 2586 quam

305 2609 486 2658 poena,
520 2603 741 2663 tempore
761 2598 942 2662 prior;
981 2597 1260 2656 emendari,
1290 2610 1445 2662 quam
1466 2609 1702 2660 peccare,
1730 2602 1915 2660 poste-

307 2669 421 2716 rius
441 2676 528 2719 est.
562 2669 701 2736 Ergo
721 2673 968 2722 adversus
988 2684 1171 2721 novam
1186 2671 1589 2734 provincialium
1608 2671 1911 2734 superbiam

308 2741 519 2804 diynum
547 2744 644 2810 fide
663 2745 1049 2809 constantiaque
1068 2742 1298 2796 Romana
1319 2747 1585 2809 capiamus
1612 2746 1910 2807 consilium,
