2081 3038
210 263 449 338 meno.)
504 303 513 312 .
606 271 761 318 mn.
801 271 874 319 11.
918 273 1095 320 cAP.
1136 275 1223 320 44.
1264 273 1352 318 45.
1740 267 1802 316 83

210 384 258 430 et
276 373 492 430 Celsum
514 390 621 427 nox
638 374 797 439 iuvit,
828 372 1103 445 dispositis
1124 375 1230 429 iam
1253 375 1513 440 excubii3‚
1537 391 1806 446 compres-

212 451 392 521 sisque
410 447 696 514 militibus,
727 465 864 519 quos
890 449 1102 504 Annius
1123 447 1312 504 Gallus
1339 449 1608 521 precibus,
1631 451 1808 504 eonsi-

213 523 297 590 iio,
329 523 633 578 anctoritate
660 521 892 589 flexerat,
936 541 999 578 ne
1025 541 1184 594 super
1211 527 1409 578 cladem
1437 529 1684 578 adversae
1705 543 1806 592 pu-

210 617 337 669 9nae
372 603 581 652 suismet
617 603 720 666 ipsi
760 601 1002 654 caedibus
1030 603 1304 654 saevirent.
1383 598 1505 652 Sive
1533 601 1654 667 finis
1681 603 1808 652 bello

210 680 439 738 venisset,
482 691 571 728 seu
596 691 856 728 resumere
882 688 1035 728 arma.
1063 677 1292 738 mallent,
1331 677 1544 728 unicum
1569 677 1722 726 victis
1755 679 1810 726 in

212 766 455 804 consensu
488 751 839 803 levamentum.
918 748 1117 804 Ceteris
1148 748 1342 804 fractus
1375 749 1616 803 animus:
1659 763 1811 818 prae-

212 825 442 880 torianus
484 823 657 889 miles,
698 841 801 878 non
838 829 1031 881 virtute
1057 843 1126 888 se,
1166 829 1255 878 sed
1277 829 1574 894 proditione
1599 827 1807 885 victu-m,

212 899 480 954 fremebat.
559 899 639 954 Ne
688 900 979 954 Vitellianis
1024 905 1229 969 quidem
1274 905 1602 954 incruentam
1651 901 1812 968 [uisse

210 980 495 1034 victoriam.
515 978 668 1042 pulso
688 980 871 1044 equite,
896 985 1052 1044 rapta
1075 979 1288 1045 leqionis
1307 978 1518 1045 aquila:
1550 991 1813 1043 superesse

212 1069 325 1104 cnm
354 1055 464 1118 ipso
494 1049 689 1104 Othone
718 1053 939 1104 militum
958 1056 1094 1120 quod
1116 1061 1264 1105 trans
1287 1053 1482 1107 Padum
1497 1055 1685 1120 suerit:
1723 1067 1812 1102 ve-

209 1132 323 1181 m're
347 1126 601 1180 Moesicas
630 1129 880 1195 leqt'ones:
930 1144 1172 1195 maynam
1201 1131 1462 1181 eoeercitus
1483 1134 1690 1195 partem
1709 1125 1811 1179 Be-

208 1205 379 1256 driaci
405 1205 746 1255 remansisse.-
790 1205 880 1254 hos
912 1212 1047 1256 certe
1078 1207 1302 1256 nondum
1325 1207 1516 1256 victos:
1557 1211 1621 1266 et,
1657 1205 1706 1255 si
1733 1205 1808 1254 ita

206 1281 379 1346 ferret,
414 1279 673 1331 honestius
706 1281 763 1330 in
787 1281 901 1330 acie
926 1283 1204 1343 perituros,
1283 1278 1378 1330 His
1407 1276 1811 1349 cogitationibus

208 1359 382 1420 truces
405 1357 493 1404 aut
520 1350 723 1420 pavidi,
752 1359 987 1404 extrema
1008 1351 1375 1422 desperatione
1395 1352 1460 1404 ad
1484 1350 1614 1404 iram
1635 1353 1812 1420 saepi-

212 1443 294 1489 uS‚
318 1441 483 1496 quam
504 1426 557 1478 in
582 1423 939 1489 formidinem,
963 1425 1394 1480 stimulabantur.

323 1576 407 1628 45.
450 1574 853 1629 Ata-Vitellianus
874 1575 1138 1629 exercitus
1158 1574 1226 1629 ad
1245 1574 1493 1646 quintum
1519 1592 1545 1627 a
1567 1573 1814 1629 Bedriaco

214 1648 444 1722 iapidem
473 1648 727 1714 consedit,
757 1667 864 1704 non
890 1650 1037 1703 ausis
1067 1649 1296 1705 ducibus
1327 1650 1621 1703 eademdie
1641 1667 1813 1721 oppu-

210 1724 515 1799 gnationem
544 1730 864 1793 castrorum3
908 1724 1072 1779 simul
1095 1724 1390 1781 voluntaria
1416 1726 1611 1780 deditio
1631 1743 1814 1797 spera-

213 1802 387 1855 batur.
466 1798 569 1853 Sed
603 1799 864 1870 expeditis
902 1808 955 1854 et
982 1808 1186 1856 tantum
1217 1801 1283 1855 ad
1302 1800 1564 1873 proelium
1585 1802 1812 1875 egressis

212 1874 613 1929 munimentum
636 1873 783 1929 fuere
804 1892 947 1929 arma
970 1884 1021 1929 et
1040 1878 1276 1931 victoria:
1321 1878 1528 1930 Postera
1547 1876 1654 1941 die,
1668 1875 1812 1929 haud

212 1950 467 2023 ambigua
488 1948 773 2004 Othoniani
794 1951 1056 2005 exercitus
1079 1952 1362 2016 voluntate,
1383 1958 1451 2016 et,
1477 1952 1571 2022 qui
1596 1949 1813 2004 ferocio-

210 2044 297 2080 res
321 2024 545 2090 fuerant,
569 2025 633 2079 ad
654 2026 1029 2101 poenitentiam
1051 2027 1454 2091 inclinantibuS,
1483 2026 1650 2079 missa
1670 2023 1814 2097 lega-

209 2102 309 2157 tio:
355 2116 451 2155 nec
476 2100 619 2172 apud
637 2101 801 2155 duces
820 2100 1130 2157 Vitellianos
1150 2101 1472 2167 dubitatum,
1501 2118 1611 2173 quo
1630 2100 1812 2155 minus

210 2193 395 2249 pacem
446 2174 805 2231 concederent.
887 2177 1066 2249 Legati
1117 2176 1408 2249 paullisper
1452 2175 1658 2231 retenti.
1738 2176 1813 2229 Ea

210 2270 297 2305 res
328 2251 727 2306 haesitationem
758 2250 964 2317 adtulit,
996 2253 1198 2325 ignaris
1232 2252 1425 2317 adhuc,
1458 2270 1523 2305 an
1552 2253 1814 2322 inpetras-

208 2334 347 2381 sent.
430 2328 552 2382 Mox
592 2327 814 2381 remissa
847 2326 1131 2399 legatione,
1174 2329 1344 2399 patuit
1371 2326 1592 2383 vallum.
1675 2327 1812 2380 Tum

208 2402 338 2457 victi
381 2403 713 2472 victoresque
752 2402 807 2455 in
851 2401 1097 2457 lacrimas
1125 2402 1301 2469 effusi,
1343 2410 1536 2457 sortem
1569 2400 1812 2457 civilium

208 2472 483 2531 armorum
506 2478 701 2531 misera
729 2474 921 2531 laetitia
946 2477 1279 2533 detestantes.
1361 2478 1555 2531 lisdem
1581 2478 1815 2531 tentoriis

208 2552 302 2606 aiii
326 2551 673 2617 fratrum‚nlii
692 2553 1118 2625 propinquorum
1133 2554 1352 2607 vulnera
1379 2552 1640 2608 fovebant.
1682 2552 1814 2623 Spes

206 2636 262 2679 et
288 2628 522 2697 praemia
552 2628 609 2683 in
639 2627 923 2703 ambiguo:
966 2636 1125 2695 certa,
1158 2628 1342 2684 funera
1361 2636 1412 2683 et
1432 2628 1625 2684 luctus,
1707 2629 1816 2683 Neo

206 2702 513 2773 quisquam.
534 2702 662 2759 adeo
689 2702 817 2759 mali
846 2720 1060 2776 expers,
1102 2714 1162 2760 ut
1190 2722 1292 2759 non
1326 2702 1560 2776 aliquam
1592 2707 1813 2761 mortem

207 2786 485 2831 maereret.
564 2780 905 2852 Requisitum
925 2779 1174 2854 Orphidii
1197 2780 1352 2855 legati
1375 2796 1586 2853 corpuS,
1619 2780 1816 2837 honore
