2081 3038
291 290 354 342 16
850 292 1325 339 ΑΝΝΑωυΜ
1410 266 1445 324 f
1594 286 1883 355 (mmm.

287 402 552 451 cernerent
573 397 784 463 leqatos,
807 408 961 463 seque
979 410 1157 447 coram
1175 396 1423 447 mandata
1443 396 1647 445 clarent.
1698 391 1889 444 Adcla—

286 486 526 534 mavere,
556 477 616 523 ut
642 473 782 539 filius
802 469 980 523 Blaesi
1007 470 1248 523 tribunus
1278 469 1529 535 legatione
1556 485 1617 519 ea
1645 471 1889 534 [κηρωτ-

287 555 400 608 tur,
435 538 730 615 pete'ratqua
755 547 1008 597 militibus
1033 546 1326 611 missionem
1354 544 1421 595 ab
1458 544 1676 595 sedecim
1704 544 1888 593 avinis.-

287 629 460 675 catora
489 624 852 683 mandaturos,
885 621 977 671 ubi
997 622 1176 685 prima
1192 636 1197 641 ·
1208 621 1579 684 provenissent.
1656 614 1891 668 Profecto

285 697 510 759 iuvene,
552 692 820 750 modicum
849 692 1047 747 otium:
1091 690 1186 745 sed
1211 690 1489 762 superbire
1516 689 1700 754 miles,
1744 689 1888 760 quod

291 769 435 825 iilius
457 767 641 843 legati,
672 775 844 824 orator
863 766 1110 838 publicae
1136 782 1382 830 caussae,
1415 764 1543 819 satis
1572 764 1888 823 ostenderet.

291 844 597 899 necessitate
635 859 886 915 expressa
903 884 916 907 ,
959 858 1099 913 quae
1137 856 1231 913 per
1268 840 1579 895 modestiam
1621 857 1723 894 non
1754 836 1893 893 obti-

291 921 553 974 nuissent.

402 996 486 1046 ⁶20.
539 994 736 1047 Interea
784 990 1081 1063 manipuli,
1130 998 1251 1044 ante
1298 996 1535 1061 coeptam
1574 988 1887 1043 seditionem

292 1070 623 1139 Nauportum
654 1068 808 1121 missi
837 1067 905 1122 ob
937 1067 1123 1120 itinera
1162 1075 1212 1120 et
1249 1073 1435 1135 pontes
1473 1072 1525 1119 et
1561 1064 1691 1119 alios
1732 1082 1890 1129 usus,

265 1148 272 1161 '
295 1152 577 1215 postquam
597 1142 867 1198 turbatum
888 1142 944 1195 in
966 1141 1157 1195 castris
1176 1156 1439 1211 accepere,
1463 1138 1657 1194 vexilla
1680 1138 1896 1194 convel-

293 1219 436 1285 lunt3
481 1217 812 1289 direptisque
837 1216 1100 1287 proximis
1142 1216 1274 1269 vicis
1292 1256 1305 1280 ,
1347 1216 1572 1287 ipsoque
1598 1215 1890 1285 Nauporto,

291 1293 438 1367 quod
468 1293 750 1363 municipii
780 1292 946 1345 instar
977 1299 1114 1355 erat,
1150 1291 1423 1344 retinentis
1452 1291 1786 1345 centuriones
1806 1290 1894 1343 in-

292 1371 406 1425 risu
433 1376 484 1423 et
511 1365 848 1423 contumeliis
865 1409 878 1432 ,
911 1373 1177 1437 postremo
1205 1364 1517 1420 verberibus
1536 1365 1889 1421 insectantur:

292 1444 573 1517 praecipua
593 1443 650 1497 in
671 1441 1014 1497 Aufidienum
1037 1440 1238 1495 Rufum
1259 1438 1579 1511 praefectum
1600 1447 1891 1495 castrorum

291 1523 390 1586 ira,
413 1536 578 1593 quem
599 1517 876 1591 dereptum
897 1514 1162 1581 vehiculm
1188 1515 1413 1570 sarcinis
1434 1524 1675 1590 gravant,
1700 1523 1895 1590 agunt-

291 1613 398 1669 que
417 1597 592 1668 primo
610 1597 670 1650 in
686 1595 918 1668 agmine,
930 1608 1025 1664 per
1042 1591 1338 1647 ludibrium
1360 1591 1669 1664 rogitantes:
1694 1608 1764 1643 an
1784 1600 1892 1644 tam

291 1678 539 1726 immensa
585 1685 770 1731 onera,
831 1678 936 1722 tam
983 1671 1137 1736 {onya
1185 1671 1380 1720 itinera
1429 1668 1641 1720 libenter
1694 1663 1893 1734 ferret?

293 1745 504 1816 Quippe
523 1742 698 1800 Rufus
714 1742 809 1797 diu
831 1741 1203 1813 manipulariS,
1226 1740 1349 1794 dein
1372 1741 1637 1806 centurio,
1662 1757 1785 1794 mox
1804 1756 1894 1792 ca-

292 1820 418 1874 stris
437 1817 732 1890 praefectus
748 1859 761 1882 ,
796 1818 1072 1887 antiquam
1092 1815 1395 1888 duramque
1412 1815 1659 1870 militiam
1681 1831 1895 1869 revoca-

294 1895 407 1954 bat,
440 1900 593 1948 vetus
612 1893 788 1964 operis
809 1908 870 1944 ac
891 1891 1085 1946 laboris
1103 1932 1115 1956 ,
1150 1898 1202 1944 et
1220 1907 1281 1946 eo
1300 1892 1583 1954 immitior,
1614 1890 1742 1962 quia
1766 1889 1895 1944 tole-

295 1976 518 2023 ravernt.

401 2045 457 2100 2⁴
474 2084 487 2099 .
528 2043 728 2097 Horum
759 2041 989 2096 adventu
1018 2040 1407 2114 redintegratur
1436 2039 1652 2103 seditio,
1684 2046 1746 2093 et
1773 2041 1893 2113 vagi

293 2119 628 2174 circumiecta
655 2115 1066 2188 populabantur.
1146 2113 1365 2169 Blaesus
1395 2131 1620 2186 paucos,
1663 2116 1897 2169 maxime

295 2192 486 2266 praeda
514 2200 732 2248 onustos
747 2233 759 2254 ,
793 2190 859 2244 ad
885 2200 1138 2245 terrorem
1169 2198 1459 2244 ceterorum
1485 2190 1637 2244 adfici
1661 2190 1898 2245 verberi—

295 2269 425 2334 bus,
467 2266 642 2322 claudi
669 2281 876 2320 earcere
901 2265 1069 2320 iubet.
1150 2266 1285 2318 Nam
1326 2265 1485 2319 etiam
1526 2274 1641 2319 tum
1671 2263 1843 2337 legato
1869 2283 1897 2318 a

293 2341 694 2398 centurionibus
720 2348 771 2395 et
797 2343 998 2412 optimo
1023 2357 1245 2412 quoque
1284 2339 1703 2410 manipularium
1744 2355 1901 2410 pare-

296 2420 468 2473 batur.
547 2416 630 2471 llli
658 2416 826 2471 obniti
855 2416 1216 2481 trahentibus,
1257 2430 1509 2485 prensare
1546 2415 1903 2469 circumstan—

295 2493 430 2546 tium
467 2509 670 2565 genua,
713 2492 851 2545 ciere
887 2489 1046 2546 modo
1086 2491 1300 2545 nomina
1341 2488 1711 2562 singulorum,
1740 2489 1905 2544 modo

295 2568 586 2620 centuriam
607 2566 869 2638 quisque,
893 2565 1053 2620 cuius
1072 2562 1425 2636 manipularis
1447 2572 1582 2628 erat,
1607 2563 1899 2627 eohortem,

297 2640 575 2712 legionem,
599 2645 774 2695 eodem
794 2645 1027 2695 munibus
1048 2645 1312 2694 imminere
1332 2638 1688 2705 clamitantes3
1732 2639 1903 2694 simul

297 2713 484 2784 probra
505 2714 561 2768 in
583 2713 601 2768 1
699 2722 816 2770 tum
837 2713 1141 2779 cumulant,
1174 2711 1381 2770 coelum
1410 2729 1471 2767 ac
1488 2711 1613 2767 deos
1633 2712 1907 2767 obtestan-

295 2797 408 2855 tur3
435 2787 570 2842 nihil
592 2805 648 2844 re
670 2789 786 2863 iqui
807 2790 1024 2856 faciunt,
1049 2806 1159 2862 quo
1178 2788 1361 2844 minus
1382 2787 1663 2853 invidiam,
1686 2787 1911 2843 miseri-
