2081 3038
263 206 328 256 58
525 258 554 292 ,
731 211 1394 258 HlsTORIARUM.
1619 201 1866 274 (i.u.823.

260 312 441 357 tiochus,
467 311 679 358 Agrippa,
705 312 853 359 regina
870 311 1092 352 Berenice.
1144 311 1209 350 89.
1235 310 1345 350 Belli
1363 311 1557 354 consilia.
1593 311 1716 352 Titus
1736 313 1870 354 {aaut

260 377 458 416 Iudaeae.
495 377 788 426 Vespasianus
807 379 994 418 claustra
1012 378 1201 426 Aegypti
1218 378 1398 418 obtinet.
1450 379 1514 417 83.
1535 379 1600 418 84.
1626 377 1864 428 Mucianus,

261 456 358 484 cum
377 447 568 484 exercitu
588 447 871 494 praemissus,
899 455 1077 484 nervum
1098 445 1199 483 belli
1216 445 1444 493 conquirit.
1488 445 1553 484 85.
1570 445 1636 485 86.
1654 445 1867 489 Moesicae

261 511 614 561 Pannonicaeque
632 513 844 561 legiones,
873 514 915 552 in
942 516 1087 561 partes
1113 515 1424 560 transgressae,
1450 512 1741 554 Dalmaticum
1757 515 1867 554 mili-

260 583 347 620 tem
367 581 557 619 trahunt.
594 581 706 620 Belli
723 581 838 620 taces
855 579 1070 618 Antonius
1088 580 1269 626 Primus,
1291 577 1516 620 Cornelius
1534 580 1715 622 Fuscus.

360 648 424 688 87.
445 649 666 694 Vitellius,
705 648 989 696 contemptior
1012 649 1059 688 in
1074 648 1188 693 dies,
1226 648 1348 694 gravi
1372 647 1522 688 urbem
1546 649 1719 697 acniine
1742 651 1865 698 petit.

260 726 459 764 eamque,
512 717 576 756 88.
596 718 660 755 89.
687 718 856 764 patrata
886 715 1020 754 multa
1051 715 1236 754 rnilitum
1266 725 1615 764 paganorumque
1638 717 1791 765 caede,
1817 720 1867 758 ut

260 786 442 831 captam,
463 784 704 831 ingressus,
744 784 808 822 90.
829 782 1099 830 magnificam
1116 781 1171 822 de
1186 784 1421 832 semetipso
1438 785 1673 826 orationem
1691 785 1863 832 promit,

259 851 324 890 91.
345 852 520 890 humani
538 851 758 908 divinique
775 851 880 889 iuris
899 859 1075 898 expers,
1102 850 1307 890 nonnulla
1323 852 1469 892 tamen
1493 851 1717 899 popularia
1740 860 1867 892 usur-

260 921 347 966 pat.
391 920 456 958 92.
476 918 622 958 Munia
641 919 805 966 imperii
825 916 1008 956 Caecina
1026 915 1077 956 ac
1095 917 1257 956 Valens
1272 917 1449 958 obeunt.
1485 917 1661 958 vitellio
1680 921 1867 960 auctori-

258 985 360 1024 tatis
397 985 520 1025 nihii.
573 985 636 1024 93.
665 985 814 1024 Militis
839 986 884 1023 in
909 983 1014 1023 urbe
1039 984 1197 1031 otium,
1234 984 1457 1032 libidines,
1492 985 1650 1032 morbi,
1688 989 1863 1033 mortes.

258 1051 322 1092 94.
343 1052 590 1099 insolentia,
616 1053 826 1100 paucitas.
861 1051 1025 1090 Vitellii
1043 1052 1201 1100 iuopia,
1222 1052 1507 1100 prodigentia.
1543 1052 1688 1094 Duces
1708 1053 1866 1095 Gallia-

257 1131 352 1158 rum
380 1119 582 1168 postulati
607 1118 662 1156 ad
686 1118 961 1166 supplicium.
1012 1118 1192 1158 Mintiae
1218 1119 1322 1157 ordo
1341 1119 1557 1159 confusus.
1608 1120 1673 1160 95.
1700 1120 1867 1162 Natalis

258 1187 419 1225 Vitellii
439 1187 599 1233 ingenti
617 1190 769 1233 paratu
788 1185 1044 1226 celebratus.
1081 1184 1263 1224 Inferias
1279 1185 1438 1225 Neroni
1456 1186 1608 1227 factae.
1639 1186 1767 1228 Urbis
1786 1191 1867 1228 mi-

257 1255 383 1294 seria.
439 1255 502 1293 96.
531 1253 794 1293 Defectionis
823 1252 1051 1292 Flavianae
1082 1262 1274 1292 rumores
1304 1252 1415 1292 male
1446 1257 1617 1292 coercet
1645 1253 1864 1297 Vitellius.

257 1323 319 1360 97.
341 1322 404 1360 98.
421 1321 574 1360 Excita
589 1323 736 1360 tamen
753 1321 928 1367 auxilia,
949 1321 1026 1360 sed
1044 1322 1278 1360 necessitas
1296 1320 1577 1360 dissimulata.
1616 1322 1678 1362 99.
1696 1321 1865 1364 Inrum-

256 1389 458 1436 pentibus
492 1389 710 1435 hostibus,
749 1388 934 1428 Caecina
963 1389 1018 1428 ad
1049 1389 1209 1429 bellum
1240 1389 1547 1438 praemittiturz
1584 1389 1661 1428 sed
1690 1390 1729 1430 is
1774 1392 1863 1432 100.

257 1458 346 1495 101.
366 1467 464 1496 cum
481 1457 650 1496 Lucilio
668 1457 806 1498 Basso
831 1457 1125 1505 classibusque
1150 1456 1397 1496 Ravennate
1422 1455 1739 1506 uisenensique
1764 1469 1865 1508 pro·

257 1526 464 1565 ditionem
482 1526 712 1573 componit,
733 1529 775 1566 et
792 1527 847 1565 ad
867 1529 1008 1574 partes
1026 1524 1280 1573 Vespasiani
1296 1526 1465 1565 transit.

356 1600 488 1670 'Gesta
504 1610 610 1648 baec
629 1612 731 1649 sunt
747 1610 896 1657 paucis
913 1608 1130 1648 mensibus
1145 1618 1257 1649 anno
1270 1609 1433 1657 eodem,
1449 1610 1697 1650 consulibus
1710 1612 1867 1651 iisdem

256 1678 299 1715 et
318 1676 412 1715 aiiis
430 1674 633 1721 suffectis,
655 1676 708 1714 de
727 1676 881 1724 qulbus
899 1676 1062 1715 videsis
1080 1676 1115 1722 1,
1136 1678 1197 1716 77.

375 1781 420 1831 l.
445 1767 714 1833 Struebat
733 1778 845 1834 iam
864 1777 1080 1833 fortuna
1098 1779 1156 1832 in
1178 1778 1398 1834 diversa
1420 1786 1572 1851 parte
1594 1785 1862 1837 terrarum

255 1853 413 1908 initia
427 1870 762 1926 caussasque
775 1855 1026 1925 imperio,
1042 1852 1194 1925 quod
1205 1854 1354 1910 varia
1366 1862 1529 1917 sorte,
1539 1853 1739 1907 laetum
1760 1856 1866 1908 rei-

253 1929 514 2001 publicae
542 1939 638 1984 aut
664 1939 837 1993 atrox,
862 1929 1003 2000 ipsis
1031 1928 1385 2000 principibus
1412 1944 1737 2001 prosperum
1770 1940 1865 1983 aut

255 2005 427 2059 exitio
452 2002 576 2059 fuit.
620 2006 777 2059 Titus
791 2004 1166 2075 Vespasianus
1188 2021 1217 2058 e
1237 2002 1456 2067 Iudaea,
1474 2004 1739 2057 incolumi
1763 2004 1867 2058 ad-

254 2081 364 2133 huc
375 2080 568 2144 Galba,
585 2080 790 2134 missus
811 2097 840 2134 a
861 2088 1032 2151 patre,
1049 2095 1299 2134 caussam
1318 2078 1865 2150 profectionisol'fici-

254 2172 348 2209 um
361 2173 486 2229 erga
501 2156 810 2227 principem
828 2164 880 2209 et
901 2163 1169 2210 maturam
1188 2152 1445 2225 petendis
1459 2153 1760 2209 honoribus
1774 2155 1864 2208 iu-

256 2239 475 2285 ventam
497 2230 727 2286 ferebat.
751 2230 862 2285 Sed
885 2231 1108 2302 vulgus,
1126 2228 1372 2303 fingendi
1394 2227 1862 2300 avidum,disper-

253 2314 425 2369 serat,
461 2306 695 2361 accitum
727 2306 785 2359 in
818 2305 1189 2376 adoptionem.
1250 2304 1477 2361 Materia
1506 2304 1863 2373 sermonibus

254 2382 472 2435 senium
487 2391 541 2436 et
557 2382 764 2436 orbitas
787 2380 1081 2451 principis,
1094 2378 1149 2435 et
1161 2380 1581 2452 intemperantia
1594 2380 1859 2444 civitam,

255 2454 429 2508 donec
450 2473 594 2510 unus
617 2456 873 2528 eligatur,
899 2454 1101 2508 multos
1121 2453 1461 2509 destinandi.
1502 2453 1757 2527 Augebat
1782 2454 1865 2509 fa-

253 2544 398 2581 mam
421 2530 600 2599 ipsius
623 2532 732 2584 Titi
755 2530 1043 2603 ingenium
1063 2570 1075 2593 ‚
1109 2538 1589 2600 quantaecumque
1612 2528 1862 2583 fortunae

255 2618 447 2671 capax,
474 2603 637 2658 decor
657 2606 769 2659 oris
791 2622 919 2659 cum
940 2603 1181 2675 quadam
1202 2606 1538 2667 maiestates,
1564 2620 1863 2675 prosperae

253 2674 578 2743 Vespasiani
600 2696 979 2751 reS,praesaga
993 2688 1353 2751 responsa,et,
1369 2678 1651 2735 inclinatis
1663 2678 1735 2732 ad
1747 2696 1861 2733 cre-

254 2747 501 2803 dendum
521 2753 740 2820 animis,
756 2754 875 2810 loco
892 2753 1142 2811 ominum
1161 2756 1326 2811 etiam
1346 2754 1592 2812 fortuita.
1634 2753 1743 2811 Ubi
1755 2752 1862 2811 Co-
