2081 3038
178 248 427 323 moze.)
555 260 711 303 Lm.
752 258 847 302 ιν.
890 258 1068 303 GAP.
1110 259 1358 304 es—ao.
1675 249 1784 330 ‘t73

176 365 375 427 tentus,
404 373 654 416 sonorem
680 355 900 412 alterius
924 356 1114 432 proelii
1133 375 1240 412 non
1259 360 1535 431 acciperet.
1615 359 1788 417 Teuc-

175 438 305 492 brae
364 436 593 506 insuper
646 431 879 488 delectae
934 431 1236 504 augendam
1290 434 1358 488 ad
1419 432 1781 498 formidinem.

176 511 281 566 Sed
312 511 411 584 qui
436 507 642 565 vallum
674 505 949 582 legionum
976 505 1267 572 tentabant,
1299 505 1452 562 facile
1478 509 1781 580 pelluntur:

176 587 447 642 Thracum
477 580 702 648 auxilia,
734 581 1009 653 repentino
1037 582 1262 636 incursu
1289 581 1488 648 territa,
1515 599 1641 640 cum
1659 601 1786 656 pars

176 659 575 718 munitionibus
594 657 908 722 adiacerent,
930 655 1116 729 plures
1136 664 1283 712 extra
1299 655 1628 730 palarentur,
1642 665 1786 716 tanto

174 737 443 792 infensius
462 734 623 800 caesi,
647 739 848 806 quanto
864 730 1121 808 perfugae
1139 739 1190 788 et
1207 731 1522 805 proditores,
1547 731 1683 788 ferre
1699 751 1788 788 ar-

176 831 263 868 ma
286 811 354 866 ad
374 822 539 866 suum
558 808 865 882 patriaeque
884 808 1188 874 servitium,
1210 807 1617 867 incusabantur.

290 889 375 942 49.
398 886 609 941 Postera
628 883 717 940 die
724 882 957 939 Sabinus
975 885 1269 939 exercitum
1289 901 1462 958 aequo
1481 882 1596 940 loco
1609 889 1788 939 osten-

176 963 275 1031 dit,
300 961 347 1016 si
368 959 601 1026 barbari,
624 974 878 1016 successu
899 960 1072 1016 noctis
1092 958 1310 1027 alacres,
1327 958 1602 1032 ¹proelium
1623 957 1789 1015 aude-

178 1044 312 1092 rent.
374 1036 443 1091 Bt
456 1043 743 1110 postquam
764 1033 981 1091 castello
999 1042 1091 1091 aut
1109 1036 1412 1092 coniunctis
1426 1033 1660 1092 tumulis
1677 1051 1785 1092 non

174 1111 637 1188 degrediebantur‚
677 1111 951 1167 obsidium
995 1113 1168 1184 coepit
1204 1127 1303 1185 per
1325 1111 1614 1184 praesidia,
1646 1126 1786 1185 quae

173 1196 470 1261 opportune
486 1189 596 1243 iam
616 1186 923 1242 muniebat:
944 1185 1070 1242 dein
1091 1186 1292 1243 fossam
1312 1187 1644 1261 loricamque
1657 1203 1786 1244 con-

175 1273 377 1330 texens,
389 1271 641 1338 quattuor
660 1261 833 1318 millia
851 1278 1114 1335 passuum
1133 1264 1341 1320 ambitu
1367 1263 1654 1337 amplexus
1672 1272 1780 1321 est:

172 1345 287 1395 tum
298 1334 611 1412 paullatim,
626 1343 689 1393 ut
706 1350 903 1410 aquam
921 1336 1296 1410 pabulumque
1315 1339 1560 1411 eriperet,
1575 1347 1784 1395 contra-

173 1416 301 1470 here
320 1414 572 1478 claustra,
584 1419 807 1485 artaque
823 1411 1186 1467 circumdare:
1211 1419 1263 1466 et
1279 1413 1583 1468 struebatur
1601 1429 1786 1488 agger,

172 1490 319 1547 unde
337 1504 488 1557 saxa,
530 1489 734 1553 hastae,
750 1487 930 1561 ¹⁴ignes
968 1486 1338 1560 propinquum
1365 1487 1476 1543 iam
1499 1487 1558 1541 in
1575 1487 1786 1543 hostem

172 1568 492 1623 iacerentur.
524 1562 629 1618 Sed
647 1561 783 1618 nihil
809 1578 1000 1633 aeque,
1022 1578 1189 1633 quam
1210 1561 1351 1627 sitis,
1373 1558 1644 1655 fatigabat,
1658 1578 1782 1616 cum

172 1646 367 1717 ingens
399 1637 693 1695 *multitudo
720 1634 1056 1703 bellatorum,
1089 1634 1415 1702 imbellium,
1442 1652 1554 1693 uno
1577 1635 1786 1709 reliquo

164 1710 319 1773 'fonte
334 1719 630 1770 uterentur.
708 1710 884 1767 Simul
914 1711 1062 1785 equi,
1092 1717 1350 1778 armenta,
1377 1718 1440 1787 ut
1457 1727 1574 1769 mos
1589 1710 1788 1767 barba·

175 1792 274 1855 ris,
303 1791 454 1845 iuxta
482 1786 683 1855 clausa,
711 1794 939 1862 egestate
963 1786 1153 1861 pabuli
1177 1788 1502 1845 exanimari:
1545 1787 1786 1845 adiacere

175 1880 397 1937 corpora
415 1864 719 1929 hominum,
734 1880 871 1937 quos
889 1862 1135 1930 vulnera,
1158 1880 1298 1937 quos
1315 1864 1436 1920 sitis
1454 1871 1780 1938 peremerat:

176 1938 348 2014 pollui
367 1940 745 2005 cuncta'sanie,
767 1938 945 2005 odore,
968 1944 1229 1996 contactu.
1287 1939 1580 2013 Rebusque
1598 1940 1787 1995 turba-

178 2018 247 2072 tis
274 2012 480 2071 malum
512 2021 812 2069 extremum
850 2013 1118 2073 discordia
1145 2016 1393 2084 accessit;
1435 2014 1525 2072 his
1559 2014 1785 2070 deditio-

177 2107 325 2157 nem,
348 2089 471 2147 aliis
490 2096 799 2155 mortem,et
816 2096 1032 2147 mutuos
1051 2091 1269 2147 interse
1285 2091 1425 2147 ictus
1443 2088 1780 2162 parantibus.

175 2170 245 2224 Et
282 2172 450 2233 erant,
492 2166 589 2239 qui
626 2182 733 2221 non
768 2164 1005 2221 inultum
1043 2166 1291 2237 exitium,
1326 2165 1424 2221 sed
1451 2164 1781 2239 eruptionem

177 2242 491 2309 suaderent,
522 2258 701 2320 neque
731 2239 995 2317 ignobiles
1009 2281 1023 2307 ‚
1055 2242 1307 2315 quamvis
1337 2241 1540 2297 diversi
1568 2246 1784 2297 senten-

178 2320 289 2376 tiis.
388 2342 397 2350 ·

250 2400 255 2414 “
287 2386 373 2451 δϋζ
416 2393 618 2449 Verum
648 2410 677 2448 e
706 2392 939 2449 ducibus
966 2392 1139 2459 Dinis,
1170 2396 1453 2465 provectus
1481 2398 1710 2457 senecta,
1735 2400 1788 2447 et

181 2469 338 2545 longo
368 2476 474 2526 usu
502 2470 615 2524 vim
646 2460 815 2543 atque
842 2468 1181 2525 clementiam
1219 2467 1512 2524 Romanam
1546 2466 1784 2533 edoctus,

179 2546 423 2619 ponenda
440 2562 607 2610 arma,
620 2561 795 2600 unum
812 2542 1039 2600 adflictis
1054 2543 1114 2600 id
1131 2542 1452 2609 remedium,
1469 2541 1782 2599 disserebat.

180 2622 506 2695 Primusque
534 2638 593 2676 se
619 2635 744 2676 cum
776 2621 1001 2696 coniuge
1022 2625 1075 2675 et
1094 2617 1279 2675 liberis
1298 2618 1483 2675 victori
1506 2618 1782 2691 permisit:

181 2697 349 2755 secuti
377 2702 543 2761 aetate
567 2704 661 2752 aut
684 2714 818 2753 sexu
846 2693 1129 2760 imbecilli,
1161 2701 1214 2751 et
1231 2690 1435 2767 quibus
1458 2694 1629 2751 maior
1647 2695 1788 2751 vitae

182 2790 348 2847 quam·
384 2771 585 2847 gloriae
622 2772 835 2846 cupido.
916 2771 985 2828 At
1017 2772 1274 2828 iuventus
1309 2770 1536 2826 Tarsam·
1568 2771 1704 2827 inter
