2081 3038
321 231 422 286 229.
799 232 1454 304 ‚lusu-onustum
1644 225 1913 301 (nmen.

321 354 446 409 que.
520 338 648 394 Pars
667 338 960 403 montibus,
981 338 1077 394 alii
1095 339 1242 395 viam
1260 337 1399 394 inter
1414 334 1802 410 Mosellamque
1817 336 1917 394 flu-

322 430 446 467 men
477 419 582 468 tam
610 414 871 485 inprovisi
901 413 1185 481 adsiluere,
1216 422 1278 469 ut
1294 414 1352 469 in
1380 411 1629 469 cubiculo
1646 430 1711 469 ac
1730 411 1916 470 lectulo

237 548 244 554 ,
321 486 541 543 Cerialis
563 488 758 562 (neque
786 491 931 545 enim
958 498 1164 546 noctem
1192 490 1251 544 in
1270 491 1456 544 castris
1475 487 1669 563 egerat)
1686 491 1914 564 pugnari

320 563 484 618 simul
507 565 761 638 vincique
785 583 913 621 suos
931 565 1179 631 audierit,
1208 566 1489 637 increpans
1504 581 1755 637 pavorem
1780 582 1917 620 nun-

316 639 587 705 tiantium,
612 641 778 696 donec
795 641 1047 696 universa
1068 640 1243 696 clades
1260 641 1318 696 in
1334 640 1504 697 oculis
1523 639 1644 696 fuit.
1698 653 1702 661 ·
1725 641 1916 696 Perru-

318 723 407 786 pta
448 714 720 790 legionum
759 723 952 782 castra,
989 715 1100 772 fusi
1136 717 1371 789 equites:
1421 715 1632 770 medius
1668 715 1917 772 Mosellae

319 775 474 863 pone,
521 792 621 864 qui
652 790 901 847 ulteriora
929 790 1165 847 coloniae
1192 791 1438 857 adnectit,
1480 791 1549 846 ab
1566 791 1815 847 hostibus
1832 791 1918 847 in-

319 884 522 924 sessus.
601 865 843 933 CerialiS,
872 865 1103 922 turbidis
1132 867 1293 922 rebus
1318 865 1615 938 intrepidus
1634 873 1688 922 et
1706 865 1918 940 fugien-

320 951 396 996 tes
417 959 578 997 manu
601 942 895 1008 retrahens,
925 943 1119 1008 intecto
1144 959 1362 1014 corpore
1380 950 1661 1014 promptus
1681 942 1823 997 inter
1841 950 1919 998 te-

319 1017 388 1082 la,
431 1016 572 1072 felici
619 1019 909 1072 temeritate
945 1025 998 1074 et
1035 1017 1315 1074 fortissimi
1358 1018 1626 1090 cuiusque
1662 1017 1912 1084 adcursu,

317 1094 667 1163 reciperatum
705 1100 922 1163 pontem
961 1090 1123 1148 electa
1161 1111 1327 1149 manu
1364 1093 1617 1149 firmavit.
1695 1094 1823 1150 Mox
1860 1094 1917 1149 in

317 1174 486 1222 castra
523 1183 796 1234 reversus,
843 1165 1083 1239 palantes
1128 1177 1402 1241 captarum
1440 1168 1587 1241 apud
1622 1169 1917 1224 Novesium

316 1242 661 1314 Bonnamque
688 1241 958 1316 legionum
986 1244 1292 1316 manipulos
1320 1252 1372 1300 et
1391 1262 1572 1300 rarum
1598 1243 1745 1316 apud
1762 1245 1918 1318 SIgna

317 1315 544 1372 militem
564 1335 625 1372 ac
641 1335 806 1391 prope
824 1320 1213 1376 circumventas
1232 1321 1442 1393 aquilas
1457 1320 1619 1376 videt.
1660 1320 1919 1374 Incensus

316 1393 415 1459 ira,
439 1393 558 1450 Non
573 1395 838 1461 Flaccum,
863 1395 1061 1468 inquit,
1084 1414 1188 1451 non
1212 1397 1457 1452 Voculam
1474 1399 1725 1452 deser-iiie.
1782 1396 1921 1451 Nul-

318 1473 373 1525 la
410 1473 494 1525 hic
522 1475 784 1541 proditio.-
821 1489 984 1543 neque
1011 1475 1163 1529 aliud
1188 1476 1545 1529 excusandum
1562 1474 1737 1536 imbec,
1762 1489 1919 1541 quam

317 1550 454 1615 quod
479 1564 586 1612 vos,
622 1547 818 1603 Gallici
843 1552 1069 1621 foederis
1096 1552 1295 1614 oblitos,
1324 1552 1520 1605 redisse
1544 1553 1602 1603 in
1618 1552 1919 1603 memoriam

318 1624 536 1676 Romam·
551 1629 884 1689 sacramenti,
907 1634 1095 1679 temere
1112 1628 1325 1680 credidi.
1391 1624 1787 1679 Adnumerabor
1805 1623 1921 1679 Nu-

315 1700 482 1751 misiis
509 1706 558 1750 et
584 1698 890 1755 Herenniis:
925 1708 986 1753 ut
1011 1716 1185 1754 omnes
1214 1701 1373 1770 leyati
1400 1704 1561 1755 vestri
1582 1707 1678 1754 aut
1695 1702 1921 1753 militum

316 1775 570 1837 manibus,
601 1782 696 1829 aut
712 1777 949 1839 hostium,
979 1778 1275 1836 ceciderint.
1351 1776 1445 1836 Ite,
1464 1778 1702 1829 nuntiate
1730 1774 1921 1843 Vespa-

315 1852 482 1912 siano,
512 1851 611 1913 vel,
645 1854 782 1920 quod
801 1854 1022 1919 propius
1047 1858 1139 1914 est,
1168 1849 1324 1905 Civili
1338 1858 1389 1905 et
1412 1849 1655 1915 Classico,
1678 1852 1921 1905 relictum

313 1942 350 1978 a
369 1927 513 1979 vobis
526 1929 585 1980 in
607 1930 723 1980 acie
739 1929 936 1979 ducem.
1020 1924 1232 1980 Venient
1253 1928 1489 1996 leyionea,
1510 1943 1645 1996 quae
1660 1942 1827 1995 neque
1842 1942 1922 1978 me

316 2002 554 2063 inultum,
576 2017 739 2069 neque
757 2016 848 2055 vos
867 2004 1147 2070 inpunitos,
1165 2007 1459 2070 patiantur.

425 2075 512 2129 78.
554 2073 691 2131 Vera
726 2082 875 2131 erant
912 2082 964 2131 et
1002 2094 1033 2131 a
1061 2076 1293 2131 tribunis
1318 2074 1706 2148 praefectisque
1733 2075 1921 2131 eadem

315 2150 711 2224 ingerebantur.
792 2149 1102 2207 Consistunt
1127 2168 1224 2223 per
1250 2152 1489 2207 cohortes
1510 2159 1561 2205 et
1580 2150 1919 2222 manipulos:

317 2244 493 2297 neque
521 2226 666 2281 enim
694 2233 898 2298 poterat
922 2234 1189 2299 patescere
1218 2227 1377 2293 acies,
1410 2226 1576 2282 effuso
1596 2226 1748 2281 hoste
1768 2234 1820 2281 et
1839 2227 1923 2281 in-

315 2301 654 2371 pedientibus
694 2303 933 2357 tentoriis
970 2303 1323 2375 sarcinisque,
1364 2320 1489 2358 cum
1538 2303 1671 2357 intra
1713 2301 1923 2357 vallum

315 2384 662 2449 pugnaretur.
742 2378 906 2433 Tutor
936 2386 989 2433 et
1016 2377 1285 2433 Classicus
1313 2384 1365 2432 et
1390 2376 1599 2442 Civilis,
1628 2378 1747 2432 suis
1768 2377 1926 2449 quis-

317 2467 424 2521 que
444 2450 593 2517 locis,
623 2468 863 2525 pugnam
883 2453 1119 2508 ciebant:
1164 2453 1344 2509 Gallos
1370 2470 1467 2524 pro
1486 2450 1745 2517 libertate,
1770 2453 1928 2507 Bata-

316 2541 412 2578 vos
432 2542 528 2595 pro
546 2525 734 2599 gloria,
759 2527 1053 2583 Germanos
1074 2527 1142 2582 ad
1168 2528 1419 2599 praedam
1438 2528 1775 2601 instigantes.
1858 2526 1929 2581 Et

316 2607 504 2653 cuncta
522 2617 620 2670 pro
649 2601 896 2658 hostibus
921 2610 1095 2671 erant3
1138 2602 1304 2659 donec
1321 2602 1460 2676 legio
1479 2602 1923 2666 unaetvicesima‚

316 2674 623 2739 patentiore,
653 2692 819 2746 quam
845 2686 1066 2743 ceterae,
1103 2679 1275 2749 spatio
1298 2676 1629 2751 conglobata,
1660 2675 1931 2732 sustinuit

317 2752 559 2815 ruentes3
599 2764 728 2807 mox
753 2751 970 2825 inpulit.
1050 2752 1161 2807 Nec
1188 2755 1307 2809 sine
1331 2768 1434 2825 ope
1461 2752 1666 2819 divina,
1699 2751 1929 2809 mutatis
