2081 3038
209 238 262 278 A.
289 238 336 275 c.
364 220 458 293 ⁶3.)
624 232 782 275 ΜΒ.
823 230 930 277 xv.
973 235 1152 279 cAP.
1194 234 1273 279 ιο.
1317 234 1401 279 11.
1712 231 1811 285 365

206 338 262 387 et
283 330 430 386 eludi
443 331 668 386 Parthus
689 338 857 387 tractu
876 332 1003 387 belli
1021 340 1239 405 poterat,
1254 332 1301 388 si
1312 334 1465 389 Paeto
1485 337 1649 390 autin
1670 339 1807 402 suis,

207 416 305 462 aut
324 406 382 461 in
407 406 594 461 alienis
615 407 872 473 consiliiS‚
901 410 1191 463 constantia
1212 406 1419 463 fuisset.
1469 411 1689 476 Verum,
1714 412 1810 468 ubi

207 498 238 536 a
273 483 407 537 viris
444 481 768 537 militaribus
805 482 1062 539 adversus
1099 490 1350 557 urgentes
1386 500 1541 539 casus
1572 486 1811 541 firmatus

208 564 342 622 erat,
373 572 585 623 rursus,
617 574 685 612 ne
712 557 914 613 alienae
940 560 1229 614 sententiae
1254 558 1502 633 indigens
1520 560 1807 627 videretur,

209 634 269 687 in
298 632 511 687 diversa
536 650 598 687 ac
623 632 877 688 deteriora
902 634 1177 689 transibat.
1255 634 1325 689 Et
1341 642 1489 699 tunc,
1511 634 1708 690 relictis
1726 637 1813 692 hi-

207 707 412 773 bernis,
435 725 540 763 non
557 713 750 778 fossam
768 726 928 777 neque
944 712 1142 763 vallum
1158 712 1274 771 sibi,
1300 712 1391 763 sed
1410 726 1632 777 corpora
1652 720 1702 764 et
1718 729 1813 765 ar-

209 801 299 837 ma
333 787 392 837 in
428 786 618 838 hostem
653 787 782 837 data
817 783 1094 839 clamitans
1110 826 1123 849 ,
1162 784 1319 838 duxit
1355 783 1589 858 legiones
1604 826 1618 850 ,
1654 786 1811 857 quasi

208 856 411 930 proelio
427 865 742 913 certaturus.
821 859 1038 923 Deinde,
1068 859 1267 914 amisso
1285 860 1592 915 centurione
1609 868 1661 914 et
1676 871 1812 931 pau-

208 933 290 989 cis
317 932 604 998 militibus,
637 950 773 1006 quos
793 933 1031 989 visendis
1059 934 1297 989 hostium
1324 934 1493 1007 copiis
1521 936 1813 1006 praemise-

210 1018 308 1073 rat,
343 1008 582 1079 trepidus
612 1009 884 1064 remeavit.
961 1008 1058 1073 Et,
1088 1010 1217 1081 quia
1247 1010 1429 1065 minus
1448 1010 1637 1065 acriter
1655 1009 1813 1066 Volo-

208 1100 364 1157 geses
391 1084 670 1149 institerat,
693 1100 830 1139 vana
857 1100 1048 1139 rursus
1069 1084 1281 1150 fiducia,
1312 1085 1411 1139 tria
1432 1083 1601 1140 millia
1621 1084 1810 1141 delecti

211 1156 404 1231 peditis
422 1159 669 1230 proximo
688 1158 849 1223 Tauri
869 1160 996 1233 iugo
1014 1159 1271 1231 inposuit,
1293 1176 1403 1232 quo
1420 1161 1704 1216 transitum
1725 1179 1810 1216 re-

207 1235 293 1307 gis
312 1242 575 1289 arcerent:
599 1232 768 1288 alares
785 1250 1002 1307 quoque
1012 1235 1331 1300 Pannonios,
1345 1236 1506 1290 robur
1516 1238 1806 1308 equitatus,

208 1311 265 1365 in
303 1316 453 1380 parte
489 1309 664 1380 campi
701 1308 852 1363 locat.
932 1308 1181 1365 Coniunx
1201 1326 1261 1363 ac
1281 1309 1425 1364 filius
1446 1311 1679 1376 castello,
1718 1312 1809 1367 cui

205 1384 544 1439 Arsamosata
571 1400 764 1439 nomen
793 1390 889 1448 est,
922 1383 1107 1449 abditi,
1138 1384 1256 1438 data
1283 1386 1340 1439 in
1369 1385 1695 1456 praesidium
1721 1404 1810 1442 co-

205 1459 376 1525 horte,
406 1476 469 1513 ac
493 1456 734 1531 disperso
764 1457 952 1525 milite,
984 1459 1103 1531 qui,
1134 1459 1191 1513 in
1221 1476 1329 1514 uno
1348 1458 1581 1527 habitus,
1614 1476 1808 1536 vagum

205 1536 414 1590 bostem
442 1534 742 1608 promptius
771 1534 1192 1589 sustentavisset.
1271 1534 1442 1609 Aegre
1468 1536 1807 1610 compulsum

207 1611 404 1676 ferunt,
433 1617 495 1666 ut
520 1610 805 1665 instantem
839 1608 1130 1665 Corbuloni
1158 1608 1422 1665 fateretur.
1500 1611 1610 1666 Nec
1628 1629 1659 1666 a
1678 1611 1809 1668 Cor-

204 1684 403 1741 bulone
431 1691 791 1758 properatum,
820 1701 948 1757 quo,
976 1683 1328 1759 gliscentibus
1348 1685 1623 1758 periculiS‚
1647 1689 1805 1743 etiam

204 1759 439 1816 subsidii
467 1759 586 1815 laus
615 1767 915 1834 augeretur.
992 1760 1251 1832 Expediri
1278 1769 1452 1815 tamen
1488 1763 1666 1818 itineri
1692 1763 1809 1818 sin-

203 1834 332 1911 gula
352 1834 526 1891 millia
553 1852 621 1890 ex
639 1835 812 1890 tribus
831 1834 1155 1909 legionibus,
1176 1843 1229 1891 et
1248 1835 1437 1891 alarios
1456 1839 1802 1912 octingentos,

205 1925 390 1984 parem
410 1928 700 1966 numerum
722 1927 752 1964 e
771 1910 1097 1976 cohortibus,
1118 1911 1296 1966 iussit.

318 1990 402 2043 ll.
444 1986 514 2041 At
531 1984 832 2060 Vologeses,
862 1987 1135 2057 quamvis,
1155 1985 1371 2040 obsessa
1394 2003 1424 2040 a
1444 1986 1599 2041 Paeto
1617 1987 1805 2041 itinera

204 2059 334 2118 hin‘c
367 2059 626 2134 peditatu,
668 2060 794 2116 inde
830 2061 1028 2132 equite,
1069 2061 1385 2132 accepisset,
1427 2060 1564 2116 nihil
1605 2069 1807 2117 mutato
1908 2129 1914 2136 ι

205 2136 446 2203 consilio,
488 2135 585 2192 sed
610 2135 666 2192 vi
695 2153 757 2190 ac
784 2135 948 2190 minis
986 2135 1155 2190 alares
1175 2137 1448 2202 exterruit,
1491 2134 1807 2208 legionarios

203 2213 440 2280 obtrivit,
472 2229 583 2267 uno
607 2218 815 2267 tantum
844 2211 1170 2276 centurione,
1202 2211 1477 2283 Tarquitio
1505 2211 1802 2276 Crescente,

204 2289 418 2353 turrim,
458 2289 517 2342 in
554 2304 663 2359 qua
700 2286 1027 2358 praesidium
1066 2286 1311 2360 agitabat,
1344 2285 1624 2342 defendere
1651 2303 1801 2352 auso,

205 2363 336 2418 sacta
352 2363 572 2435 saepius
593 2363 886 2433 eruptione,
910 2369 961 2416 et
979 2360 1147 2415 caesis
1162 2403 1175 2427 ,
1198 2362 1295 2435 qui
1314 2361 1661 2417 barbarorum
1678 2378 1804 2434 pro-

202 2439 327 2512 pius
345 2435 847 2512 suggrediebantur‚
874 2435 1040 2490 donec
1057 2436 1270 2509 ignium
1289 2437 1429 2492 iactu
1446 2437 1805 2492 circumveni-

202 2522 365 2569 retur.
448 2511 694 2570 Peditum
731 2513 780 2567 si
819 2511 946 2583 quis
983 2513 1207 2584 integer,
1249 2511 1539 2586 longinqua
1578 2519 1631 2566 et
1653 2513 1798 2580 avia3

205 2588 468 2644 vulnerati
496 2594 665 2642 castra
695 2587 1010 2660 repetivere:
1054 2588 1306 2641 virtutem
1336 2587 1497 2661 regis,
1526 2588 1801 2643 saevitiam

201 2674 251 2720 et
269 2666 452 2738 copias
479 2663 742 2738 gentium,
776 2665 963 2717 cuncta
993 2669 1139 2716 metu
1169 2660 1494 2727 extollentes,
1528 2661 1669 2718 facili
1686 2681 1795 2719 cre-

199 2740 423 2796 dulitate
442 2755 647 2804 eorum,
671 2737 764 2810 qui
787 2737 968 2792 eadem
991 2737 1272 2810 pavebant.
1352 2737 1431 2792 Ne
1450 2736 1565 2794 dux
1578 2738 1796 2812 quidem
