2081 3038
207 242 258 282 Α.
285 221 458 296 ατο.)
609 233 766 278 LIB.
805 233 877 278 11.
919 231 1384 278 car.-53-u⁵.
1742 225 1809 278 93

206 331 444 398 Addidit,
487 340 736 388 tentatam
779 335 1049 390 cohortem,
1092 349 1224 400 quae
1261 331 1437 386 Ostiae
1466 339 1665 401 ayeret:
1716 349 1812 386 nec

205 407 336 464 ullis
354 415 622 464 tantorum
644 409 932 462 criminum
959 405 1377 478 probationibus
1456 405 1518 460 In
1538 407 1811 476 poeniten-

205 484 337 538 tiam
384 501 574 538 versus
623 500 826 548 seram,
875 482 1087 538 veniam
1133 489 1251 552 post
1288 478 1465 534 scelus
1502 479 1805 552 quaerebat.

207 558 558 614 Cunctantem
587 575 747 629 super
767 565 908 612 tanta
930 574 986 612 re
1011 555 1258 610 Flavium
1280 555 1561 620 Sabinum,
1584 555 1805 621 Triaria,

207 635 270 689 L.
293 632 494 690 Vitellii
515 651 668 697 uxor,
699 632 834 687 ultra
861 630 1119 686 feminam
1144 629 1311 696 ferox,
1346 630 1547 695 terruit,
1582 647 1648 684 ne
1665 635 1809 698 peri-

207 713 326 762 culo
349 712 608 776 principis
629 714 822 777 famam
853 709 1151 761 elementiae
1176 709 1477 775 adsectaret.
1555 704 1805 769 Sabinus,

204 792 399 854 suopte
427 784 640 854 ingenio
669 782 834 847 mitis,
867 780 965 836 ubi
1003 779 1231 836 formido
1274 779 1595 845 incessisset,
1638 779 1809 834 facilis

209 866 440 920 mutatu,
473 867 523 911 et
549 858 603 910 in
633 856 804 912 alieno
831 855 1145 912 discrimine
1172 855 1279 910 sibi
1319 871 1543 928 pavens,
1573 871 1639 910 ne
1664 854 1808 910 adle-

211 949 367 988 vasse
387 930 670 996 videretur,
693 931 894 1003 inpulit
909 939 1175 986 ruentem.

321 1009 402 1062 64.
446 1007 612 1079 Igitur
632 1006 900 1072 vitellius,
923 1015 1070 1062 metu
1091 1014 1143 1062 et
1160 1005 1301 1071 odio,
1324 1004 1467 1078 quod
1488 1007 1803 1073 Petroniam,

209 1099 428 1136 uxorem
457 1083 595 1148 eius,
619 1099 746 1138 mox
776 1081 1040 1138 Dolabella
1069 1083 1125 1136 in
1150 1081 1552 1137 matrimonium
1574 1084 1809 1154 accepis-

207 1165 303 1221 set,
341 1165 580 1212 vocatum
610 1174 706 1230 per
735 1157 1004 1230 epistolae,
1037 1163 1205 1212 vitata
1225 1157 1519 1212 Flaminiae
1539 1161 1655 1211 viae
1677 1160 1808 1211 cele-

207 1236 408 1299 britate,
441 1237 700 1288 devertere
717 1234 1093 1289 Interamnium
1112 1242 1267 1301 atque
1286 1235 1361 1288 ibi
1379 1236 1601 1301 interfici
1629 1232 1803 1286 iussit.

207 1309 452 1380 Longum
484 1307 798 1364 interfectori
829 1310 1040 1364 visum:
1085 1309 1141 1361 in
1162 1308 1349 1360 itinere
1370 1324 1431 1360 ac
1452 1307 1662 1361 taberna
1684 1323 1809 1378 pro-

207 1385 404 1438 iectum
429 1381 580 1438 humi
604 1383 897 1456 iugulavit:
927 1399 1125 1454 magna
1144 1398 1272 1436 cum
1290 1379 1491 1434 invidia
1514 1381 1637 1434 novi
1659 1382 1809 1451 prin-

206 1459 434 1529 cipatus,
465 1461 621 1513 cuius
650 1459 751 1513 hoc
778 1459 1018 1530 primum
1040 1455 1312 1527 specimen
1334 1454 1665 1509 noscebatur.
1745 1455 1810 1508 Et

206 1534 439 1588 Triariae
485 1534 754 1589 licentiam
803 1533 1107 1587 modestum
1151 1547 1183 1583 e
1220 1530 1465 1600 proximo
1502 1528 1808 1601 exemplum

204 1610 475 1674 onerabat,
509 1608 720 1664 Galeria
741 1606 1075 1677 imperatoris
1098 1622 1250 1671 uxor,
1277 1623 1381 1661 non
1403 1604 1625 1661 inmixta
1649 1604 1813 1661 tristi-

207 1686 340 1738 bus:
385 1691 434 1737 et
460 1684 574 1755 pari
604 1682 861 1754 probitate
888 1691 1056 1736 mater
1073 1680 1429 1744 Vitelliorum,
1452 1679 1689 1746 Sextilia,
1716 1698 1811 1735 an-

206 1760 346 1830 tiqui
388 1758 572 1811 moris.
653 1756 862 1811 Dixisse
900 1759 1034 1829 quin
1078 1758 1236 1812 etiam
1277 1755 1346 1811 ad
1372 1756 1575 1827 primas
1605 1756 1809 1811 filii‘sui

205 1830 460 1903 epistolas
483 1829 762 1896 serebatur,
785 1849 888 1886 uon
911 1832 1277 1888 Germanicum
1295 1851 1332 1887 a
1350 1848 1421 1893 se,
1442 1836 1531 1885 aed
1554 1832 1811 1887 Vitellium

207 1910 454 1975 yenitum.
533 1904 642 1959 Nec
668 1904 794 1960 ullis
823 1915 1002 1977 postea
1023 1907 1263 1963 fortunae
1284 1905 1567 1961 inlecebris
1587 1913 1680 1960 aut
1697 1922 1812 1959 am-

209 1979 328 2035 bitu
357 1978 585 2034 civitatis
615 1980 672 2035 in
697 1980 958 2055 gaudium
987 1985 1177 2049 evicta,
1218 1982 1414 2039 domus
1443 1998 1573 2038 suae
1603 1988 1809 2037 tantum

207 2054 430 2110 adversa
450 2056 636 2112 sensit.

323 2133 406 2185 65.
449 2132 760 2205 Digressum
799 2150 830 2187 a
868 2132 1135 2207 Lugduno
1171 2132 1446 2189 Vitellium
1486 2132 1561 2188 M.
1586 2131 1813 2188 Cluvius

208 2205 382 2261 Rufus
411 2206 742 2279 adsequitur,
775 2210 975 2264 omissa
1003 2208 1286 2279 Hispania;
1331 2207 1583 2263 laetitiam
1607 2215 1665 2261 et
1691 2224 1809 2281 gra-

208 2281 517 2337 tulationem
539 2283 695 2338 vultu
734 2282 930 2350 ferens,
971 2284 1153 2339 animo
1191 2285 1386 2340 anxius
1425 2291 1476 2338 et
1502 2283 1729 2355 petitum
1756 2299 1813 2336 se

208 2357 673 2414 criminationibus
700 2376 921 2433 gnarus.
1001 2358 1258 2425 Hilarius,
1294 2358 1535 2415 Caesaris
1567 2357 1809 2423 libertuS‚

207 2432 482 2499 detulerat,
509 2444 787 2505 tamquam,
820 2440 1001 2491 audito
1031 2436 1223 2490 Vitellii
1241 2444 1289 2490 et
1311 2435 1526 2490 Othonia
1538 2438 1815 2503 principa-

211 2517 284 2571 tu,
311 2513 585 2578 propriam
612 2514 720 2579 ipse
742 2516 1028 2580 potentiam
1057 2520 1105 2565 et
1128 2515 1497 2579 possessionem
1526 2510 1815 2578 Hispania-

208 2600 328 2637 rum
367 2592 638 2639 tentasset:
687 2603 844 2656 eoque
881 2590 1251 2655 diplomatibus
1289 2587 1491 2639 nullum
1526 2589 1813 2655 principem

203 2665 644 2728 praescripsisset.
722 2662 1166 2735 interpretabatur
1194 2659 1459 2735 quaedam
1481 2677 1547 2715 ex
1566 2659 1811 2716 orationi-

211 2732 316 2787 bus
337 2735 474 2800 eius,
508 2737 889 2795 contumeliosa
907 2739 964 2795 in
985 2738 1286 2804 Vitellium,
1320 2745 1371 2793 et
1388 2752 1485 2808 pro
1505 2754 1561 2792 se
1583 2738 1700 2810 ipso
1718 2753 1813 2810 po-
