2081 3038
180 236 304 277 nc.
331 215 428 289 ει.)
553 226 711 269 ms.
752 224 902 269 x1v.
943 226 1123 271 CAP.
1165 226 1403 272 22—-24,
1682 222 1781 274 335

177 326 502 405 plerumque
533 323 693 379 fallax
722 323 944 379 ambitio
961 332 1060 381 est.
1136 325 1281 400 Ergo
1300 335 1570 398 permotus
1588 326 1661 382 iis
1677 328 1784 383 Ne-

176 420 254 467 ro,
287 402 559 472 componit
588 400 654 453 ad
681 398 931 455 Plautum
960 400 1180 466 litteras,
1206 406 1490 457 consuleret
1508 408 1669 473 quieti
1688 422 1784 457 ur-

179 482 272 541 bia,
294 492 448 546 seque
459 492 626 545 prave
645 478 1039 545 diffamantibus
1061 480 1399 532 subtraheret.
1448 478 1573 532 Esse
1590 480 1785 548 imper

176 554 358 608 Asiam
383 556 554 606 avitos
579 566 756 619 aqi-os,
787 554 847 605 in
875 554 1061 620 quibua
1091 560 1204 606 tuta
1222 560 1271 605 et
1288 555 1558 608 inturbida
1575 557 1785 609 iuventa

175 634 458 697 fruentur.
535 625 612 679 Ita
639 623 771 678 illuc
792 641 918 680 cum
938 628 1167 701 coniuge
1185 626 1413 681 Antistia
1433 635 1485 680 et
1500 626 1687 697 paucis
1708 626 1785 681 fa-

179 701 476 757 miliarium
505 700 785 755 ccncessit.
864 700 1062 756 Iisdem
1091 701 1282 757 diebus
1312 700 1480 756 nimia
1507 700 1670 757 luxus
1692 718 1786 757 cu-

178 777 308 849 pido
331 774 611 830 infamiam
639 782 690 829 et
713 774 1015 845 periculum
1046 776 1242 831 Neroni
1272 776 1411 841 tulit,
1440 775 1569 849 quia
1588 774 1783 831 fontem

177 868 352 925 aquae
379 851 625 915 Marciae,
659 848 727 904 ad
745 849 936 905 urbem
964 850 1239 917 deductae,
1270 851 1449 907 nando
1467 850 1780 905 incesserat:

179 926 573 997 videbaturque
603 932 762 997 potus
783 940 959 981 sacros
985 934 1037 981 et
1056 927 1434 984 caerimoniam
1452 924 1553 982 loci
1572 942 1789 999 corpore

179 1003 286 1133 lrzltfio
313 998 604 1131 pollviisisse:
655 1007 946 1075 secutaque
971 1016 1166 1080 anceps
1195 1000 1441 1059 valetudo
1466 1002 1604 1057 iram
1624 1000 1785 1055 deum

179 1096 210 1133 a
283 1088 404 1132 ‘rma
463 1084 502 1131 t.

289 1156 378 1209 23.
421 1151 490 1207 At
516 1148 766 1216 Corbu10,
797 1160 918 1223 post
944 1150 1113 1207 deleta
1132 1152 1398 1217 Artaxata,
1421 1150 1679 1209 utendum
1702 1169 1784 1207 re-

183 1229 323 1285 centi
353 1236 551 1283 terrore
579 1233 726 1281 ratus
753 1227 821 1282 ad
847 1228 1154 1299 occupanda
1174 1228 1559 1303 Tigranocerta,
1582 1227 1787 1301 quibus

183 1305 402 1367 excisis,
425 1310 631 1357 metum
650 1300 886 1357 hostium
909 1303 1222 1369 intenderet,
1248 1302 1352 1368 vel,
1376 1304 1424 1357 si
1442 1303 1784 1375 pepercisset,

182 1380 498 1435 clementiae
525 1376 723 1431 famam
751 1376 1163 1448 adipisceretur-3
1204 1376 1337 1433 illuc
1362 1380 1553 1451 pergit,
1576 1394 1682 1434 non
1703 1379 1790 1431 in-

139 1510 146 1515 .
183 1456 336 1511 fenso
363 1454 620 1516 exercitu,
653 1468 724 1506 ne
749 1468 904 1525 spem
932 1452 1122 1507 veniae
1148 1450 1393 1517 auferret,
1416 1468 1592 1526 neque
1611 1460 1787 1506 tamen

183 1531 413 1587 remissa
437 1545 586 1593 cura,
627 1542 851 1602 gnarus,
891 1527 1097 1582 facilem
1132 1535 1339 1582 mutatu
1363 1535 1597 1604 gentem,
1624 1535 1687 1582 ut
1704 1545 1789 1581 se-

181 1623 350 1682 gnem
375 1605 445 1659 ad
467 1603 724 1676 pericula,
746 1604 820 1658 ita
841 1602 1064 1658 infidam
1084 1603 1151 1658 ad
1169 1603 1488 1658 occasiones,
1548 1601 1786 1668 Barbari,

181 1701 280 1756 pro
307 1680 527 1755 ingenio
552 1680 807 1751 quisque,
839 1678 932 1734 alii
955 1694 1141 1751 preces
1169 1677 1372 1743 offerre,
1396 1677 1616 1750 quidam
1636 1677 1791 1732 dese-

181 1775 300 1814 rere
327 1757 496 1819 vicoS,
527 1761 578 1808 et
602 1755 661 1808 in
688 1753 806 1809 avia
824 1753 1062 1828 digredi:
1104 1771 1168 1809 ac
1184 1753 1350 1819 fuere,
1374 1755 1550 1828 quise
1568 1753 1791 1826 spelun-

181 1835 284 1898 cis,
316 1839 370 1887 et
397 1830 675 1884 carissima
703 1845 909 1895 secum,
931 1829 1201 1886 abderent.
1280 1830 1447 1906 Igitur
1466 1828 1579 1884 dux
1596 1829 1791 1886 Roma-

185 1926 292 1963 nus
321 1905 554 1962 diversis
581 1905 806 1969 artibus,
835 1905 1198 1962 misericordia
1219 1899 1476 1960 adversus
1494 1903 1785 1977 supplices,

184 1983 450 2038 celeritate
479 1978 737 2035 adversus
766 1977 1020 2054 profugos
1036 2023 1050 2046 ,
1083 1981 1289 2036 inmitis
1320 1980 1409 2044 iis,
1440 1979 1537 2058 qui
1563 1979 1789 2034 latebras

184 2057 511 2120 insederant,
533 2071 621 2110 ora
643 2062 694 2110 et
713 2055 890 2110 exitus
910 2071 1193 2126 specuum,
1216 2055 1499 2110 sarmentis
1512 2053 1791 2130 virgultis-

187 2151 295 2207 que
331 2130 642 2202 completoS,
683 2131 799 2204 igni
827 2131 1020 2185 exurit.
1100 2129 1277 2203 Atque
1298 2129 1477 2194 illum,
1506 2128 1642 2182 fines
1661 2145 1790 2186 suos

185 2207 663 2282 praegredientem,
683 2221 1024 2260 incursavere
1042 2205 1230 2270 Mardi,
1245 2203 1533 2260 latrociniis
1552 2205 1787 2268 exerciti,

186 2292 477 2356 contraque
502 2283 899 2352 inrumpentem
928 2280 1202 2335 montibus
1230 2277 1462 2336 defensi:
1504 2295 1643 2352 quos
1662 2277 1791 2333 Cor-

188 2359 336 2424 bulo,
357 2357 604 2413 inmissis
621 2355 854 2421 Hiberis,
871 2356 1116 2420 vastavit,
1138 2355 1495 2427 hostilemque
1514 2353 1789 2409 audaciam

189 2443 407 2489 externo
426 2432 689 2506 sanguine
708 2429 854 2486 ultus
875 2437 972 2484 est.

297 2510 386 2564 24.
429 2508 552 2580 Ipse
570 2507 962 2578 exercitusque,
985 2513 1045 2559 ut
1065 2505 1231 2560 nullis
1250 2521 1318 2559 ex
1336 2503 1537 2576 proelio
1554 2503 1787 2568 damnis,

190 2585 260 2638 ita
277 2600 376 2656 per
390 2582 630 2653 inopiam
651 2588 704 2635 et
719 2579 990 2636 laboribus
1009 2579 1338 2644 fatiscebant,
1351 2596 1508 2633 carne
1522 2579 1785 2651 pecudum

188 2657 504 2732 propulsare
521 2655 718 2711 famem
739 2656 926 2712 adacti.
1006 2655 1090 2711 Ad
1114 2655 1215 2710 hoc
1232 2653 1456 2726 penuria
1474 2671 1663 2727 aquae,
1687 2653 1792 2710 fer-

189 2735 315 2792 vida
343 2741 536 2800 aestas,
566 2731 858 2807 longinqua
883 2732 1093 2801 itinera,
1115 2729 1227 2787 sola
1246 2729 1399 2785 ducis
1418 2729 1667 2802 patientia
1686 2731 1791 2785 mi-
