2081 3038
177 297 299 340 nc.
325 275 420 358 as.)
605 287 763 337 mn.
802 285 896 338 vt.
939 289 1115 336 CAP.
1157 285 1243 336 43.
1284 289 1367 338 44.
1680 281 1781 340 22⁴

175 391 440 450 delectum
461 389 717 464 capiendo
733 388 1019 444 diademati
1039 389 1184 444 diem
1208 389 1355 445 haud
1382 389 1759 448 concelebrave

174 476 322 534 rant,
364 485 490 540 pars
519 474 667 521 metu
684 507 697 532 ‚
740 463 964 537 quidam
993 461 1196 520 invidia
1224 467 1281 521 in
1310 465 1623 540 Abdagesen
1640 509 1652 533 ,
1686 473 1780 540 qui

176 552 294 601 tum
324 542 445 601 aula
474 551 526 598 et
553 558 691 598 novo
718 557 841 614 rege
865 540 1165 613 potiebatur
1180 581 1193 606 ,
1226 541 1293 594 ad
1311 540 1641 597 Artabanum
1662 559 1784 598 ver-

175 628 304 674 tere.
385 619 546 690 Isque
565 617 623 671 in
644 617 904 689 Hyrcanis
924 623 1165 688 repertus
1185 624 1294 682 est,
1324 615 1531 672 inluvie
1554 616 1780 683 obsitus,

175 703 227 749 et
243 691 494 749 alimenta
515 709 642 747 arcu
662 691 969 763 expediens,
1016 691 1099 748 Ac
1113 691 1309 765 primo,
1332 699 1611 764 tamquam
1630 691 1784 747 dolus

174 777 471 842 pararetur,
493 768 736 836 territus3
782 765 877 825 ubi
898 766 1017 822 data
1035 767 1169 823 fides
1184 811 1198 834 ‚
1228 771 1521 822 reddendae
1549 771 1787 822 dmnina-

178 849 311 898 tiom'
327 847 538 908 venisse,
560 843 834 900 adlevatur
849 843 1115 910 animum,
1137 851 1206 911 et,
1229 861 1364 914 quae
1381 847 1653 912 repentina
1670 859 1788 897 mu-
1871 858 1881 862 ·

179 917 350 974 tatio?
383 919 635 992 exquirit.
697 919 837 974 Tum
858 919 1014 976 Hiero
1029 924 1316 989 pueritiam
1339 919 1595 975 Tiridatis
1611 919 1788 974 incre-

175 1002 293 1066 pat3
327 1012 490 1065 neque
499 1012 658 1062 penes
675 994 978 1050 Arsacidem
992 999 1293 1065 imperium,
1320 999 1411 1050 sed
1429 999 1585 1049 inane
1603 1011 1786 1049 nomen

175 1073 318 1140 apud
346 1073 580 1126 inbellem
609 1079 830 1126 externa
846 1073 1096 1136 mollit-ia,
1118 1074 1225 1126 vim
1242 1075 1301 1126 in
1316 1071 1601 1140 Abdayesis
1620 1074 1784 1125 domo.

286 1147 369 1201 44.
413 1144 591 1200 Sensit
608 1153 762 1202 vetus
782 1145 1061 1220 regnandi,
1084 1145 1245 1202 falsos
1262 1146 1321 1201 in
1342 1162 1522 1201 amore
1537 1145 1657 1203 odia
1676 1163 1786 1201 non

175 1220 394 1296 fingere.
473 1222 584 1276 Nec
612 1220 750 1276 ultra
786 1229 1024 1278 moratus
1039 1263 1055 1288 ‚
1095 1238 1262 1294 quam
1302 1220 1435 1276 dum
1463 1219 1785 1296 Scytharum

173 1295 375 1352 auxilia
396 1297 644 1362 conciret,
663 1297 840 1370 pergit
866 1313 1128 1368 properus
1153 1305 1205 1352 et
1229 1297 1579 1368 praeveniens
1599 1297 1788 1353 inimi-

73 1407 84 1424 .
173 1389 359 1428 corum
380 1377 558 1437 astus,
591 1373 886 1427 amicorum
916 1371 1326 1442 poenitentiam:
1367 1388 1543 1444 neque
1571 1379 1787 1427 exuerat

172 1447 455 1521 paedorem
471 1489 484 1512 ‚
529 1455 591 1501 ut
626 1445 855 1521 vulgum
897 1446 1236 1500 miseratione
1279 1444 1587 1502 adverteret.
1668 1448 1785 1501 Non

173 1522 324 1579 fraus
339 1565 352 1589 ‚
386 1539 492 1578 non
511 1538 694 1595 preces
711 1563 724 1586 ,
757 1519 893 1575 nihil
912 1522 1179 1577 omissum
1194 1562 1209 1587 ‚
1232 1537 1341 1593 quo
1361 1519 1643 1595 ambiguos
1663 1521 1789 1577 inli-

175 1606 333 1663 ceret,
357 1596 591 1670 prompti
609 1596 968 1651 firmarentur.
1049 1597 1272 1667 Iamque
1289 1593 1459 1651 multa
1480 1612 1645 1652 manu
1666 1613 1790 1667 pro-

173 1674 382 1745 pinqua
401 1670 670 1727 Seleuciae
689 1670 1030 1741 adventabat;
1065 1688 1190 1726 cum
1212 1669 1471 1726 Tiridates
1487 1714 1500 1737 ‚
1524 1671 1688 1727 simul
1711 1671 1791 1726 fa-

175 1764 264 1803 ma
282 1789 296 1813 ‚
329 1754 490 1819 atque
507 1747 625 1819 ipso
645 1744 911 1802 Artabano
927 1744 1239 1819 perculsuS‚
1273 1746 1498 1803 distrahi
1525 1746 1784 1813 consiliis,

175 1824 278 1878 iret
305 1830 484 1877 contra
499 1863 514 1888 ‚
544 1839 613 1876 an
639 1820 845 1877 bellum
874 1823 1206 1879 cunctatione
1237 1830 1493 1878 tractaret.
1572 1822 1787 1891 Quibus

175 1894 443 1970 proelium
462 1903 512 1951 et
531 1895 762 1952 festinati
779 1914 935 1953 casus
949 1897 1248 1971 placebant,
1261 1902 1501 1953 disiectos
1516 1908 1564 1954 et
1582 1902 1789 1968 lonqin-

175 1976 378 2043 quitate
405 1974 612 2027 itineris
637 1977 822 2043 fessos,
857 1990 921 2028 ne
947 1978 1123 2029 animo
1153 1978 1357 2044 quidem
1383 1978 1516 2030 satis
1542 1978 1614 2029 ad
1644 1978 1787 2029 obse-

175 2053 357 2119 quium
387 2048 665 2113 coaluisse,
698 2047 996 2115 disserunt,
1023 2054 1320 2118 proditores
1337 2066 1504 2118 nuper
1522 2052 1787 2119 hostesque

175 2130 315 2189 eius,
339 2141 487 2193 quem
506 2140 718 2179 rursum
735 2128 956 2195 foveant.
1032 2124 1234 2180 Verum
1256 2124 1581 2199 Abdageses‚
1607 2142 1787 2193 νερτε-

174 2203 420 2256 diendum
446 2204 504 2254 in
521 2200 972 2269 Mesopotamiam,
1003 2200 1276 2266 censebat,
1308 2210 1367 2255 ut
1393 2218 1544 2256 amne
1572 2202 1782 2263 obieeta,

173 2275 436 2333 Armeniis
463 2278 672 2331 interim
695 2274 1056 2346 Elymaeisque
1083 2286 1133 2330 et
1158 2280 1342 2331 ceteris
1360 2294 1396 2331 a
1416 2282 1558 2346 teryo
1578 2279 1783 2338 excitis,

175 2354 323 2408 aneti
350 2354 514 2419 copiis
537 2352 843 2415 socialibus,
881 2360 930 2405 et
959 2368 1091 2420 quas
1118 2354 1231 2406 dux
1256 2352 1519 2407 Romanus
1547 2355 1784 2414 misisset,

174 2432 442 2498 fortunam
464 2435 736 2481 tentarent.
814 2426 890 2481 Ea
913 2426 1170 2482 sententia
1192 2425 1381 2491 valuit,
1404 2426 1534 2499 quia
1551 2424 1786 2498 plurima

176 2503 460 2558 auctoritas
487 2517 654 2574 penes
688 2500 1000 2576 Abdagesen
1017 2543 1030 2568 ,
1072 2510 1123 2557 et
1150 2501 1409 2557 Tiridates
1450 2503 1680 2575 ignavus
1720 2501 1787 2556 ad

176 2576 415 2652 pericula
435 2585 563 2633 erat.
643 2576 748 2633 Sed
767 2576 924 2653 fugae
942 2578 1121 2649 specie
1144 2576 1474 2632 discessum:
1516 2594 1604 2643 ac,
1636 2576 1787 2649 prin-

179 2654 320 2727 cipio
347 2671 378 2709 a
403 2660 561 2729 gente
580 2651 819 2709 Arabum
849 2652 982 2709 facto
998 2696 1010 2719 ,
1045 2654 1204 2707 ceteri
1234 2651 1418 2707 domos
1445 2651 1668 2719 abeunt,
1698 2651 1785 2709 vel

179 2730 240 2786 in
277 2738 446 2785 castra
483 2729 766 2786 Artabani:
809 2727 978 2785 donec
1006 2728 1297 2793 Tiridates,
1345 2744 1469 2782 cum
1502 2730 1690 2801 paucis
1728 2728 1783 2783 iv

179 2802 392 2879 Syriam
413 2813 674 2873 revectus,
697 2805 900 2879 pudore
917 2804 1237 2880 proditionis
1257 2821 1441 2860 omnes
1462 2804 1687 2862 exsolvit
