<?xml version="1.0" encoding="UTF-8"?>
<!DOCTYPE html PUBLIC "-//W3C//DTD XHTML 1.0 Transitional//EN"
    "http://www.w3.org/TR/xhtml1/DTD/xhtml1-transitional.dtd">
<html xmlns="http://www.w3.org/1999/xhtml" xml:lang="en" lang="en">
 <head>
  <title>
</title>
<meta http-equiv="Content-Type" content="text/html;charset=utf-8" />
  <meta name='ocr-system' content='tesseract 3.04.00' />
  <meta name='ocr-capabilities' content='ocr_page ocr_carea ocr_par ocr_line ocrx_word'/>
</head>
<body>
  <div class='ocr_page' id='page_1' title='image "./operaquoadextan03tacigoog_0626.png"; bbox 0 0 2081 3038; ppageno 0'>
   <div class='ocr_carea' id='block_1_1' title="bbox 152 175 1857 265">
    <p class='ocr_par' dir='ltr' id='par_1_1' title="bbox 152 175 1857 265">
     <span class='ocr_line' id='line_1_1' title="bbox 152 175 1857 265; baseline 0.009 -45"><span class='ocrx_word' id='word_1_1' title='bbox 152 213 155 219; x_wconf 92' lang='lat'><strong>.</strong></span> <span class='ocrx_word' id='word_1_2' title='bbox 256 180 358 239; x_wconf 66' lang='lat'><strong>216</strong></span> <span class='ocrx_word' id='word_1_3' title='bbox 731 182 1385 235; x_wconf 65' lang='lat' dir='ltr'><strong>lusa-onmium</strong></span> <span class='ocrx_word' id='word_1_4' title='bbox 1575 175 1857 265; x_wconf 37' lang='lat' dir='ltr'><strong>&#39;(a.u.824.</strong></span> 
     </span>
    </p>
   </div>
   <div class='ocr_carea' id='block_1_2' title="bbox 252 282 1860 723">
    <p class='ocr_par' dir='ltr' id='par_1_2' title="bbox 252 282 1860 723">
     <span class='ocr_line' id='line_1_2' title="bbox 256 282 1856 358; baseline 0.001 -16"><span class='ocrx_word' id='word_1_5' title='bbox 256 285 426 343; x_wconf 77' lang='lat' dir='ltr'><strong>sentia</strong></span> <span class='ocrx_word' id='word_1_6' title='bbox 466 282 732 356; x_wconf 81' lang='lat' dir='ltr'><strong>placuere.</strong></span> <span class='ocrx_word' id='word_1_7' title='bbox 812 283 1132 341; x_wconf 75' lang='lat' dir='ltr'>Scribuntur</span> <span class='ocrx_word' id='word_1_8' title='bbox 1177 284 1248 341; x_wconf 88' lang='lat' dir='ltr'><strong>ad</strong></span> <span class='ocrx_word' id='word_1_9' title='bbox 1283 284 1542 343; x_wconf 82' lang='lat' dir='ltr'><strong>Treveros</strong></span> <span class='ocrx_word' id='word_1_10' title='bbox 1585 286 1856 358; x_wconf 81' lang='lat' dir='ltr'><strong>epistolae,</strong></span> 
     </span>
     <span class='ocr_line' id='line_1_3' title="bbox 256 358 1860 431; baseline 0.001 -14"><span class='ocrx_word' id='word_1_11' title='bbox 256 363 475 421; x_wconf 86' lang='lat' dir='ltr'><strong>nomine</strong></span> <span class='ocrx_word' id='word_1_12' title='bbox 512 358 831 426; x_wconf 84' lang='lat' dir='ltr'><strong>Galliarum,</strong></span> <span class='ocrx_word' id='word_1_13' title='bbox 873 369 933 417; x_wconf 76' lang='lat' dir='ltr'><strong>ut</strong></span> <span class='ocrx_word' id='word_1_14' title='bbox 970 364 1287 419; x_wconf 69' lang='lat' dir='ltr'><strong>abstinerent</strong></span> <span class='ocrx_word' id='word_1_15' title='bbox 1333 366 1516 425; x_wconf 73' lang='lat' dir='ltr'><strong>armis,</strong></span> <span class='ocrx_word' id='word_1_16' title='bbox 1559 366 1860 431; x_wconf 63' lang='lat' dir='ltr'><strong>inpar-abili</strong></span> 
     </span>
     <span class='ocr_line' id='line_1_4' title="bbox 252 437 1858 505; baseline 0.001 -14"><span class='ocrx_word' id='word_1_17' title='bbox 252 440 407 491; x_wconf 79' lang='lat' dir='ltr'><strong>venia</strong></span> <span class='ocrx_word' id='word_1_18' title='bbox 435 444 484 491; x_wconf 81' lang='lat' dir='ltr'><strong>et</strong></span> <span class='ocrx_word' id='word_1_19' title='bbox 506 440 716 503; x_wconf 72' lang='lat' dir='ltr'><strong>paratis</strong></span> <span class='ocrx_word' id='word_1_20' title='bbox 742 439 1180 505; x_wconf 61' lang='lat' dir='ltr'><strong>deprecatoribus,</strong></span> <span class='ocrx_word' id='word_1_21' title='bbox 1209 441 1259 493; x_wconf 73' lang='lat' dir='ltr'><strong>si</strong></span> <span class='ocrx_word' id='word_1_22' title='bbox 1275 441 1573 505; x_wconf 70' lang='lat' dir='ltr'><strong>poeniteret.</strong></span> <span class='ocrx_word' id='word_1_23' title='bbox 1651 437 1858 495; x_wconf 78' lang='lat' dir='ltr'><strong>Restitit</strong></span> 
     </span>
     <span class='ocr_line' id='line_1_5' title="bbox 253 510 1854 583; baseline 0.002 -17"><span class='ocrx_word' id='word_1_24' title='bbox 253 510 399 567; x_wconf 88' lang='lat' dir='ltr'><strong>idem</strong></span> <span class='ocrx_word' id='word_1_25' title='bbox 438 510 781 577; x_wconf 86' lang='lat' dir='ltr'><strong>Valentinus.</strong></span> <span class='ocrx_word' id='word_1_26' title='bbox 829 510 1204 583; x_wconf 74' lang='lat' dir='ltr'><strong>obstruxitque</strong></span> <span class='ocrx_word' id='word_1_27' title='bbox 1245 512 1476 571; x_wconf 79' lang='lat' dir='ltr'><strong>civitatis</strong></span> <span class='ocrx_word' id='word_1_28' title='bbox 1511 528 1644 575; x_wconf 86' lang='lat' dir='ltr'><strong>suae</strong></span> <span class='ocrx_word' id='word_1_29' title='bbox 1677 529 1854 577; x_wconf 84' lang='lat' dir='ltr'><strong>aures,</strong></span> 
     </span>
     <span class='ocr_line' id='line_1_6' title="bbox 254 584 1857 717; baseline 0.002 -76"><span class='ocrx_word' id='word_1_30' title='bbox 254 586 400 643; x_wconf 88' lang='lat' dir='ltr'><strong>haud</strong></span> <span class='ocrx_word' id='word_1_31' title='bbox 420 586 641 717; x_wconf 49' lang='lat' dir='ltr'><strong>pessnde</strong></span> <span class='ocrx_word' id='word_1_32' title='bbox 658 584 971 648; x_wconf 77' lang='lat' dir='ltr'><strong>instruendo</strong></span> <span class='ocrx_word' id='word_1_33' title='bbox 988 584 1128 646; x_wconf 84' lang='lat' dir='ltr'><strong>bello</strong></span> <span class='ocrx_word' id='word_1_34' title='bbox 1143 586 1400 653; x_wconf 80' lang='lat' dir='ltr'><strong>intentus,</strong></span> <span class='ocrx_word' id='word_1_35' title='bbox 1419 604 1587 659; x_wconf 78' lang='lat' dir='ltr'><strong>quam</strong></span> <span class='ocrx_word' id='word_1_36' title='bbox 1605 585 1857 661; x_wconf 79' lang='lat' dir='ltr'><strong>frequens</strong></span> 
     </span>
     <span class='ocr_line' id='line_1_7' title="bbox 254 679 621 723; baseline -0.003 0"><span class='ocrx_word' id='word_1_37' title='bbox 254 679 473 723; x_wconf 75' lang='lat' dir='ltr'><strong>concion</strong></span> <span class='ocrx_word' id='word_1_38' title='bbox 535 680 621 723; x_wconf 69' lang='lat' dir='ltr'><strong>us,</strong></span> 
     </span>
    </p>
   </div>
   <div class='ocr_carea' id='block_1_3' title="bbox 362 720 1894 813">
    <p class='ocr_par' dir='ltr' id='par_1_3' title="bbox 362 720 1894 813">
     <span class='ocr_line' id='line_1_8' title="bbox 362 720 1894 813; baseline 0.002 -23"><span class='ocrx_word' id='word_1_39' title='bbox 362 738 449 792; x_wconf 86' lang='lat'><strong>70.</strong></span> <span class='ocrx_word' id='word_1_40' title='bbox 492 737 661 813; x_wconf 76' lang='lat' dir='ltr'><strong>Igitur</strong></span> <span class='ocrx_word' id='word_1_41' title='bbox 695 752 805 793; x_wconf 87' lang='lat' dir='ltr'><strong>non</strong></span> <span class='ocrx_word' id='word_1_42' title='bbox 824 734 1039 791; x_wconf 85' lang='lat' dir='ltr'><strong>Treveri</strong></span> <span class='ocrx_word' id='word_1_43' title='bbox 1079 750 1255 807; x_wconf 88' lang='lat' dir='ltr'><strong>neque</strong></span> <span class='ocrx_word' id='word_1_44' title='bbox 1284 734 1552 809; x_wconf 84' lang='lat' dir='ltr'><strong>Lingones</strong></span> <span class='ocrx_word' id='word_1_45' title='bbox 1590 744 1858 796; x_wconf 73' lang='lat' dir='ltr'>ceteraeve</span> <span class='ocrx_word' id='word_1_46' title='bbox 1885 720 1894 729; x_wconf 59' lang='grc'><em>“</em></span> 
     </span>
    </p>
   </div>
   <div class='ocr_carea' id='block_1_4' title="bbox 246 810 1870 2687">
    <p class='ocr_par' dir='ltr' id='par_1_4' title="bbox 246 810 1870 2687">
     <span class='ocr_line' id='line_1_9' title="bbox 254 810 1859 885; baseline 0 -18"><span class='ocrx_word' id='word_1_47' title='bbox 254 810 537 869; x_wconf 80' lang='lat' dir='ltr'>rebellium</span> <span class='ocrx_word' id='word_1_48' title='bbox 564 814 803 869; x_wconf 81' lang='lat' dir='ltr'><strong>civitates</strong></span> <span class='ocrx_word' id='word_1_49' title='bbox 827 826 924 885; x_wconf 88' lang='lat' dir='ltr'><strong>pro</strong></span> <span class='ocrx_word' id='word_1_50' title='bbox 942 810 1312 883; x_wconf 80' lang='lat' dir='ltr'><strong>magnitudine</strong></span> <span class='ocrx_word' id='word_1_51' title='bbox 1329 812 1566 883; x_wconf 83' lang='lat' dir='ltr'><strong>suscepti</strong></span> <span class='ocrx_word' id='word_1_52' title='bbox 1588 811 1859 871; x_wconf 83' lang='lat' dir='ltr'><strong>discrimi-</strong></span> 
     </span>
     <span class='ocr_line' id='line_1_10' title="bbox 254 885 1858 961; baseline 0.001 -19"><span class='ocrx_word' id='word_1_53' title='bbox 254 887 340 942; x_wconf 90' lang='lat' dir='ltr'><strong>nis</strong></span> <span class='ocrx_word' id='word_1_54' title='bbox 360 903 534 961; x_wconf 86' lang='lat' dir='ltr'><strong>agere.</strong></span> <span class='ocrx_word' id='word_1_55' title='bbox 612 887 693 941; x_wconf 90' lang='lat' dir='ltr'><strong>Ne</strong></span> <span class='ocrx_word' id='word_1_56' title='bbox 711 886 875 945; x_wconf 86' lang='lat' dir='ltr'><strong>duces</strong></span> <span class='ocrx_word' id='word_1_57' title='bbox 892 885 1115 958; x_wconf 79' lang='lat' dir='ltr'><strong>quidem</strong></span> <span class='ocrx_word' id='word_1_58' title='bbox 1141 886 1198 941; x_wconf 91' lang='lat' dir='ltr'><strong>in</strong></span> <span class='ocrx_word' id='word_1_59' title='bbox 1224 903 1398 944; x_wconf 89' lang='lat' dir='ltr'><strong>unum</strong></span> <span class='ocrx_word' id='word_1_60' title='bbox 1417 886 1720 954; x_wconf 73' lang='lat' dir='ltr'><strong>censuim-03</strong></span> <span class='ocrx_word' id='word_1_61' title='bbox 1763 888 1858 943; x_wconf 86' lang='lat' dir='ltr'><strong>sed</strong></span> 
     </span>
     <span class='ocr_line' id='line_1_11' title="bbox 254 960 1859 1035; baseline 0.001 -18"><span class='ocrx_word' id='word_1_62' title='bbox 254 962 445 1020; x_wconf 83' lang='lat' dir='ltr'><strong>Civilis</strong></span> <span class='ocrx_word' id='word_1_63' title='bbox 471 962 590 1021; x_wconf 85' lang='lat' dir='ltr'><strong>avia</strong></span> <span class='ocrx_word' id='word_1_64' title='bbox 618 960 901 1035; x_wconf 79' lang='lat' dir='ltr'><strong>Belgarum</strong></span> <span class='ocrx_word' id='word_1_65' title='bbox 930 960 1264 1025; x_wconf 73' lang='lat' dir='ltr'><strong>circumibat,</strong></span> <span class='ocrx_word' id='word_1_66' title='bbox 1292 960 1424 1017; x_wconf 88' lang='lat' dir='ltr'><strong>dum</strong></span> <span class='ocrx_word' id='word_1_67' title='bbox 1447 960 1732 1019; x_wconf 84' lang='lat' dir='ltr'><strong>Claudium</strong></span> <span class='ocrx_word' id='word_1_68' title='bbox 1755 962 1859 1023; x_wconf 75' lang='lat' dir='ltr'><strong>La-</strong></span> 
     </span>
     <span class='ocr_line' id='line_1_12' title="bbox 252 1035 1862 1112; baseline 0 -19"><span class='ocrx_word' id='word_1_69' title='bbox 252 1036 477 1095; x_wconf 88' lang='lat' dir='ltr'><strong>beonem</strong></span> <span class='ocrx_word' id='word_1_70' title='bbox 498 1054 684 1112; x_wconf 86' lang='lat' dir='ltr'><strong>capere</strong></span> <span class='ocrx_word' id='word_1_71' title='bbox 700 1043 794 1091; x_wconf 86' lang='lat' dir='ltr'><strong>aut</strong></span> <span class='ocrx_word' id='word_1_72' title='bbox 812 1035 1095 1095; x_wconf 83' lang='lat' dir='ltr'><strong>exturbare</strong></span> <span class='ocrx_word' id='word_1_73' title='bbox 1123 1035 1337 1105; x_wconf 76' lang='lat' dir='ltr'><strong>nititur3</strong></span> <span class='ocrx_word' id='word_1_74' title='bbox 1380 1035 1671 1102; x_wconf 83' lang='lat' dir='ltr'><strong>Classicus,</strong></span> <span class='ocrx_word' id='word_1_75' title='bbox 1692 1054 1862 1109; x_wconf 81' lang='lat' dir='ltr'><strong>segne</strong></span> 
     </span>
     <span class='ocr_line' id='line_1_13' title="bbox 250 1109 1870 1185; baseline 0 -18"><span class='ocrx_word' id='word_1_76' title='bbox 250 1111 571 1185; x_wconf 88' lang='lat' dir='ltr'><strong>plerumque</strong></span> <span class='ocrx_word' id='word_1_77' title='bbox 596 1112 767 1167; x_wconf 88' lang='lat' dir='ltr'><strong>otium</strong></span> <span class='ocrx_word' id='word_1_78' title='bbox 799 1110 1033 1175; x_wconf 83' lang='lat' dir='ltr'><strong>trahens,</strong></span> <span class='ocrx_word' id='word_1_79' title='bbox 1062 1109 1211 1170; x_wconf 82' lang='lat' dir='ltr'><strong>velut</strong></span> <span class='ocrx_word' id='word_1_80' title='bbox 1232 1119 1380 1183; x_wconf 80' lang='lat' dir='ltr'><strong>parto</strong></span> <span class='ocrx_word' id='word_1_81' title='bbox 1400 1111 1624 1182; x_wconf 79' lang='lat' dir='ltr'><strong>imperio</strong></span> <span class='ocrx_word' id='word_1_82' title='bbox 1641 1110 1870 1174; x_wconf 56' lang='lat' dir='ltr'><strong>frueba-⁶</strong></span> 
     </span>
     <span class='ocr_line' id='line_1_14' title="bbox 251 1185 1864 1258; baseline 0.001 -17"><span class='ocrx_word' id='word_1_83' title='bbox 251 1194 358 1241; x_wconf 88' lang='lat' dir='ltr'><strong>tur.</strong></span> <span class='ocrx_word' id='word_1_84' title='bbox 436 1186 517 1241; x_wconf 87' lang='lat' dir='ltr'><strong>Ne</strong></span> <span class='ocrx_word' id='word_1_85' title='bbox 538 1185 701 1243; x_wconf 82' lang='lat' dir='ltr'><strong>Tutor</strong></span> <span class='ocrx_word' id='word_1_86' title='bbox 721 1185 941 1258; x_wconf 82' lang='lat' dir='ltr'><strong>quidem</strong></span> <span class='ocrx_word' id='word_1_87' title='bbox 972 1186 1261 1249; x_wconf 81' lang='lat' dir='ltr'><strong>maturavit</strong></span> <span class='ocrx_word' id='word_1_88' title='bbox 1279 1188 1610 1257; x_wconf 81' lang='lat' dir='ltr'><strong>superiorem</strong></span> <span class='ocrx_word' id='word_1_89' title='bbox 1630 1186 1864 1249; x_wconf 79' lang='lat' dir='ltr'><strong>Germa·—</strong></span> 
     </span>
     <span class='ocr_line' id='line_1_15' title="bbox 250 1258 1866 1337; baseline 0.004 -22"><span class='ocrx_word' id='word_1_90' title='bbox 250 1261 371 1317; x_wconf 83' lang='lat' dir='ltr'><strong>niae</strong></span> <span class='ocrx_word' id='word_1_91' title='bbox 399 1260 573 1337; x_wconf 84' lang='lat' dir='ltr'><strong>ripam</strong></span> <span class='ocrx_word' id='word_1_92' title='bbox 596 1268 648 1317; x_wconf 90' lang='lat' dir='ltr'><strong>et</strong></span> <span class='ocrx_word' id='word_1_93' title='bbox 674 1258 839 1317; x_wconf 81' lang='lat' dir='ltr'><strong>ardua</strong></span> <span class='ocrx_word' id='word_1_94' title='bbox 860 1258 1080 1333; x_wconf 84' lang='lat' dir='ltr'><strong>Alpium</strong></span> <span class='ocrx_word' id='word_1_95' title='bbox 1109 1261 1391 1333; x_wconf 73' lang='lat' dir='ltr'><strong>praesidiis</strong></span> <span class='ocrx_word' id='word_1_96' title='bbox 1419 1260 1680 1325; x_wconf 78' lang='lat' dir='ltr'><strong>claudere.</strong></span> <span class='ocrx_word' id='word_1_97' title='bbox 1762 1262 1866 1323; x_wconf 68' lang='lat' dir='ltr'><strong>At-</strong></span> 
     </span>
     <span class='ocr_line' id='line_1_16' title="bbox 250 1335 1862 1410; baseline 0.004 -19"><span class='ocrx_word' id='word_1_98' title='bbox 250 1352 360 1407; x_wconf 87' lang='lat' dir='ltr'><strong>que</strong></span> <span class='ocrx_word' id='word_1_99' title='bbox 387 1336 599 1392; x_wconf 85' lang='lat' dir='ltr'><strong>interim</strong></span> <span class='ocrx_word' id='word_1_100' title='bbox 630 1336 1045 1399; x_wconf 69' lang='lat' dir='ltr'><strong>unaetvicensima</strong></span> <span class='ocrx_word' id='word_1_101' title='bbox 1073 1335 1210 1410; x_wconf 82' lang='lat' dir='ltr'><strong>legio</strong></span> <span class='ocrx_word' id='word_1_102' title='bbox 1229 1336 1572 1401; x_wconf 78' lang='lat' dir='ltr'><strong>Vindonissa,</strong></span> <span class='ocrx_word' id='word_1_103' title='bbox 1599 1335 1862 1397; x_wconf 77' lang='lat' dir='ltr'><strong>Sextilius</strong></span> 
     </span>
     <span class='ocr_line' id='line_1_17' title="bbox 248 1410 1864 1485; baseline 0.004 -19"><span class='ocrx_word' id='word_1_104' title='bbox 248 1410 404 1468; x_wconf 85' lang='lat' dir='ltr'><strong>Felix</strong></span> <span class='ocrx_word' id='word_1_105' title='bbox 431 1429 556 1468; x_wconf 91' lang='lat' dir='ltr'><strong>cum</strong></span> <span class='ocrx_word' id='word_1_106' title='bbox 582 1412 881 1472; x_wconf 81' lang='lat' dir='ltr'><strong>auxiliariis</strong></span> <span class='ocrx_word' id='word_1_107' title='bbox 900 1411 1204 1470; x_wconf 78' lang='lat' dir='ltr'><strong>cohortibus</strong></span> <span class='ocrx_word' id='word_1_108' title='bbox 1225 1427 1319 1482; x_wconf 87' lang='lat' dir='ltr'><strong>per</strong></span> <span class='ocrx_word' id='word_1_109' title='bbox 1339 1410 1614 1471; x_wconf 84' lang='lat' dir='ltr'><strong>Rhaetiam</strong></span> <span class='ocrx_word' id='word_1_110' title='bbox 1633 1413 1864 1485; x_wconf 75' lang='lat' dir='ltr'><strong>inrupe-</strong></span> 
     </span>
     <span class='ocr_line' id='line_1_18' title="bbox 248 1484 1860 1564; baseline 0.004 -22"><span class='ocrx_word' id='word_1_111' title='bbox 248 1504 327 1543; x_wconf 87' lang='lat' dir='ltr'><strong>re.</strong></span> <span class='ocrx_word' id='word_1_112' title='bbox 406 1487 642 1546; x_wconf 82' lang='lat' dir='ltr'><strong>Accessit</strong></span> <span class='ocrx_word' id='word_1_113' title='bbox 667 1486 747 1544; x_wconf 91' lang='lat' dir='ltr'><strong>ala</strong></span> <span class='ocrx_word' id='word_1_114' title='bbox 774 1486 1162 1564; x_wconf 84' lang='lat' dir='ltr'><strong>Singularium,</strong></span> <span class='ocrx_word' id='word_1_115' title='bbox 1204 1488 1374 1544; x_wconf 84' lang='lat' dir='ltr'><strong>excita</strong></span> <span class='ocrx_word' id='word_1_116' title='bbox 1402 1484 1532 1545; x_wconf 89' lang='lat' dir='ltr'><strong>olim</strong></span> <span class='ocrx_word' id='word_1_117' title='bbox 1561 1505 1590 1542; x_wconf 85' lang='lat' dir='ltr'><strong>a</strong></span> <span class='ocrx_word' id='word_1_118' title='bbox 1619 1486 1860 1555; x_wconf 80' lang='lat' dir='ltr'><strong>Vitellio,</strong></span> 
     </span>
     <span class='ocr_line' id='line_1_19' title="bbox 251 1562 1866 1636; baseline 0.003 -19"><span class='ocrx_word' id='word_1_119' title='bbox 251 1562 444 1618; x_wconf 85' lang='lat' dir='ltr'><strong>deinde</strong></span> <span class='ocrx_word' id='word_1_120' title='bbox 463 1565 519 1619; x_wconf 89' lang='lat' dir='ltr'><strong>in</strong></span> <span class='ocrx_word' id='word_1_121' title='bbox 540 1571 715 1636; x_wconf 81' lang='lat' dir='ltr'><strong>partes</strong></span> <span class='ocrx_word' id='word_1_122' title='bbox 735 1564 1048 1636; x_wconf 79' lang='lat' dir='ltr'><strong>Vespasiani</strong></span> <span class='ocrx_word' id='word_1_123' title='bbox 1069 1571 1418 1636; x_wconf 83' lang='lat' dir='ltr'><strong>transgressa.</strong></span> <span class='ocrx_word' id='word_1_124' title='bbox 1499 1564 1741 1624; x_wconf 75' lang='lat' dir='ltr'><strong>Praeerat</strong></span> <span class='ocrx_word' id='word_1_125' title='bbox 1767 1565 1866 1622; x_wconf 82' lang='lat' dir='ltr'><strong>Iu-</strong></span> 
     </span>
     <span class='ocr_line' id='line_1_20' title="bbox 250 1637 1866 1712; baseline 0.002 -20"><span class='ocrx_word' id='word_1_126' title='bbox 250 1637 359 1693; x_wconf 87' lang='lat' dir='ltr'><strong>lius</strong></span> <span class='ocrx_word' id='word_1_127' title='bbox 389 1639 740 1711; x_wconf 76' lang='lat' dir='ltr'><strong>BriganticuS,</strong></span> <span class='ocrx_word' id='word_1_128' title='bbox 774 1655 950 1694; x_wconf 85' lang='lat' dir='ltr'><strong>sorore</strong></span> <span class='ocrx_word' id='word_1_129' title='bbox 979 1637 1170 1693; x_wconf 84' lang='lat' dir='ltr'><strong>Civilis</strong></span> <span class='ocrx_word' id='word_1_130' title='bbox 1187 1639 1421 1712; x_wconf 84' lang='lat' dir='ltr'><strong>genitus,</strong></span> <span class='ocrx_word' id='word_1_131' title='bbox 1445 1646 1504 1693; x_wconf 90' lang='lat' dir='ltr'><strong>ut</strong></span> <span class='ocrx_word' id='word_1_132' title='bbox 1524 1637 1690 1693; x_wconf 86' lang='lat' dir='ltr'><strong>ferme</strong></span> <span class='ocrx_word' id='word_1_133' title='bbox 1708 1656 1866 1696; x_wconf 73' lang='lat' dir='ltr'><strong>acer-</strong></span> 
     </span>
     <span class='ocr_line' id='line_1_21' title="bbox 250 1712 1866 1784; baseline 0.002 -17"><span class='ocrx_word' id='word_1_134' title='bbox 250 1713 386 1768; x_wconf 89' lang='lat' dir='ltr'><strong>rima</strong></span> <span class='ocrx_word' id='word_1_135' title='bbox 414 1714 782 1784; x_wconf 83' lang='lat' dir='ltr'><strong>proximorum</strong></span> <span class='ocrx_word' id='word_1_136' title='bbox 810 1713 929 1769; x_wconf 90' lang='lat' dir='ltr'><strong>odia</strong></span> <span class='ocrx_word' id='word_1_137' title='bbox 958 1721 1104 1778; x_wconf 85' lang='lat' dir='ltr'><strong>sunt,</strong></span> <span class='ocrx_word' id='word_1_138' title='bbox 1141 1714 1354 1774; x_wconf 79' lang='lat' dir='ltr'><strong>invisus</strong></span> <span class='ocrx_word' id='word_1_139' title='bbox 1381 1712 1647 1774; x_wconf 81' lang='lat' dir='ltr'><strong>avunculo</strong></span> <span class='ocrx_word' id='word_1_140' title='bbox 1675 1713 1866 1770; x_wconf 81' lang='lat' dir='ltr'><strong>infen-</strong></span> 
     </span>
     <span class='ocr_line' id='line_1_22' title="bbox 250 1787 1858 1862; baseline 0.003 -21"><span class='ocrx_word' id='word_1_141' title='bbox 250 1804 474 1859; x_wconf 83' lang='lat' dir='ltr'><strong>susque.</strong></span> <span class='ocrx_word' id='word_1_142' title='bbox 505 1787 667 1846; x_wconf 88' lang='lat' dir='ltr'><strong>Tutor</strong></span> <span class='ocrx_word' id='word_1_143' title='bbox 688 1789 1037 1844; x_wconf 84' lang='lat' dir='ltr'><strong>Treverorum</strong></span> <span class='ocrx_word' id='word_1_144' title='bbox 1060 1789 1259 1860; x_wconf 88' lang='lat' dir='ltr'><strong>copias,</strong></span> <span class='ocrx_word' id='word_1_145' title='bbox 1281 1789 1479 1847; x_wconf 84' lang='lat' dir='ltr'><strong>recenti</strong></span> <span class='ocrx_word' id='word_1_146' title='bbox 1489 1789 1858 1862; x_wconf 83' lang='lat' dir='ltr'><strong>Vangionum,</strong></span> 
     </span>
     <span class='ocr_line' id='line_1_23' title="bbox 251 1862 1864 1936; baseline 0.001 -17"><span class='ocrx_word' id='word_1_147' title='bbox 251 1862 634 1930; x_wconf 77' lang='lat' dir='ltr'><strong>CaeracatIum,</strong></span> <span class='ocrx_word' id='word_1_148' title='bbox 650 1864 996 1920; x_wconf 88' lang='lat' dir='ltr'><strong>Tribocorum</strong></span> <span class='ocrx_word' id='word_1_149' title='bbox 1014 1862 1219 1920; x_wconf 88' lang='lat' dir='ltr'><strong>delectu</strong></span> <span class='ocrx_word' id='word_1_150' title='bbox 1235 1871 1687 1931; x_wconf 84' lang='lat' dir='ltr'><strong>auctas,veterano</strong></span> <span class='ocrx_word' id='word_1_151' title='bbox 1699 1865 1864 1936; x_wconf 79' lang='lat' dir='ltr'><strong>pedi-</strong></span> 
     </span>
     <span class='ocr_line' id='line_1_24' title="bbox 249 1939 1862 2012; baseline 0.002 -18"><span class='ocrx_word' id='word_1_152' title='bbox 249 1945 301 1994; x_wconf 88' lang='lat' dir='ltr'><strong>te</strong></span> <span class='ocrx_word' id='word_1_153' title='bbox 329 1945 488 2012; x_wconf 87' lang='lat' dir='ltr'><strong>atque</strong></span> <span class='ocrx_word' id='word_1_154' title='bbox 516 1941 695 2012; x_wconf 90' lang='lat' dir='ltr'><strong>equite</strong></span> <span class='ocrx_word' id='word_1_155' title='bbox 724 1939 975 2003; x_wconf 83' lang='lat' dir='ltr'><strong>firmavit,</strong></span> <span class='ocrx_word' id='word_1_156' title='bbox 1007 1939 1283 2010; x_wconf 86' lang='lat' dir='ltr'><strong>conruptis</strong></span> <span class='ocrx_word' id='word_1_157' title='bbox 1303 1957 1417 2012; x_wconf 88' lang='lat' dir='ltr'><strong>spe,</strong></span> <span class='ocrx_word' id='word_1_158' title='bbox 1441 1947 1533 1995; x_wconf 87' lang='lat' dir='ltr'><strong>aut</strong></span> <span class='ocrx_word' id='word_1_159' title='bbox 1552 1947 1699 1996; x_wconf 87' lang='lat' dir='ltr'><strong>metu</strong></span> <span class='ocrx_word' id='word_1_160' title='bbox 1719 1941 1862 1998; x_wconf 87' lang='lat' dir='ltr'><strong>sub-</strong></span> 
     </span>
     <span class='ocr_line' id='line_1_25' title="bbox 249 2013 1858 2088; baseline 0.002 -19"><span class='ocrx_word' id='word_1_161' title='bbox 249 2017 379 2069; x_wconf 87' lang='lat' dir='ltr'><strong>actis</strong></span> <span class='ocrx_word' id='word_1_162' title='bbox 410 2014 741 2088; x_wconf 86' lang='lat' dir='ltr'><strong>legionariis:</strong></span> <span class='ocrx_word' id='word_1_163' title='bbox 783 2013 880 2088; x_wconf 90' lang='lat' dir='ltr'><strong>qui</strong></span> <span class='ocrx_word' id='word_1_164' title='bbox 906 2013 1084 2086; x_wconf 90' lang='lat' dir='ltr'><strong>primo</strong></span> <span class='ocrx_word' id='word_1_165' title='bbox 1111 2013 1398 2080; x_wconf 85' lang='lat' dir='ltr'><strong>cohortem,</strong></span> <span class='ocrx_word' id='word_1_166' title='bbox 1435 2016 1792 2086; x_wconf 77' lang='lat' dir='ltr'><strong>praemissam</strong></span> <span class='ocrx_word' id='word_1_167' title='bbox 1825 2034 1858 2072; x_wconf 81' lang='lat' dir='ltr'><strong>a</strong></span> 
     </span>
     <span class='ocr_line' id='line_1_26' title="bbox 250 2087 1862 2158; baseline 0.001 -13"><span class='ocrx_word' id='word_1_168' title='bbox 250 2088 469 2146; x_wconf 83' lang='lat' dir='ltr'><strong>Sextilio</strong></span> <span class='ocrx_word' id='word_1_169' title='bbox 496 2089 689 2157; x_wconf 86' lang='lat' dir='ltr'><strong>Felice,</strong></span> <span class='ocrx_word' id='word_1_170' title='bbox 720 2087 1076 2158; x_wconf 77' lang='lat' dir='ltr'><strong>interficiunt3</strong></span> <span class='ocrx_word' id='word_1_171' title='bbox 1117 2107 1244 2146; x_wconf 86' lang='lat' dir='ltr'><strong>mox</strong></span> <span class='ocrx_word' id='word_1_172' title='bbox 1262 2089 1356 2146; x_wconf 91' lang='lat' dir='ltr'><strong>ubi</strong></span> <span class='ocrx_word' id='word_1_173' title='bbox 1377 2089 1542 2148; x_wconf 84' lang='lat' dir='ltr'><strong>duces</strong></span> <span class='ocrx_word' id='word_1_174' title='bbox 1561 2092 1862 2148; x_wconf 84' lang='lat' dir='ltr'><strong>exercitus-</strong></span> 
     </span>
     <span class='ocr_line' id='line_1_27' title="bbox 249 2165 1864 2240; baseline 0.001 -20"><span class='ocrx_word' id='word_1_175' title='bbox 249 2182 357 2238; x_wconf 88' lang='lat' dir='ltr'><strong>que</strong></span> <span class='ocrx_word' id='word_1_176' title='bbox 377 2166 647 2220; x_wconf 86' lang='lat' dir='ltr'><strong>Romanus</strong></span> <span class='ocrx_word' id='word_1_177' title='bbox 669 2165 859 2238; x_wconf 83' lang='lat' dir='ltr'><strong>propin</strong></span> <span class='ocrx_word' id='word_1_178' title='bbox 901 2165 1118 2230; x_wconf 66' lang='lat' dir='ltr'><strong>nabunt,</strong></span> <span class='ocrx_word' id='word_1_179' title='bbox 1149 2165 1370 2226; x_wconf 82' lang='lat' dir='ltr'><strong>honesto</strong></span> <span class='ocrx_word' id='word_1_180' title='bbox 1397 2165 1693 2240; x_wconf 78' lang='lat' dir='ltr'><strong>transfugio</strong></span> <span class='ocrx_word' id='word_1_181' title='bbox 1711 2167 1864 2230; x_wconf 81' lang='lat' dir='ltr'><strong>redi-</strong></span> 
     </span>
     <span class='ocr_line' id='line_1_28' title="bbox 249 2239 1854 2314; baseline 0.005 -18"><span class='ocrx_word' id='word_1_182' title='bbox 249 2257 356 2305; x_wconf 87' lang='lat' dir='ltr'><strong>ere,</strong></span> <span class='ocrx_word' id='word_1_183' title='bbox 385 2241 582 2296; x_wconf 86' lang='lat' dir='ltr'><strong>secutis</strong></span> <span class='ocrx_word' id='word_1_184' title='bbox 614 2239 853 2300; x_wconf 83' lang='lat' dir='ltr'><strong>Tribocis</strong></span> <span class='ocrx_word' id='word_1_185' title='bbox 1037 2241 1050 2254; x_wconf 87' lang='lat'><em>&#39;</em></span> <span class='ocrx_word' id='word_1_186' title='bbox 1088 2239 1358 2314; x_wconf 86' lang='lat' dir='ltr'><strong>nibusque</strong></span> <span class='ocrx_word' id='word_1_187' title='bbox 1383 2249 1434 2302; x_wconf 82' lang='lat' dir='ltr'><strong>et</strong></span> <span class='ocrx_word' id='word_1_188' title='bbox 1457 2240 1854 2304; x_wconf 67' lang='lat' dir='ltr'><strong>Caeracatibus,</strong></span> 
     </span>
     <span class='ocr_line' id='line_1_29' title="bbox 249 2258 1862 2390; baseline 0.005 -22"><span class='ocrx_word' id='word_1_189' title='bbox 249 2314 431 2382; x_wconf 83' lang='lat' dir='ltr'><strong>Tutor,</strong></span> <span class='ocrx_word' id='word_1_190' title='bbox 463 2316 706 2372; x_wconf 84' lang='lat' dir='ltr'><strong>Treveris</strong></span> <span class='ocrx_word' id='word_1_191' title='bbox 733 2258 1130 2386; x_wconf 47' lang='lat' dir='ltr'><strong>comitantiffius,</strong></span> <span class='ocrx_word' id='word_1_192' title='bbox 1162 2317 1326 2382; x_wconf 82' lang='lat' dir='ltr'><strong>vitato</strong></span> <span class='ocrx_word' id='word_1_193' title='bbox 1349 2316 1694 2390; x_wconf 76' lang='lat' dir='ltr'><strong>Magontiaco.</strong></span> <span class='ocrx_word' id='word_1_194' title='bbox 1723 2318 1862 2382; x_wconf 75' lang='lat' dir='ltr'><strong>Bia-</strong></span> 
     </span>
     <span class='ocr_line' id='line_1_30' title="bbox 246 2388 1862 2464; baseline 0.004 -21"><span class='ocrx_word' id='word_1_195' title='bbox 246 2390 400 2464; x_wconf 86' lang='lat' dir='ltr'><strong>gium</strong></span> <span class='ocrx_word' id='word_1_196' title='bbox 429 2391 707 2460; x_wconf 76' lang='lat' dir='ltr'><strong>concessit,</strong></span> <span class='ocrx_word' id='word_1_197' title='bbox 740 2390 909 2450; x_wconf 81' lang='lat' dir='ltr'><strong>fidens</strong></span> <span class='ocrx_word' id='word_1_198' title='bbox 928 2388 1061 2457; x_wconf 84' lang='lat' dir='ltr'><strong>loco,</strong></span> <span class='ocrx_word' id='word_1_199' title='bbox 1090 2391 1220 2463; x_wconf 90' lang='lat' dir='ltr'><strong>quia</strong></span> <span class='ocrx_word' id='word_1_200' title='bbox 1239 2399 1455 2462; x_wconf 86' lang='lat' dir='ltr'><strong>pontem</strong></span> <span class='ocrx_word' id='word_1_201' title='bbox 1477 2393 1655 2452; x_wconf 82' lang='lat' dir='ltr'><strong>Navae</strong></span> <span class='ocrx_word' id='word_1_202' title='bbox 1670 2389 1862 2451; x_wconf 87' lang='lat' dir='ltr'><strong>flumi—</strong></span> 
     </span>
     <span class='ocr_line' id='line_1_31' title="bbox 248 2460 1860 2537; baseline 0.004 -21"><span class='ocrx_word' id='word_1_203' title='bbox 248 2463 334 2517; x_wconf 89' lang='lat' dir='ltr'><strong>nis</strong></span> <span class='ocrx_word' id='word_1_204' title='bbox 354 2460 655 2535; x_wconf 83' lang='lat' dir='ltr'><strong>abruperat.</strong></span> <span class='ocrx_word' id='word_1_205' title='bbox 734 2463 839 2524; x_wconf 86' lang='lat' dir='ltr'><strong>Sed</strong></span> <span class='ocrx_word' id='word_1_206' title='bbox 856 2466 1080 2526; x_wconf 81' lang='lat' dir='ltr'><strong>incursu</strong></span> <span class='ocrx_word' id='word_1_207' title='bbox 1101 2465 1418 2532; x_wconf 80' lang='lat' dir='ltr'><strong>cohortium,</strong></span> <span class='ocrx_word' id='word_1_208' title='bbox 1437 2483 1574 2537; x_wconf 86' lang='lat' dir='ltr'><strong>quas</strong></span> <span class='ocrx_word' id='word_1_209' title='bbox 1593 2465 1860 2528; x_wconf 81' lang='lat' dir='ltr'><strong>Sextilius</strong></span> 
     </span>
     <span class='ocr_line' id='line_1_32' title="bbox 246 2535 1858 2612; baseline 0.004 -23"><span class='ocrx_word' id='word_1_210' title='bbox 246 2535 490 2602; x_wconf 86' lang='lat' dir='ltr'><strong>ducebat,</strong></span> <span class='ocrx_word' id='word_1_211' title='bbox 513 2546 565 2592; x_wconf 84' lang='lat' dir='ltr'><strong>et</strong></span> <span class='ocrx_word' id='word_1_212' title='bbox 581 2547 787 2610; x_wconf 82' lang='lat' dir='ltr'><strong>reperto</strong></span> <span class='ocrx_word' id='word_1_213' title='bbox 804 2539 959 2605; x_wconf 82' lang='lat' dir='ltr'><strong>vado,</strong></span> <span class='ocrx_word' id='word_1_214' title='bbox 979 2539 1223 2612; x_wconf 86' lang='lat' dir='ltr'><strong>proditus</strong></span> <span class='ocrx_word' id='word_1_215' title='bbox 1244 2538 1530 2612; x_wconf 81' lang='lat' dir='ltr'><strong>fususque.</strong></span> <span class='ocrx_word' id='word_1_216' title='bbox 1601 2540 1681 2604; x_wconf 76' lang='lat' dir='ltr'><strong>Ba</strong></span> <span class='ocrx_word' id='word_1_217' title='bbox 1700 2539 1858 2596; x_wconf 85' lang='lat' dir='ltr'><strong>clade</strong></span> 
     </span>
     <span class='ocr_line' id='line_1_33' title="bbox 246 2610 1856 2687; baseline 0.005 -25"><span class='ocrx_word' id='word_1_218' title='bbox 246 2610 481 2678; x_wconf 85' lang='lat' dir='ltr'><strong>perculsi</strong></span> <span class='ocrx_word' id='word_1_219' title='bbox 511 2611 747 2683; x_wconf 73' lang='lat' dir='ltr'><strong>Treveri,</strong></span> <span class='ocrx_word' id='word_1_220' title='bbox 789 2622 840 2678; x_wconf 79' lang='lat' dir='ltr'><strong>et</strong></span> <span class='ocrx_word' id='word_1_221' title='bbox 863 2613 1068 2687; x_wconf 78' lang='lat' dir='ltr'><strong>plebes,</strong></span> <span class='ocrx_word' id='word_1_222' title='bbox 1108 2615 1325 2680; x_wconf 76' lang='lat' dir='ltr'><strong>omissis</strong></span> <span class='ocrx_word' id='word_1_223' title='bbox 1349 2615 1536 2682; x_wconf 75' lang='lat' dir='ltr'><strong>armis.</strong></span> <span class='ocrx_word' id='word_1_224' title='bbox 1576 2631 1673 2686; x_wconf 83' lang='lat' dir='ltr'><strong>per</strong></span> <span class='ocrx_word' id='word_1_225' title='bbox 1691 2631 1724 2674; x_wconf 73' lang='lat' dir='ltr'><strong>a</strong></span> <span class='ocrx_word' id='word_1_226' title='bbox 1789 2633 1856 2670; x_wconf 86' lang='lat' dir='ltr'><strong>os</strong></span> 
     </span>
    </p>
   </div>
   <div class='ocr_carea' id='block_1_5' title="bbox 246 2679 1898 2768">
    <p class='ocr_par' dir='ltr' id='par_1_5' title="bbox 246 2679 1898 2768">
     <span class='ocr_line' id='line_1_34' title="bbox 246 2679 1898 2768; baseline 0.013 -34"><span class='ocrx_word' id='word_1_227' title='bbox 246 2679 471 2749; x_wconf 84' lang='lat' dir='ltr'><strong>palatur.</strong></span> <span class='ocrx_word' id='word_1_228' title='bbox 525 2685 755 2753; x_wconf 72' lang='lat' dir='ltr'><strong>Quidam</strong></span> <span class='ocrx_word' id='word_1_229' title='bbox 773 2689 1102 2762; x_wconf 72' lang='lat' dir='ltr'><strong>principum,</strong></span> <span class='ocrx_word' id='word_1_230' title='bbox 1116 2696 1177 2754; x_wconf 77' lang='lat' dir='ltr'><strong>ut</strong></span> <span class='ocrx_word' id='word_1_231' title='bbox 1191 2689 1357 2761; x_wconf 78' lang='lat' dir='ltr'><strong>primi</strong></span> <span class='ocrx_word' id='word_1_232' title='bbox 1374 2689 1622 2762; x_wconf 82' lang='lat' dir='ltr'><strong>posuisse</strong></span> <span class='ocrx_word' id='word_1_233' title='bbox 1642 2687 1728 2752; x_wconf 66' lang='lat' dir='ltr'><strong>bel</strong></span> <span class='ocrx_word' id='word_1_234' title='bbox 1751 2705 1855 2754; x_wconf 79' lang='lat' dir='ltr'><strong>um</strong></span> <span class='ocrx_word' id='word_1_235' title='bbox 1893 2763 1898 2768; x_wconf 48' lang='grc'><strong>,</strong></span> 
     </span>
    </p>
   </div>
  </div>
 </body>
</html>
