2081 3038
86 256 207 292 mc.
228 234 321 310 71.)
478 243 642 289 Lm.
682 241 784 291 IV.
825 242 1003 292 CAP.
1047 247 1128 292 54.
1171 245 1252 292 55.
1583 245 1682 298 205

87 344 275 403 Vitellii
297 342 661 415 duplicaverat
680 342 903 400 bellum.
959 346 1096 401 Nam
1119 347 1328 413 Civilis,
1349 348 1550 404 omissa
1571 348 1684 405 dis-

83 420 436 484 simulatione,
454 420 513 474 in
532 420 794 491 populum
814 420 1118 475 Romanum
1137 440 1312 476 ruere.
1372 423 1682 479 Vitellianae

82 498 315 570 legiones
344 494 431 549 vel
459 503 738 549 externum
768 496 1072 562 servitium,
1115 514 1279 568 quam
1308 498 1679 568 imperatorem

82 572 490 642 Vespasianum,
522 570 699 625 malle.
782 569 920 625 Galli
952 571 1280 626 sustulerant
1307 573 1534 637 animOS,
1559 591 1684 629 ean-

79 650 203 704 dem
224 647 425 718 ubique
444 646 776 701 exercituum
799 654 1101 701 nostrorum
1124 646 1389 702 fortunam
1410 649 1539 702 rati:
1562 647 1686 702 vul-

77 732 199 797 gato
218 739 446 787 rumore,
468 740 496 775 a
517 721 772 776 Sarmatis
791 723 1056 793 Dacisque
1066 723 1294 777 Moesica
1313 724 1682 777 acPannonica

78 794 298 854 hiberna
321 798 708 852 circumsideri.
775 798 927 852 Paria
946 797 1012 851 de
1030 798 1302 853 Britannia
1323 798 1679 872 fingebantur.

77 874 182 929 Sed
212 872 345 927 nihil
378 889 566 944 aeque,
599 890 762 945 quam
794 874 1105 927 incendium
1137 872 1402 945 Capitolii,
1435 880 1495 928 ut
1519 873 1682 928 finem

76 949 305 1019 imperio
332 947 519 1002 adesse
549 948 838 1015 crederent,
883 948 1166 1020 inpulerat.
1254 948 1472 1017 Captam
1500 952 1623 1004 olim
1649 967 1685 1005 a

82 1027 255 1081 Gallis
282 1027 482 1077 urbem.-
522 1028 627 1088 sed,
660 1028 867 1093 integra
886 1026 1026 1080 Iovis
1045 1029 1177 1089 sede,
1199 1029 1450 1079 mansisse
1469 1030 1684 1095 imperi-

77 1118 179 1155 um.
257 1099 435 1154 Fatali
464 1117 601 1154 mmo
628 1104 747 1169 ique
773 1104 978 1169 siquam
1008 1104 1246 1155 caelestis
1274 1104 1388 1157 irae
1415 1105 1611 1165 datum,
1635 1110 1684 1155 et

66 1180 439 1246 possessionem
466 1194 642 1230 rerum
668 1179 1014 1230 humanarum
1049 1178 1412 1244 Transalpinis
1447 1180 1682 1245 qentibua

70 1254 328 1319 portendi,
352 1251 729 1321 superstitione
748 1268 884 1305 vana
904 1252 1138 1305 Druidae
1155 1252 1432 1305 canebant.
1503 1253 1682 1307 Inces-

72 1332 321 1396 seratque
350 1325 510 1389 fama,
543 1326 805 1395 primores
826 1324 1144 1390 Galliarum,
1178 1326 1246 1379 ab
1271 1324 1477 1380 Othone
1495 1328 1682 1381 adver-

69 1401 171 1456 sus
193 1398 467 1454 Vitellium
499 1400 713 1463 miSSOS,
756 1407 1045 1471 antequam
1069 1399 1489 1471 digrederentur,
1529 1403 1684 1471 pepi-

68 1478 240 1540 gisse,
271 1492 336 1528 ne
353 1479 579 1528 deessent
608 1476 854 1537 libertati,
882 1478 932 1527 si
947 1476 1196 1542 populum
1215 1475 1498 1528 Romanum
1518 1479 1686 1530 conti-

1 1571 3 1608 :
67 1541 183 1606 ἶηια
206 1553 455 1603 bellorum
475 1552 706 1604 civilium
723 1552 887 1603 series
904 1557 952 1602 et
972 1553 1180 1602 interna
1197 1551 1338 1603 mala
1359 1554 1644 1618 fraqissent.

186 1627 273 1680 55.
315 1623 451 1678 Ante
478 1623 654 1678 Flacci
681 1622 964 1679 Hordeonii
992 1622 1228 1690 caedem,
1262 1623 1398 1678 nihil
1421 1625 1680 1696 prorupit,

69 1719 185 1773 qno
232 1699 527 1753 coniuratio
568 1698 972 1772 intelligeretur.
1054 1697 1327 1754 Interfecto
1365 1700 1678 1768 HordeoniO,

65 1791 443 1831 commeavere
463 1775 639 1828 nuntii
668 1775 805 1829 inter
831 1772 1057 1830 Civilem
1081 1774 1506 1846 Classicumque,
1531 1794 1682 1846 prae-

65 1853 277 1908 sectum
298 1849 412 1904 alae
430 1849 801 1905 Treverorum.
882 1849 1154 1905 Classicus
1173 1848 1445 1905 nobilitate
1462 1851 1684 1921 opibus-

64 1945 181 2001 que
223 1933 345 1979 ante
384 1924 534 1979 alios,
614 1925 843 2000 Regium
882 1923 963 1979 illi
998 1943 1172 1999 genus
1202 1934 1253 1980 et
1280 1942 1410 1997 pace
1436 1924 1684 1997 belloque

62 2005 214 2058 clara
244 2002 413 2074 origo.
494 2002 613 2072 Ipse
645 2018 675 2055 e
702 2000 999 2056 maioribus
1026 2003 1144 2057 suis
1172 2003 1340 2057 hostis
1367 2001 1551 2072 populi
1580 2002 1685 2056 Ro-

62 2077 243 2144 mani,
288 2094 454 2149 quam
490 2077 688 2141 sociuS,
728 2075 971 2130 iactabat.
1049 2077 1312 2132 Miscuere
1355 2093 1472 2130 sese
1511 2076 1684 2131 Iulius

59 2155 240 2208 Tutor
259 2161 310 2206 et
331 2152 503 2207 Iulius
523 2151 785 2207 Sabinus:
829 2151 920 2206 hic
938 2150 1144 2216 Trevir,
1169 2152 1259 2207 hic
1277 2149 1507 2225 Lingon'.
1573 2153 1684 2207 Tu-

62 2240 149 2284 tor
178 2230 331 2300 ripae
357 2227 531 2282 Rheni
560 2245 590 2281 a
622 2226 833 2284 Vitellio
857 2224 1182 2298 praefectus:
1223 2226 1476 2294 SabinuS,
1519 2244 1682 2299 super

56 2305 292 2361 insitam
325 2303 633 2368 vanitatem,
673 2301 833 2358 falsae
861 2303 1046 2376 stirpis
1075 2301 1243 2376 gloria
1269 2302 1678 2358 incendebatur:

49 2385 348 2453 proaviam
377 2395 528 2434 suam
556 2383 606 2432 d.
636 2379 800 2442 Iulio,
824 2396 925 2447 per
961 2379 1168 2434 Gallias
1202 2382 1438 2443 bellanti,
1471 2397 1684 2446 corpore

54 2465 230 2524 aeque
249 2458 511 2509 adulterio
524 2457 805 2523 placuisse.
881 2453 948 2509 Hi
968 2455 1186 2509 secretis
1206 2453 1546 2508 sermonibus
1567 2455 1685 2511 ani,-

56 2547 191 2587 mos
212 2539 509 2585 ceterorum
532 2530 777 2583 scrutari.
856 2529 980 2596 Ubi,
1012 2546 1150 2602 quos
1171 2529 1388 2585 idoneos
1409 2529 1679 2596 rebantur,

54 2605 396 2662 conscientia
413 2605 764 2671 obstrinxere‚
794 2605 853 2660 in
883 2605 1088 2662 colonia
1109 2605 1492 2678 Agrippinensi
1512 2605 1568 2660 in
1590 2604 1685 2660 do-

1 2715 4 2730 ι
54 2699 227 2739 mum
247 2682 513 2753 privatam
533 2682 875 2737 conveniunt.
955 2683 1093 2736 Nam
1119 2681 1336 2755 publice
1356 2681 1542 2735 civitas
1565 2680 1682 2736 tali-

1 2765 3 2768 ’
50 2760 174 2815 bus
216 2756 449 2828 inceptis
484 2756 1096 2841 abhorrebatzflttamen
1139 2756 1428 2813 interfuere
1459 2756 1681 2830 quidam
