2081 3038
315 252 414 306 346
877 256 1345 303 ANNALIUM
1637 247 1782 322 (mu.
1810 260 1917 307 812.

421 360 508 413 50.
549 357 748 413 Eodem
768 374 925 422 anno,
947 357 1146 412 crebris
1165 356 1350 429 populi
1371 355 1805 433 flagitationibuS,
1828 359 1922 415 in-

311 433 625 492 modestiam
644 431 1053 506 publicanorum
1070 433 1359 507 arguentiS,
1382 432 1646 488 dubitavit
1661 434 1820 500 Nero,
1846 452 1919 489 an

312 517 501 566 cuncta
529 506 804 583 vectigalia
829 509 1001 564 omitti
1028 506 1261 573 iuberet,
1290 507 1455 579 idque
1481 507 1918 579 pulcherrimum

311 586 514 641 donum
553 584 736 660 generi
773 582 1077 638 mortalium
1115 582 1280 637 daret.
1359 582 1463 637 Sed
1492 584 1735 655 inpetum
1769 585 1894 639 eius

313 659 544 718 multu-m
572 662 726 732 prius
758 658 966 714 laudata
993 657 1361 732 magnitudine
1401 658 1595 725 animi,
1636 658 1919 715 adtinuere

313 743 578 791 senatores
594 777 607 800 ,
647 737 1033 789 dissolutionem
1060 736 1269 802 imperii
1304 732 1537 789 docendo
1552 774 1565 800 ‚
1602 739 1653 788 si
1685 740 1914 807 fructus,

313 814 497 881 quibus
514 828 648 879 resp.
669 813 1027 873 sustineretur,
1050 812 1481 865 deminuerentur.
1550 808 1765 877 Quippe,
1787 813 1916 864 sub-

313 890 436 942 latis
449 890 727 954 portoriis,
756 901 995 953 sequens,
1023 892 1083 937 ut
1104 887 1414 939 tributorum
1430 886 1645 940 abolitio
1663 894 1917 952 expostu-

313 965 529 1015 laretur.
605 962 882 1029 Pleraeque
908 962 1239 1028 vectigalium
1264 963 1533 1015 societates
1556 976 1593 1013 a
1618 961 1919 1015 consulibus

311 1045 359 1090 et
381 1038 604 1089 tribunis
615 1037 782 1103 plebis
803 1039 1122 1098 constitu-tac,
1145 1036 1265 1089 acri
1282 1038 1438 1089 etiam
1450 1037 1636 1104 populi
1648 1035 1790 1089 Rom.
1806 1043 1919 1090 tum

314 1114 573 1165 libertate:
611 1112 817 1179 reliqua
847 1126 972 1163 mom
991 1108 1325 1178 improvisa,
1358 1118 1418 1164 ut
1448 1114 1588 1164 ratio
1608 1120 1916 1179 quaestuum

311 1194 360 1239 et
386 1189 662 1239 necessitas
687 1188 1042 1255 erogationum
1068 1192 1205 1239 mter
1238 1201 1295 1241 se
1330 1192 1682 1255 congruerent.
1765 1186 1917 1243 Tem-

306 1264 570 1329 perandas
584 1262 742 1328 plano
752 1260 1154 1333 publicanorum
1172 1263 1435 1330 cupidines
1448 1303 1461 1323 ,
1490 1276 1577 1325 ne,
1602 1275 1703 1329 per
1720 1268 1794 1315 tot
1812 1276 1917 1316 an-

309 1352 405 1389 nos
420 1339 532 1389 cine
549 1338 759 1404 querela
779 1338 1015 1400 tolerata,
1027 1339 1175 1391 novis
1192 1338 1563 1393 acerbitatibus
1574 1339 1645 1389 ad
1660 1339 1916 1393 invidiam

309 1418 579 1466 verterent.

248 1490 252 1494 ’
419 1488 476 1542 54
493 1529 506 1542 .
546 1486 688 1560 Ergo
708 1484 873 1541 edixit
888 1485 1137 1559 princeps
1153 1527 1166 1550 ,
1196 1492 1256 1540 ut
1282 1488 1415 1556 leqes
1433 1488 1679 1558 cuiusque
1690 1488 1911 1556 publici,

313 1566 544 1618 occultae
561 1567 632 1617 ad
651 1565 707 1617 id
726 1569 937 1631 tempus,
953 1565 1435 1630 proscriberentur.-
1474 1565 1691 1618 omissas
1702 1566 1912 1632 petitio-

309 1652 401 1693 nes
425 1653 529 1692 non
554 1640 700 1691 ultra
725 1653 921 1692 annum
946 1635 1291 1692 resumerent?
1327 1637 1516 1692 Romae
1536 1646 1779 1706 praetor,
1814 1657 1915 1708 per

304 1717 624 1782 provincias,
648 1715 741 1781 qui
753 1729 854 1780 pro
867 1719 1112 1781 praetore
1128 1720 1223 1766 aut
1242 1715 1449 1766 consule
1467 1720 1647 1777 essent,
1670 1717 1795 1770 iura
1815 1719 1914 1769 ad-

309 1781 492 1842 versus'
517 1789 825 1856 publicanos
861 1795 1018 1842 extra
1056 1791 1287 1842 ordinem
1323 1789 1623 1843 redderent.-
1661 1791 1915 1845 militibus

310 1865 595 1917 inmunitas
613 1870 936 1926 servaretur,
967 1866 1074 1916 nisi
1091 1866 1257 1927 iniis,
1290 1879 1422 1932 quae
1438 1879 1565 1918 veno
1584 1873 1912 1933 exercerent,-

310 1935 522 2012 aliaque
539 1935 827 1992 admodum
848 1953 1015 2010 aequa
1031 1979 1045 2002 ,
1068 1953 1206 2010 quae
1223 1937 1374 1993 brevi
1395 1945 1627 2004 servata,
1654 1938 1779 1994 dein
1799 1937 1913 1995 fru-

310 2019 419 2068 stra
439 2012 618 2068 habita
637 2019 781 2067 sunt.
849 2011 1024 2068 Manet
1040 2019 1218 2067 tamen
1239 2011 1453 2068 abolitio
1472 2009 1915 2090 quadragesimae

310 2089 896 2177 quinquagesimaeque
911 2129 924 2153 ,
953 2095 1005 2141 et
1031 2104 1171 2161 quae
1190 2087 1293 2143 alia
1310 2089 1673 2144 exactionibus
1692 2087 1913 2145 inlicitis

311 2164 526 2220 nomina
546 2161 820 2237 publicam
838 2164 1169 2219 invenerant.
1246 2163 1556 2236 Temperata
1578 2164 1721 2236 apud
1739 2172 1913 2220 trans-

311 2240 545 2295 marinas
563 2238 865 2312 provincias
883 2237 1136 2294 frumenti
1155 2237 1453 2310 subvectio;
1498 2246 1575 2305 et,
1598 2257 1663 2294 ne
1680 2245 1913 2296 censibus

243 2345 254 2358 =
310 2319 685 2385 neqotiatorum
705 2332 861 2369 naves
879 2317 1316 2380 adscriberentur,
1330 2318 1676 2386 tributumque
1686 2333 1791 2385 pro
1808 2319 1917 2372 illis

306 2395 600 2461 penderent,
629 2389 992 2446 constitutum.
1339 2406 1344 2411 ·

420 2467 504 2523 52.
546 2465 682 2521 Reos
703 2481 768 2520 ex
788 2465 1060 2538 provincia
1078 2463 1273 2531 Africa,
1298 2465 1395 2539 qui
1414 2463 1790 2539 proconsulare
1808 2466 1915 2522 im-

311 2540 523 2611 perium
542 2539 654 2597 illic
671 2540 984 2608 habuerant,
1007 2539 1310 2613 Sulpicium
1322 2541 1667 2598 Camerinum
1686 2548 1737 2596 et
1756 2541 1916 2598 Pom-

311 2613 534 2686 ponium
555 2615 834 2673 Silvanum
855 2616 1083 2672 absolvit
1108 2615 1326 2672 Caesar:
1360 2616 1705 2672 Camerinum
1724 2617 1916 2674 adver-

313 2704 409 2743 sus
428 2691 660 2760 privatos
681 2699 732 2748 et
747 2710 964 2765 paucae,
979 2693 1229 2748 saevitiae
1246 2693 1439 2767 magis,
1452 2709 1616 2766 quam
1638 2699 1913 2766 captarum

311 2765 658 2839 pecuniarum
681 2769 905 2826 crimina
923 2767 1249 2824 obiiciente&
1311 2766 1591 2828 Silvanum
1610 2785 1807 2845 magna
1828 2770 1915 2829 vis
