2081 3038
291 208 392 267 274
694 216 748 263 0.
789 215 1169 270 CORNELII
1204 214 1509 264 TAGITI·

289 316 476 373 honori
505 314 798 391 Agricolae,
839 318 1008 375 soceri
1039 320 1166 384 mei,
1206 318 1521 385 destinatus,
1560 315 1875 390 professione

288 394 498 465 pietatis
517 402 606 448 aut
629 391 874 449 laudatus
895 395 995 449 erit
1012 402 1105 449 aut
1118 400 1421 449 excusatus.

401 472 448 525 4.
494 468 702 525 Gnaeus
733 468 903 525 lulius
932 468 1195 543 Agricola,
1229 477 1399 524 vetere
1422 476 1473 523 et
1491 467 1709 524 inlustri
1730 470 1877 526 Foro-

280 540 592 601 iuliensium
603 545 804 601 colonia
823 553 992 609 ortus,
1005 553 1294 617 utrumque
1314 562 1477 599 avum
1495 553 1877 615 procuratorem

290 618 575 676 Caesarum
598 621 814 676 habuit:
855 637 994 692 quae
1013 620 1276 691 equestris
1296 618 1544 675 nobilitas
1570 628 1667 674 est.
1739 621 1879 675 Pater

288 694 460 750 lulius
491 696 804 762 Graecinus,
837 696 1084 750 senatorii
1111 694 1335 760 ordinis,
1358 694 1537 750 studio
1556 693 1879 767 eloquentiae

287 772 685 845 sapientiaeque
703 779 879 835 notus,
903 771 1083 842 iisque
1102 770 1391 825 virtutibus
1409 771 1546 824 iram
1567 768 1682 825 Caii
1696 770 1879 826 Caesa-

287 848 363 903 ris
382 850 624 903 meritus.
691 847 938 919 Namque
957 846 1029 901 M.
1052 844 1294 900 Silanum
1314 845 1570 899 adcusare
1599 846 1784 901 iussus
1810 854 1877 912 et,

286 924 416 995 quia
436 924 710 989 abnuerat,
725 920 1030 978 interfectus
1051 928 1147 976 est.
1189 921 1354 975 Mater
1372 920 1507 975 Iulia
1522 920 1743 979 Procilla
1762 920 1878 988 fuit,

287 1015 435 1053 rarae
453 999 726 1053 castitatis.
805 998 864 1052 ln
887 996 1053 1051 huius
1078 998 1200 1051 sinu
1233 995 1672 1069 indulgentiaque
1690 996 1883 1051 educa-

284 1080 394 1136 tus,
426 1090 520 1143 per
543 1089 758 1128 omnem
787 1072 1131 1128 honestarum
1159 1072 1353 1125 artium
1374 1070 1575 1126 cultum
1598 1073 1882 1143 pueritiam
1982 1071 1987 1078 ’

285 1146 799 1220 adolescentiamque
826 1148 1100 1221 transegit.
1180 1146 1404 1202 Arcebat
1439 1164 1564 1201 eum
1592 1147 1660 1202 ab
1687 1146 1887 1202 inlece-

285 1222 398 1277 bris
436 1224 790 1294 peccantium,
831 1231 1035 1295 praeter
1074 1222 1250 1295 ipsius
1283 1223 1477 1278 bonam
1513 1223 1887 1295 integramque

285 1306 550 1365 naturam,
592 1298 739 1372 quod
776 1300 954 1354 statim
987 1297 1248 1370 parvulus
1276 1298 1457 1353 sedem
1486 1314 1546 1353 ac
1573 1299 1890 1372 magistram

285 1374 586 1430 studiorum
614 1374 906 1430 Massiliam
928 1374 1191 1438 habuerit,
1225 1371 1400 1428 locum
1426 1373 1623 1429 Graeca
1643 1375 1893 1429 comitate

285 1459 338 1505 et
358 1450 668 1524 provinciali
685 1451 1010 1524 parsimonia
1032 1451 1253 1504 mistum
1276 1466 1337 1503 ac
1354 1450 1491 1503 bene
1506 1450 1889 1522 compositum.

285 1527 538 1582 Memoria
560 1536 727 1593 tene0,
753 1528 970 1583 solitum
989 1527 1173 1599 ipsum
1195 1542 1426 1590 narrare,
1449 1543 1507 1581 se
1528 1527 1585 1580 in
1604 1527 1783 1597 prima
1803 1527 1895 1580 iu—

285 1611 439 1657 venta
463 1601 701 1657 studium
722 1602 1092 1674 philosophiae
1109 1601 1306 1667 acrius,
1330 1600 1463 1657 ultra
1484 1618 1649 1674 quam
1668 1619 1898 1657 conces-

283 1694 406 1732 sum
432 1677 665 1732 Romano
685 1695 746 1732 ac
765 1679 1011 1743 senatori,
1033 1677 1299 1743 hausisse,
1323 1678 1381 1732 ni
1398 1677 1678 1749 prudentia
1699 1678 1898 1732 matris

283 1753 565 1808 incensum
589 1771 649 1808 ac
667 1751 974 1828 flagrantem
995 1755 1242 1808 animum
1262 1754 1596 1809 coercuisset.
1674 1751 1900 1808 Scilicet

284 1828 519 1884 sublime
545 1836 596 1884 et
623 1838 856 1884 erectum
886 1829 1167 1902 ingenium
1198 1828 1651 1901 pulchritudinem
1681 1845 1745 1882 ac
1766 1845 1901 1900 spe-

283 1905 419 1958 ciem
450 1902 687 1959 excelsae
716 1921 1050 1978 magnaeque
1078 1905 1277 1978 gloriae
1296 1903 1685 1969 vehementius,
1718 1921 1899 1976 quam

283 1987 453 2044 caute,
487 1980 778 2052 adpetebat.
859 1981 982 2036 Mox
1012 1981 1279 2054 mitigavit
1309 1980 1439 2034 ratio
1466 1987 1517 2034 et
1544 1986 1716 2034 aetas:
1762 1979 1901 2034 reti-

284 2057 529 2128 nuitque,
560 2055 706 2127 quod
732 2063 812 2111 est
837 2053 1241 2127 difficillimum,
1272 2073 1339 2110 ex
1358 2055 1614 2125 sapientia
1634 2053 1895 2111 modum.

391 2133 443 2186 5.
487 2131 663 2186 Prima
691 2140 983 2188 castrorum
1007 2132 1309 2188 rudimenta
1336 2131 1389 2184 in
1408 2130 1677 2185 Britannia
1696 2129 1903 2186 Sueto-

285 2206 374 2260 nio
401 2205 662 2271 Paullin0,
704 2205 947 2280 diligenti
976 2223 1036 2262 ac
1064 2208 1329 2264 moderato
1362 2206 1505 2271 duci,
1547 2204 1898 2277 adprobavit,

283 2279 500 2346 electus,
543 2298 706 2353 quem
735 2283 1081 2337 contubernio
1108 2285 1424 2337 aestimaret.
1505 2281 1615 2334 Nec
1638 2279 1903 2356 Agricola

283 2351 518 2418 licenter,
543 2373 689 2411 more
709 2359 989 2424 iuvenum,
1002 2359 1099 2430 qui
1120 2356 1367 2412 militiam
1387 2358 1445 2411 in
1464 2355 1741 2410 lasciviam
1768 2373 1905 2410 ver-

283 2434 419 2492 tunt,
453 2446 628 2501 neque
652 2434 885 2505 segniter
913 2433 978 2487 ad
1002 2431 1295 2504 voluptates
1320 2438 1370 2486 et
1398 2439 1726 2486 commeatus
1760 2433 1905 2486 titu-

284 2499 396 2554 lum
425 2503 727 2560 tribunatus
755 2515 805 2561 et
833 2507 1098 2561 inscitiam
1126 2506 1332 2561 retulit:
1374 2506 1469 2560 sed
1504 2523 1721 2561 noscere
1762 2523 1903 2578 pro—

286 2574 534 2641 vinciam,
571 2582 717 2635 nosci
745 2582 1018 2646 exercitui,
1050 2580 1252 2636 discere
1282 2599 1312 2636 a
1337 2582 1543 2651 peritia,
1566 2581 1726 2652 sequi
1746 2581 1927 2652 optir

283 2660 418 2711 mos,
434 2651 569 2705 nihil
590 2653 832 2723 adpetere
850 2657 907 2710 in
929 2658 1279 2720 iactationem,
1293 2654 1428 2709 nihil
1449 2655 1519 2709 ob
1538 2653 1901 2710 formidinem

284 2731 546 2789 recusare,
568 2727 843 2800 simulque
859 2730 1055 2785 anxius
1074 2739 1127 2785 et
1143 2731 1379 2786 intentus
1399 2745 1573 2804 agere.
1654 2731 1787 2786 Non
1806 2745 1904 2786 sa-

259 2993 688 3022 Q„
