2081 3038
199 267 257 306 Α.
281 265 330 303 c.
354 246 449 320 31.)
639 255 796 299 Lm.
837 253 903 299 v.
946 255 1121 300 cAP.
1163 255 1376 299 9—11.
1717 251 1810 301 ⁴93

174 419 183 434 ⁸
207 353 541 424 traheretur?
578 371 743 424 neque
759 359 1025 424 facturam
1047 357 1224 408 ultra.-
1262 363 1340 420 et,
1367 371 1516 423 posse
1541 373 1596 410 se
1617 361 1814 424 puer-ili

202 435 413 487 verbere
430 434 644 484 moneri.
710 427 949 483 Tradunt
967 427 1222 498 temporis
1241 428 1360 482 eius
1379 437 1636 496 auctoreS,
1659 432 1814 502 quia,

207 504 530 561 triumvirali
552 502 819 575 supplicio
838 499 993 556 adfici
1014 502 1303 575 virginem,
1326 503 1629 558 inauditum
1647 505 1813 559 habe-

205 579 364 636 batur
377 621 392 646 ,
414 598 446 634 a
466 577 733 642 carnifice,
756 575 1012 649 laqueum
1030 577 1202 642 iuxta,
1226 593 1620 648 compressam:
1663 581 1808 640 exin.

203 654 395 712 oblisis
415 652 681 718 faucibus,
698 651 757 707 id
775 652 957 708 aetatis
976 657 1195 724 oorp'ora
1215 652 1273 706 in
1285 651 1571 710 Gemonias
1590 653 1809 709 abiecta.

320 733 402 784 ⁴0.
444 729 544 782 Per
572 727 715 782 idem
745 733 958 799 tempus
976 723 1106 782 Asia
1135 734 1296 801 atque
1313 725 1513 782 Achaia
1538 729 1814 782 exterritae

206 812 337 861 sunt
364 803 473 858 acri
500 803 673 876 magis
690 843 703 868 ‚
744 819 907 874 quam
942 801 1199 859 diuturno
1213 845 1227 868 ,
1268 819 1484 858 rumore
1498 844 1512 867 ,
1552 802 1810 869 Drusum,

207 877 514 935 Germanici
533 876 705 933 filium
720 917 733 942 ‚
757 875 900 950 apud
918 877 1177 954 Cycladas
1196 877 1405 934 insulas
1419 919 1434 944 ,
1462 894 1588 934 mox
1609 877 1667 932 in
1688 895 1816 934 con-

208 953 397 1010 tinenti
436 953 635 1010 visum.
712 953 781 1008 Et
809 962 919 1009 erat
946 953 1162 1011 iuvenis
1199 953 1347 1010 haud
1384 953 1588 1026 dispari
1625 959 1809 1019 aetate,

205 1026 533 1103 quibusdam
554 1027 795 1086 Caesaris
815 1027 1039 1096 libertis,
1063 1028 1212 1086 velut
1229 1029 1464 1104 agnitus,
1485 1046 1582 1101 per
1601 1028 1814 1085 dolum-

205 1120 314 1177 que
331 1104 725 1160 comitantibus.
803 1101 1206 1161 Adliciebantur
1232 1105 1408 1179 ignari
1423 1147 1436 1171 ,
1467 1103 1607 1159 fama
1637 1106 1814 1161 nomi-

203 1179 292 1236 nis
306 1221 321 1245 ‚
364 1186 417 1234 et
438 1181 703 1253 promptis
724 1179 1050 1236 Graecorum
1081 1181 1278 1235 animis
1307 1180 1376 1236 ad
1403 1197 1540 1238 nova
1569 1188 1622 1236 et
1641 1181 1806 1236 mira:

202 1254 409 1328 quippe
427 1255 673 1327 elapsum
692 1255 964 1312 custodiae
979 1297 992 1321 ,
1015 1272 1238 1330 pergere
1255 1255 1324 1311 ad
1341 1264 1588 1328 paternos
1607 1257 1813 1312 exerci-

200 1339 311 1396 tus,
333 1330 639 1406 Aegyptum
658 1329 971 1406 autSyriam
991 1329 1332 1396 invasurum,
1355 1331 1627 1404 fingebant
1643 1331 1810 1387 simul

202 1405 609 1478 credebantque.
689 1405 803 1461 Iam
820 1405 1120 1460 iuventutis
1139 1419 1424 1470 concursu,
1446 1407 1554 1460 iam
1575 1405 1810 1478 publicis

200 1479 399 1537 studiis
422 1479 875 1553 frequentabatur,
900 1479 1072 1535 laetus
1091 1477 1485 1552 praesentibus„
1496 1488 1548 1535 et
1564 1479 1809 1537 inanium

202 1574 327 1629 spe3
355 1573 481 1613 cum
502 1555 745 1611 auditum
764 1554 823 1610 id
838 1554 1084 1627 Poppaeo
1102 1552 1316 1610 Sabin0.
1373 1550 1455 1621 '1s,
1479 1553 1812 1611 Macedoniae

202 1640 319 1688 tum
338 1630 602 1696 intentus,
634 1628 891 1685 Achaiam
910 1646 1130 1703 quoque
1159 1628 1394 1687 curabat.
1473 1630 1670 1705 Igitur,
1702 1648 1812 1703 quo

200 1724 329 1763 vera
348 1722 447 1761 seu
466 1703 599 1761 falsa
616 1704 864 1771 anteiret,
899 1704 1232 1761 Toronaeum
1252 1702 1716 1779 Thermaeumque
1733 1707 1814 1767 sia-

200 1798 339 1837 num
356 1778 760 1851 praefestinans,
782 1798 909 1837 mox
926 1780 1201 1837 Euboeam
1217 1822 1230 1846 ,
1258 1778 1453 1855 Aegaei
1471 1782 1638 1837 maris
1656 1781 1812 1837 insu-

200 1856 312 1912 lam
328 1896 341 1921 ,
364 1861 417 1909 et
434 1855 711 1911 Piraeeum
732 1854 931 1912 Atticae
948 1873 1098 1923 orae,
1125 1856 1251 1911 dein
1273 1855 1640 1913 Corinthiense
1659 1856 1805 1923 litus,

198 1928 588 2005 angustiasque
613 1930 802 1986 Isthmi
829 1932 1031 1988 evadit:
1075 1932 1322 2003 marique
1355 1930 1459 1988 alio
1487 1932 1804 2003 Nicopoiim,

198 2006 498 2062 Romanam
518 2004 778 2061 coloniam
792 2045 806 2072 ,
836 2007 1116 2081 ingressus
1131 2048 1146 2073 ,
1180 2006 1259 2062 ibi
1277 2005 1497 2062 demum
1518 2008 1804 2080 cognoscit,

196 2079 471 2139 sollertius
490 2080 872 2155 interrogatum
887 2122 901 2147 ,
925 2082 1179 2154 quisnam
1201 2080 1330 2137 foret
1345 2123 1358 2146 ,
1383 2081 1605 2147 dixisse,
1629 2082 1704 2138 M.
1725 2081 1809 2135 Si-

197 2158 325 2214 lano
340 2156 617 2231 genitum:
662 2163 742 2222 et,
767 2154 953 2211 multis
974 2162 1291 2213 sectatorum
1311 2154 1535 2227 dilapsis
1552 2198 1566 2223 ,
1589 2154 1806 2225 adscen-
1900 2186 1902 2189 >

196 2232 348 2291 disse
378 2248 599 2298 navem,
640 2238 916 2304 tamquam
944 2230 1149 2287 Italiam
1180 2238 1396 2303 peteret.
1475 2229 1810 2303 Scripsitque

194 2310 333 2367 haec
360 2306 589 2364 Tiberio.
668 2306 856 2382 Neque
882 2322 979 2362 nos
1006 2306 1268 2381 originem
1309 2304 1539 2363 finemve
1575 2307 1693 2371 eius
1731 2303 1808 2361 rei

144 2408 155 2419 ·
194 2384 341 2443 ultra
360 2382 740 2454 comperimus.

314 2462 368 2512 Η
386 2499 399 2513 .
439 2457 605 2513 Exitu
624 2457 753 2515 anni
767 2498 783 2522 ‚
814 2456 910 2512 diu
928 2464 1082 2512 aucta
1099 2456 1362 2515 discordia
1382 2454 1668 2513 consulum
1687 2472 1810 2511 eru-

192 2537 295 2611 pit.
379 2533 516 2588 Nam
543 2534 693 2600 Trio,
727 2531 899 2588 facilis
926 2532 1266 2605 capessendis
1293 2530 1594 2589 inimicitiis
1619 2539 1674 2587 et
1699 2530 1810 2587 foro

194 2608 469 2669 exercitus
484 2650 499 2675 ,
532 2616 593 2663 ut
619 2624 839 2683 segnem
859 2607 1129 2683 Regulum
1149 2607 1218 2663 ad
1235 2606 1612 2679 opprimendos
1631 2603 1809 2662 Seiani

194 2685 479 2745 ministros
505 2682 725 2759 oblique
749 2683 1150 2757 perstrinxerat.
1229 2682 1325 2738 Ine
1338 2724 1351 2748 ,
1394 2682 1500 2738 nisi
1529 2682 1812 2739 lacessere·

193 2780 319 2893 “¹¹:1²
340 2760 632 2891 modestiae
658 2759 891 2819 retinens
907 2802 921 2828 ,
962 2776 1069 2817 non
1102 2756 1260 2816 modo
1289 2756 1485 2890 Γεὲιᾱὶῑ
1513 2756 1805 2833 conlegam.

318 2852 491 2893 Anu-us
559 2876 574 2892 .
