2081 3038
286 175 382 268 tat
846 217 1320 265 ANNALIUM
1389 179 1456 197 ”
1614 194 1896 284 (Lunai.

280 321 538 388 Romano,
560 317 699 390 Titio
716 315 931 386 Sabino,
951 317 1021 379 ob
1038 317 1332 377 amicitiam
1351 318 1678 380 Germanici.
1700 321 1901 395 Neque

279 397 425 454 enim
445 395 697 452 omiserat
722 394 1005 469 coniugem
1025 394 1332 474 liberosque
1351 395 1470 452 eius
1493 394 1779 470 percolere,
1803 414 1898 456 se-

278 480 443 540 ctator
468 471 636 536 domi,
665 486 845 526 comes
872 469 930 526 in
986 469 1187 539 ublico,
1215 480 1336 546 post
1355 477 1428 528 tot
1447 469 1686 538 clientes,
1709 490 1889 540 unus;

279 565 450 622 eoque
477 543 623 619 apud
648 543 816 602 bonos
844 487 1111 613 laudatus,
1156 554 1207 603 et
1224 547 1406 622 gravis
1425 547 1655 621 iniquis.
1731 548 1895 606 Hunc

279 623 525 683 Latinius
561 621 787 677 Latiaris
801 661 817 686 ,
854 621 1078 678 Porcius
1116 619 1242 678 Cato
1257 664 1271 688 ,
1312 622 1537 680 Petitius
1571 621 1768 690 Rufus,
1809 623 1888 678 Μ.

278 697 502 776 Opsius,
564 701 779 772 raetura„
793 694 995 762 functi,
1006 695 1412 772 adgrediuntur,
1427 696 1681 771 cupidine
1691 716 1894 756 consu-

280 775 446 836 latus:
490 791 521 830 a
584 789 748 846 quem
780 788 888 828 non
919 770 1029 830 nisi
1056 789 1153 846 per
1181 771 1436 830 Seianum
1463 773 1668 844 aditus;
1710 791 1894 847 neque

278 849 457 910 Seiani
480 846 724 906 voluntas
742 846 851 903 nisi
868 846 1066 904 scelere
1082 847 1455 922 quaerebatur.
1516 847 1890 924 compositum

278 927 416 984 inter
443 925 611 998 ipsos,
640 930 703 979 ut
728 921 973 991 Latiaris,
1007 925 1106 998 qui
1126 923 1335 981 modico
1353 941 1460 981 usu
1479 921 1740 983 Sabinum
1759 942 1890 982 con-

280 999 534 1076 tingebat,
556 1004 785 1054 strueret
801 996 1007 1066 dolum,
1028 999 1190 1056 ceteri
1209 1007 1367 1058 testes
1388 999 1660 1063 adessent:
1694 999 1890 1058 deinde

276 1076 669 1134 accusationem
689 1072 1003 1146 inciperent.
1070 1075 1239 1150 Igitur
1257 1075 1483 1137 Latiaris
1508 1076 1679 1132 iacere
1699 1074 1890 1132 fortui—

280 1159 359 1208 tos
378 1150 620 1224 primum
640 1165 943 1206 sermones:
974 1167 1103 1206 mox
1121 1149 1339 1208 laudare
1357 1151 1889 1229 constantiam,quod

278 1243 405 1292 non,
432 1232 490 1294 ut
515 1223 693 1294 ceteri,
726 1221 962 1283 florentis
980 1225 1175 1284 domus
1194 1226 1423 1294 amicus,
1444 1223 1710 1284 adflictam
1731 1225 1890 1282 dese-

205 1344 213 1352 .
277 1295 504 1358 ruisset:
546 1297 712 1358 simul
732 1298 933 1358 honora
952 1299 1019 1358 de
1047 1299 1384 1368 Germanico,
1405 1301 1758 1383 Agrippinam
1780 1301 1888 1358 mi-

278 1393 465 1434 serans
478 1417 492 1442 ,
538 1373 848 1434 disserebat.
924 1375 993 1432 Et
1028 1385 1316 1450 postquam
1353 1375 1616 1444 Sabinus,
1635 1372 1640 1380 ’
1661 1385 1722 1434 ut
1755 1384 1887 1433 sunt

278 1449 467 1510 molles
487 1452 544 1508 in
564 1449 861 1527 calamitate
884 1451 1191 1509 mortalium
1211 1453 1399 1519 animi,
1412 1451 1597 1511 effudit
1613 1451 1881 1519 lacrimaS,

249 1567 253 1572 -
277 1529 459 1587 iunxit
474 1536 730 1603 questus3
772 1527 1030 1586 audacius
1065 1530 1175 1587 iam
1202 1536 1384 1586 onerat
1409 1527 1685 1601 Seianum,
1707 1530 1885 1585 saevi-

277 1606 429 1671 tiam,
460 1603 790 1678 superbiam,
819 1621 944 1679 spes
965 1605 1104 1661 eius.
1181 1604 1262 1661 Ne
1279 1605 1339 1661 in
1359 1602 1635 1663 Tiberium
1659 1604 1882 1679 quidem

278 1680 519 1739 convicio
535 1733 541 1740 ,
555 1678 801 1737 abstinet.
879 1680 1033 1753 lique
1071 1696 1342 1737 sermones
1355 1722 1369 1746 ,
1408 1686 1684 1753 tamquam
1723 1682 1883 1739 vetita

279 1755 645 1821 miscuissent,
670 1754 908 1827 speciem
933 1763 1106 1817 arctae
1125 1756 1390 1834 amicitiae
1407 1752 1598 1812 facere.
1678 1754 1756 1814 Ac
1771 1758 1880 1813 iam

278 1828 421 1886 ultro
455 1827 689 1892 sabinus
727 1846 984 1903 quaerere
1020 1829 1307 1898 Latiarem,
1349 1832 1608 1888 ventitare
1625 1830 1878 1904 domum,

278 1902 485 1961 dolores
505 1922 655 1971 suos,
756 1906 837 1963 asi
856 1905 924 1962 ad
942 1906 1293 1973 fidissimum,
1315 1904 1538 1966 deferre.
1643 1950 1650 1963 .

388 1979 478 2037 69.
517 1979 697 2039 Consu
719 1988 849 2049 tant,
880 1998 1019 2055 quos
1048 1982 1360 2049 memoravi,
1389 1999 1626 2054 quonam
1646 1980 1803 2041 modo
1822 2002 1881 2040 ea

276 2052 521 2129 plurium
548 2056 733 2113 auditu
758 2056 1142 2128 acciperentur.
1221 2058 1358 2113 Nam
1380 2056 1513 2125 loco,
1534 2056 1592 2115 in
1613 2074 1774 2133 quem
1795 2077 1883 2116 co-

277 2132 475 2207 ibatur,
498 2130 756 2189 servanda
776 2130 1086 2189 solitudinis
1112 2132 1298 2191 facies:
1325 2141 1394 2200 et,
1409 2134 1458 2189 si
1473 2150 1614 2206 pone
1633 2134 1770 2192 fores
1790 2134 1883 2195 ad·-

278 2208 542 2273 sisterent,
556 2252 563 2261 .
576 2207 744 2265 metui
764 2207 938 2273 visus,
962 2208 1192 2275 sonitus,
1223 2207 1328 2263 aut'
1342 2208 1474 2265 forte
1491 2216 1634 2267 ortae
1651 2209 1883 2283 suspici-

277 2299 407 2339 ones
432 2289 603 2339 erant.
682 2282 902 2337 Tectum
928 2281 1068 2339 inter
1096 2291 1148 2339 et
1174 2282 1444 2357 laquearia
1462 2293 1568 2344 tres
1595 2293 1877 2356 senatoreS.

278 2356 425 2413 haud
445 2357 628 2412 minus
648 2358 793 2429 turpi
814 2355 1032 2423 latebra,
1055 2358 1220 2431 quam
1245 2358 1550 2418 detestanda
1571 2359 1776 2428 fraude,
1798 2380 1883 2417 se-

279 2449 339 2487 se
356 2430 703 2503 abstrudunt3
746 2431 1102 2489 foraminibus
1129 2442 1182 2490 et
1199 2435 1355 2491 rimis
1373 2452 1560 2491 aurem
1579 2434 1876 2494 admovent.

279 2507 479 2561 Interea
518 2503 746 2562 Latiaris
782 2514 1052 2579 repertum
1091 2510 1148 2564 in
1186 2509 1405 2581 publico
1432 2508 1714 2579 Sabinum,
1737 2512 1880 2571 velut

166 2644 204 2648 --
254 2596 462 2648 ,tenens
482 2583 692 2656 cognita
711 2590 1044 2661 narraturus,
1056 2583 1279 2643 domum
1297 2593 1348 2641 et
1365 2586 1423 2641 in
1443 2586 1758 2643 cubiculum
1777 2594 1880 2643 tra-

276 2645 301 2657 *
322 2651 385 2705 ἰε
424 2657 813 2730 praeteritaque
840 2664 893 2713 et
917 2657 1190 2725 instantia.
1213 2677 1451 2731 quorum
1471 2660 1690 2723 adfatim
1707 2664 1875 2735 copia,

429 2724 544 2784 uros
591 2736 817 2791 terrores
860 2730 1118 2791 cumulat.
1195 2726 1399 2791 Eadem
1435 2734 1529 2793 ille
1565 2744 1617 2793 et
1652 2736 1874 2807 diutius,
