2081 3038
299 218 400 274 236
782 219 1426 271 HIs'roRIARuM
1632 213 1907 289 (A.’u.824.

298 323 405 379 Sed
422 323 634 391 urbem,
665 324 888 382 arduam
907 327 1036 391 situ,
1068 343 1227 398 opera
1248 324 1523 397 molesque
1542 325 1905 392 firmaverant,

298 400 426 472 quis
443 398 528 462 vel
549 398 707 472 plana
727 402 856 456 satis
875 401 1236 456 munirentur.
1302 401 1439 456 Nam
1460 400 1597 456 duos
1616 399 1797 467 colles,
1821 402 1911 456 in—

298 491 548 530 mensum
571 475 757 542 editoe,
797 476 1114 536 claudebant
1144 477 1307 542 muri,
1352 493 1450 548 per
1489 487 1654 531 artem
1672 475 1903 548 obliqui,

298 557 391 606 aut
407 552 669 606 introrsus
691 553 919 608 sinuati:
961 560 1023 606 ut
1050 553 1206 606 latera
1226 554 1655 626 oppugnantium
1677 551 1746 606 ad
1766 552 1906 606 ictus

295 635 640 698 patescerent.
721 627 970 682 Extrema
1011 629 1164 698 rupis
1202 628 1455 698 abrupta:
1499 636 1549 682 et
1586 637 1778 692 turreS,
1810 628 1906 682 ubi

297 718 454 757 mons
473 703 717 766 iuvisset,
737 703 794 757 in
815 719 1108 774 sexagenos
1128 702 1309 774 pedeS‚
1324 704 1461 756 inter
1478 703 1677 758 devexa
1698 704 1757 757 in
1780 721 1906 757 cen-

295 787 446 834 tenos
467 778 789 850 vicenosque
807 777 1220 833 adtollebantur:
1264 779 1397 832 mira
1420 781 1615 850 specie,
1637 795 1699 832 ac
1716 778 1901 850 procul

297 854 630 909 intuentibus
653 870 824 924 pares,
905 852 1024 908 Alia
1058 856 1203 907 intus
1224 853 1453 919 moenia,
1476 855 1651 926 regiae
1671 855 1906 908 circum-

295 931 448 985 iecta.
529 928 936 1001 conspicuoque
963 927 1173 1001 fastigio
1198 930 1362 983 turris
1390 928 1634 994 Antonia,
1656 930 1711 984 in
1735 929 1907 984 hono-

295 1021 410 1060 rem
429 1005 502 1059 M.
527 1003 762 1067 Antonii,
787 1005 854 1058 ab
874 1005 1077 1058 Herode
1096 1003 1373 1075 adpellata.

411 1083 491 1135 ⁴2.
535 1078 818 1149 Templum
839 1080 895 1133 in
917 1079 1137 1133 modum
1158 1080 1295 1134 arcis
1314 1080 1625 1152 propriique
1645 1080 1811 1144 muri,
1827 1079 1904 1134 la-

295 1154 422 1209 bore
442 1160 492 1208 et
509 1171 665 1224 opere
687 1162 805 1207 ante
824 1153 974 1208 alios,
1043 1155 1193 1224 Ipsae
1213 1157 1467 1225 porticuS,
1490 1156 1615 1226 quis
1639 1155 1899 1227 templum

295 1228 649 1292 ambiebatur,
684 1230 960 1302 egregium
980 1229 1465 1303 propugnaculum.
1544 1230 1687 1285 Fons
1707 1248 1903 1302 peren-

295 1304 382 1358 nis
413 1321 603 1376 aquae,
635 1304 805 1358 cavati
826 1305 930 1358 sub
955 1311 1092 1359 terra
1113 1313 1348 1360 montes:
1390 1314 1441 1359 et
1460 1305 1696 1376 piscinae
1716 1307 1903 1360 cister-

297 1396 504 1452 naeque
524 1379 801 1434 servandis
823 1380 1108 1435 imbribus,
1189 1380 1561 1436 praeviderant
1581 1381 1898 1447 conditores,

296 1472 363 1510 ex
381 1455 685 1510 diversitate
703 1473 937 1523 morum,
960 1455 1143 1510 crebra
1164 1455 1320 1510 bella.
1352 1455 1479 1509 Inde
1499 1464 1687 1510 cuncta
1704 1474 1901 1529 quam-

294 1532 380 1586 vis
418 1532 675 1587 adversus
716 1531 937 1606 longum
975 1532 1275 1601 obsidium;
1318 1542 1369 1587 et
1395 1550 1423 1586 a
1450 1532 1700 1603 Pompeio
1726 1550 1899 1605 expu-

293 1608 469 1679 gnatis
491 1616 666 1661 metus
687 1615 845 1679 atque
867 1626 1000 1662 usus
1020 1607 1277 1680 pleraque
1296 1616 1673 1662 monstravere.
1698 1607 1895 1679 Atque,

293 1697 390 1752 per
437 1683 712 1736 avaritiam
761 1681 1175 1738 Claudianorum
1224 1692 1523 1755 temporum
1564 1691 1744 1755 empto
1783 1686 1900 1738 iure

295 1757 595 1822 muniendi,
638 1764 879 1812 struxere
907 1775 1091 1813 muros
1119 1760 1176 1813 in
1205 1776 1353 1831 pace,
1398 1767 1668 1831 tamquam
1698 1757 1768 1812 ad
1786 1758 1901 1813 bel-

295 1830 439 1886 lum:
465 1848 656 1905 magna
678 1832 925 1887 conluvie
945 1842 996 1887 et
1015 1842 1307 1889 ceterarum
1329 1833 1549 1891 urbium
1571 1833 1719 1888 clade
1738 1835 1896 1887 aucti.

293 1907 430 1961 Nam
459 1908 926 1979 pervicacissimus
955 1910 1190 1981 quisque
1215 1910 1347 1965 illuc
1365 1910 1685 1982 perfugerat,
1729 1926 1898 1981 eoque

293 1983 599 2037 seditiosius
641 1982 882 2056 agebant.
963 1984 1093 2038 Tres
1131 1984 1314 2051 duceS,
1353 1984 1567 2039 totidem
1609 1986 1893 2039 exercitus,

292 2058 543 2113 Extrema
573 2066 622 2112 et
651 2058 908 2112 latissima
936 2060 1207 2114 moenium
1232 2059 1397 2125 Simo,
1422 2077 1583 2132 quem
1607 2068 1657 2114 et
1680 2060 1899 2132 Bargio-

294 2151 408 2189 ram
428 2134 703 2198 vocabant,
726 2134 956 2188 mediam
978 2136 1167 2190 urbem
1191 2137 1429 2201 IoanneS,
1460 2135 1721 2205 templum
1743 2135 1897 2189 Elea-

293 2226 468 2271 zarus,
511 2208 828 2264 firmaverat.
909 2209 1250 2265 Multitudine
1289 2217 1341 2264 et
1377 2212 1541 2264 armis
1582 2212 1800 2264 loannes
1838 2228 1898 2263 ac

294 2282 459 2349 Simo,
483 2284 769 2339 Eleazarus
791 2283 903 2339 loco
922 2284 1170 2356 pollebat.
1244 2284 1348 2339 Sed
1369 2284 1586 2356 proelia,
1608 2284 1693 2340 dol
1704 2284 1899 2349 usfln-

293 2359 478 2412 cendia
518 2361 656 2414 inter
692 2361 858 2431 ips05,
899 2368 950 2413 et
989 2377 1182 2432 magna
1218 2362 1303 2414 vis
1342 2360 1595 2415 frumenti
1626 2361 1891 2415 ambusta.

293 2432 418 2487 Mox
437 2435 677 2499 IoanneS,
701 2435 886 2489 missis
905 2452 1000 2507 per
1021 2436 1255 2505 speciem
1275 2436 1625 2500 sacrificandi,
1656 2436 1753 2507 qui
1773 2435 1901 2489 Ele-

294 2522 510 2563 azarum
530 2526 862 2581 manumque
889 2512 1005 2563 eius
1036 2509 1427 2575 obtruncarent,
1457 2509 1654 2582 templo
1672 2512 1894 2581 potitur.

294 2580 370 2633 Ita
397 2582 454 2634 in
483 2582 615 2636 duas
643 2583 895 2639 factiones
923 2584 1111 2639 civitas
1141 2584 1403 2649 discessit,
1448 2584 1631 2649 donec,
1673 2587 1901 2657 propin·-

295 2655 585 2780 quartitibus
615 2656 889 2727 Romanis,
921 2658 1126 2715 bellum
1146 2668 1423 2715 externum
1446 2660 1777 2715 concordiam
1802 2678 1900 2731 pa-

295 2740 410 2778 rere
