2081 3038
286 235 351 290 64
850 236 1321 288 ANNALIUM
1609 228 1891 305 (emma.

286 341 543 414 inpositas
580 359 675 413 per
714 341 913 398 flumen
953 342 1214 398 Amisiam
1254 342 1460 398 Oceano
1504 340 1728 397 invexit.
1810 338 1898 395 Ac

285 419 460 489 primo
486 415 755 488 placidum
786 435 984 490 aequor
1010 418 1159 473 mille
1187 416 1409 472 navium
1438 416 1601 472 remis
1627 424 1891 488 strepere,

284 501 379 547 aut
397 491 531 547 velis
552 492 783 564 impelli:
828 509 954 548 mox
981 502 1094 548 atro
1115 493 1342 547 nubium
1363 491 1520 564 globo
1539 490 1705 545 effusa
1724 507 1898 563 gran-

286 568 383 631 do,
413 567 579 622 simul
608 568 773 623 variis
802 568 1042 640 undique
1068 566 1314 639 procellis
1338 567 1525 620 incerti
1549 564 1742 620 fluctus
1763 583 1897 637 pro-

286 649 527 714 spectum
548 642 809 706 adimere,
842 644 1081 716 regimen
1109 641 1396 714 impedire:
1441 640 1705 713 milesque
1733 641 1897 712 pavi-

285 717 389 772 dus
404 759 416 783 ‚
440 726 492 772 et
508 733 731 773 casuum
753 718 916 771 maris
936 717 1184 786 ignarus,
1209 716 1340 771 dum
1362 714 1540 771 turbat
1559 723 1746 770 nautas
1762 758 1775 780 ‚
1801 715 1892 769 vel

286 792 657 864 intempestive
684 793 859 855 iuvat,
898 784 1071 846 officia
1109 790 1452 863 prudentium
1494 791 1891 862 corrumpebat.

286 867 459 922 Omne
485 867 679 922 dehinc
706 865 913 920 caelum
944 876 995 921 et
1022 884 1170 921 mare
1187 883 1345 921 omne
1362 867 1421 920 in
1441 873 1684 920 austrum
1703 867 1891 930 cessit,

286 943 382 1014 qui
403 941 625 997 tumidis
647 940 963 996 Germaniae
980 943 1154 1007 terris,
1177 940 1458 1012 profundis
1478 939 1731 995 amnibus
1745 981 1759 1006 ‚
1784 941 1896 995 im-

288 1033 473 1072 menso
492 1016 719 1070 nubium
740 1023 907 1070 tractu
927 1015 1142 1072 validus
1157 1059 1171 1080 ‚
1199 1024 1253 1070 et
1279 1016 1452 1089 rigore
1471 1015 1636 1071 vicini
1657 1023 1897 1086 septem-

287 1091 473 1147 trionis
514 1089 775 1146 horridior
790 1131 803 1154 ,
845 1092 1023 1163 rapuit
1059 1091 1376 1163 disiecitque
1411 1107 1575 1147 naves
1611 1091 1670 1145 in
1709 1099 1894 1162 aperta

286 1164 511 1229 Oceani,
536 1176 631 1220 aut
658 1164 864 1220 insulas
884 1167 1029 1221 saxis
1053 1167 1294 1238 abruptis
1313 1166 1397 1222 vel
1417 1183 1512 1238 per
1531 1165 1732 1221 occulta
1753 1165 1892 1220 vada

286 1239 523 1296 infestas.
602 1239 813 1307 Quibus
834 1241 1080 1312 paullum
1101 1258 1362 1316 aegreque
1381 1239 1580 1306 vitatis,
1602 1249 1892 1312 postquam

288 1315 527 1370 mutabat
543 1324 749 1380 aestuS‚
780 1316 1101 1390 eodemque,
1135 1333 1244 1389 quo
1263 1325 1484 1382 ventus,
1516 1315 1738 1384 ferebat3
1783 1333 1892 1370 non

288 1390 571 1456 adhaerere
597 1391 805 1448 ancoris
821 1433 833 1457 ‚
878 1409 983 1448 non
1012 1392 1298 1456 exhaurire
1325 1391 1684 1463 inrumpentis
1712 1391 1890 1444 undas

286 1473 552 1539 poterant:
596 1466 743 1542 equi,
767 1467 1025 1535 iumenta,
1049 1467 1286 1524 sarcinae
1302 1509 1317 1534 ‚
1337 1465 1496 1522 etiam
1519 1483 1665 1523 arma
1683 1468 1894 1539 praeci-

287 1544 524 1615 pitantur
537 1586 550 1609 ‚
572 1560 682 1616 quo
702 1543 1004 1600 levarentur
1023 1543 1190 1609 alvei,
1219 1552 1494 1598 manantes
1513 1560 1609 1615 per
1629 1541 1786 1597 latera
1803 1585 1815 1607 ‚
1841 1551 1893 1596 et

286 1616 451 1673 fluctu
472 1627 873 1692 superurgente.
1133 1608 1138 1625 '

398 1695 484 1749 24.
526 1693 735 1758 Quanto
754 1693 1033 1749 violentior
1051 1700 1224 1747 cetero
1241 1694 1377 1747 mari
1399 1692 1640 1749 Oceanus
1659 1734 1671 1757 ‚
1705 1700 1756 1745 et
1777 1700 1892 1746 tru-

288 1766 517 1823 culentia
556 1766 688 1821 caeli
727 1774 954 1838 praestat
983 1767 1267 1821 Germania
1283 1808 1297 1831 ‚
1339 1775 1545 1824 tantum
1584 1766 1676 1823 illa
1715 1766 1890 1822 clades

290 1843 519 1899 novitate
538 1849 588 1896 et
606 1841 975 1913 magnitudine
992 1842 1249 1907 excessit,
1276 1841 1564 1899 hostilibus
1588 1843 1796 1908 ‚circum
1823 1841 1892 1896 li·-

289 1917 492 1972 toribus
508 1958 520 1981 ‚
550 1924 641 1971 aut
661 1917 731 1969 ita
752 1922 901 1970 vasto
920 1922 973 1968 et
989 1912 1252 1987 profundo
1265 1958 1279 1981 ‚
1319 1925 1382 1972 ut
1399 1918 1642 1973 credatur
1659 1918 1892 1973 novissi-

290 2009 441 2046 mum
464 2008 525 2045 ac
544 1991 659 2045 sine
681 1990 852 2054 terris,
877 2006 1040 2045 mare.
1104 1990 1232 2047 Pars
1251 1992 1473 2049 navium
1495 1993 1716 2048 haustae
1734 2000 1884 2061 sunt3

289 2066 471 2138 plures
500 2064 643 2136 apud
672 2064 875 2119 insulas
918 2064 1132 2139 longius
1172 2067 1300 2121 sitas
1339 2068 1559 2123 eiectae:
1602 2066 1884 2141 milesque,

292 2138 443 2194 nullo
460 2138 573 2193 illic
592 2139 873 2195 hominum
892 2139 1044 2195 cultu
1057 2182 1072 2205 ,
1096 2140 1236 2196 fame
1253 2142 1573 2214 ahsumptus
1587 2184 1602 2209 ‚
1625 2143 1732 2197 nisi
1753 2158 1888 2213 quos

291 2230 505 2285 corpora
527 2230 809 2285 equorum,
832 2214 1016 2271 eodem
1036 2214 1186 2280 elisa,
1211 2216 1574 2271 toleraverant.
1617 2215 1738 2272 Sola
1757 2218 1889 2273 Ger·
1993 2238 1995 2251 ·

287 2288 488 2343 manici
510 2289 744 2343 triremis
765 2288 1102 2346 Chaucorum
1123 2298 1318 2347 terram
1339 2290 1574 2363 adpulit,
1604 2308 1767 2364 quem
1793 2308 1887 2364 per
1991 2302 1993 2320 ¹

292 2378 477 2416 omnes
496 2361 617 2417 illos
636 2362 749 2419 dies
771 2372 1058 2437 noctesque
1077 2366 1221 2437 apud
1237 2366 1488 2438 scopulos
1509 2374 1560 2421 et
1584 2368 1890 2439 prominen-
1987 2400 1989 2407 ·

294 2438 362 2490 tis
380 2451 499 2489 oras
513 2476 526 2500 ‚
558 2453 683 2491 cum
705 2456 762 2493 se
784 2440 913 2494 tanti
932 2440 1082 2497 exitii
1103 2458 1254 2495 reum
1275 2441 1595 2509 clamitaret,
1627 2443 1721 2497 vix
1743 2441 1890 2498 cohi-
1984 2458 1987 2467 ·

293 2511 461 2564 buere
476 2510 666 2577 amici,
697 2530 806 2585 quo
826 2515 1010 2571 minus
1030 2514 1214 2571 eodem
1235 2516 1372 2572 mari
1389 2524 1676 2588 oppeteret.
1752 2518 1889 2573 Tan-

292 2584 414 2638 dem
435 2582 702 2641 relabente
721 2596 869 2643 aestu
890 2595 942 2645 et
960 2589 1285 2645 secundante
1304 2600 1462 2646 vento
1482 2589 1700 2647 claudae
1726 2610 1888 2649 naves

294 2659 653 2743 raro-remigio
668 2703 680 2725 ‚
706 2670 797 2717 aut
814 2663 1032 2719 intentis
1053 2664 1294 2722 vestibus
1310 2708 1323 2730 ,
1357 2673 1409 2721 et
1427 2666 1689 2737 quaedam
1710 2685 1738 2723 a
1759 2665 1888 2723 vali-
1961 2667 1969 2678 “

294 2729 535 2787 dionbus
555 2740 763 2802 tractae,
787 2747 1074 2794 revertere:
1117 2756 1254 2810 quas
1274 2742 1466 2812 raptim
1489 2740 1706 2797 resectas
1723 2743 1886 2808 misit,

61 2854 709 2960 auc-⁴-
