2081 3038
245 160 493 237 ι.α.το.)
692 168 829 216 Lm.
869 170 908 216 1.
951 170 1109 219 cAP.
1151 170 1393 218 εις-65.
1780 164 1847 217 39

245 271 498 346 precibus
535 270 690 325 ducis
721 270 968 345 mitigati,
1011 272 1079 326 ab
1104 271 1311 327 excidio
1338 270 1566 325 civitatis
1586 276 1849 343 tempera-

247 364 392 403 vere.
472 344 635 401 Caesa
656 353 830 401 tamen
850 346 917 401 ad
938 354 1166 417 quatuor
1192 344 1360 399 millia
1388 345 1689 401 hominum.
1772 345 1851 399 ls-

249 438 358 494 que
376 428 540 475 terror
560 419 762 476 Gallias
781 422 998 485 invasit,
1023 428 1083 475 ut
1104 421 1335 475 venienti
1355 437 1480 475 mox
1500 423 1699 494 agmini
1723 420 1850 476 uni·

249 512 432 551 versae
451 496 690 549 civitates
709 512 834 549 cum
855 494 1255 568 magistratibus
1274 503 1325 549 et
1342 496 1591 565 precibus
1604 511 1849 551 occurre-

251 578 385 635 rent,
417 570 595 624 stratis
625 574 730 641 pe(
739 570 854 625 vias
884 568 1101 625 feminis
1120 571 1439 641 puerisque;
1481 587 1726 641 quaeque
1746 568 1849 624 alia

249 644 578 715 placamenta
607 644 818 702 hostilis
845 646 974 709 irae,
1005 660 1109 699 non
1129 644 1351 716 quidem
1372 644 1431 697 in
1448 642 1608 707 bello,
1631 645 1725 699 sed
1752 660 1849 715 pro

249 734 397 789 pace,
419 717 786 773 tendebantur.

361 795 446 849 64.
487 794 750 848 Nuntium
789 792 856 847 de
882 792 1040 847 caede
1069 792 1269 847 Galbae
1296 800 1348 847 et
1375 792 1601 864 imperio
1624 790 1849 849 Othonis

253 867 453 923 Fabius
473 866 666 922 Valens
695 867 750 922 in
772 868 982 923 civitate
1001 867 1298 923 Leucorum
1320 870 1538 938 accepit.
1618 868 1726 923 Nec
1748 869 1852 924 mi-

255 942 411 996 litum
440 941 654 997 animus
681 942 738 997 in
763 943 1024 1015 gaudium
1052 951 1145 998 aut
1172 941 1509 997 formidinem
1543 954 1846 1014 permotus:

255 1016 458 1071 bellum
479 1016 738 1072 volvebat.
788 1015 958 1071 Gallis
975 1020 1238 1073 cunctatio
1256 1027 1518 1090 exempta,
1540 1018 1665 1072 etin
1686 1018 1851 1073 Otho·-

255 1108 378 1146 nem
422 1108 484 1145 ac
523 1091 794 1147 Vitellium
833 1090 1017 1147 odium
1058 1109 1172 1163 par,
1214 1110 1281 1147 ex
1316 1092 1528 1148 Vitellio
1564 1102 1615 1147 et
1652 1103 1853 1161 metue,

255 1166 500 1222 Proxima
530 1165 830 1239 Lingonum
861 1166 1049 1221 civitas
1076 1174 1202 1231 erat,
1232 1168 1334 1222 fida
1354 1168 1614 1238 partibus.
1694 1168 1852 1223 Beni-

253 1258 358 1313 gne
393 1242 617 1311 excepti,
659 1240 914 1295 modestia
953 1250 1243 1309 certavere3
1304 1242 1398 1297 sed
1437 1241 1616 1295 brevis
1655 1240 1849 1297 laetitia

255 1316 378 1383 fuit,
397 1315 693 1371 cohortium
721 1315 1052 1386 intemperie,
1065 1332 1222 1387 quas,
1246 1332 1273 1369 a
1294 1314 1502 1389 legione
1518 1317 1853 1387 quartadeci-

257 1408 362 1453 ma,
390 1398 450 1444 ut
477 1405 642 1460 supra
669 1390 1111 1455 memoravimuS,
1140 1389 1435 1463 digressas,
1468 1391 1719 1444 exercitui
1751 1406 1851 1444 suo

254 1464 452 1519 Fabius
471 1464 668 1521 Valens
687 1464 1018 1519 adiunxerat.
1086 1464 1262 1538 Iurgia
1282 1464 1549 1536 primum:
1592 1481 1717 1519 mox
1735 1465 1850 1522 rixa

253 1544 391 1596 inter
429 1540 650 1594 Batavos
686 1547 738 1594 et
774 1538 1110 1612 legionarios,
1150 1539 1281 1594 dum
1312 1539 1401 1594 his
1420 1548 1518 1594 aut
1541 1538 1652 1594 illis
1672 1540 1850 1594 studia

253 1613 486 1670 militum
516 1615 890 1688 adgregantur,
923 1629 1089 1685 prope
1110 1613 1169 1668 in
1194 1613 1457 1686 proelium
1478 1631 1749 1682 exarsere3
1793 1615 1850 1668 ni

252 1689 447 1744 Valens
473 1688 932 1744 animadversione
960 1705 1253 1760 paucorum
1279 1687 1473 1745 oblitos
1499 1689 1607 1744 iam
1629 1689 1850 1744 Batavos

252 1765 464 1836 imperii
485 1764 866 1819 admonuisset.
933 1764 1153 1818 Frustra
1178 1765 1435 1820 adversus
1453 1763 1663 1818 Aeduos
1684 1781 1851 1836 quae-

251 1841 352 1894 sita
371 1837 500 1894 belli
519 1855 726 1893 caussa.
807 1838 946 1893 Iussi
971 1839 1256 1910 pecuniam
1281 1847 1441 1910 atque
1458 1855 1601 1892 arma
1623 1837 1845 1900 deferre,

251 1914 506 1986 gratuitos
544 1914 768 1984 insuper
794 1921 1121 1967 commeatus
1151 1913 1468 1984 praebuere:
1508 1913 1653 1983 quod
1678 1910 1848 1966 Aedui

254 1987 553 2053 formidine,
575 1987 962 2062 Lugdunenses
983 1986 1179 2060 gaudio
1201 1985 1385 2044 fecere.
1464 1983 1567 2040 Sed
1593 1984 1729 2058 legio
1753 1987 1853 2040 {ta-

254 2063 352 2117 lica
383 2071 433 2117 et
461 2061 544 2116 ala
563 2063 795 2118 Taurina
814 2062 1089 2118 abductae.
1170 2061 1449 2117 Cohortem
1485 2059 1851 2115 duodevicesi-

253 2153 398 2191 mam
427 2136 698 2210 Lugduni,
740 2135 911 2192 solitis
936 2137 1043 2191 sibi
1073 2135 1333 2201 hibernis,
1377 2134 1608 2206 relinqui
1629 2133 1849 2205 placuit.

251 2211 486 2268 Manlius
515 2211 729 2276 Valens,
762 2210 967 2284 legatus
997 2210 1207 2265 Italicae
1240 2209 1483 2283 legionis,
1517 2225 1849 2280 quamquam

251 2288 388 2342 bene
405 2285 472 2342 de
492 2285 735 2358 partibus
752 2287 996 2351 tueritne,
1025 2284 1175 2340 nullo
1194 2285 1338 2356 apud
1356 2283 1631 2340 Vitellium
1655 2283 1851 2337 honore

251 2361 371 2417 fuit.
450 2359 674 2416 Secretis
697 2377 820 2415 eum
845 2359 1308 2414 criminationibus
1327 2357 1675 2414 infamaverat
1694 2357 1853 2412 Fabi-

251 2455 337 2502 ηε,
360 2437 633 2511 ignarum,
655 2443 724 2502 et,
747 2451 857 2506 quo
877 2433 1139 2490 incautior
1156 2433 1508 2505 deciperetur,
1535 2431 1713 2504 palam
1735 2432 1853 2487 lau-

250 2511 455 2568 datum.

316 2617 332 2626 κ
359 2587 446 2642 65.
503 2583 748 2642 Veterem
795 2584 932 2639 inter
979 2581 1369 2658 Lugdunenses
1412 2581 1853 2654 Viennensesque

250 2658 572 2718 discordiam
591 2659 899 2732 proximum
919 2657 1127 2713 bellum
1146 2657 1470 2712 accenderat.
1550 2657 1745 2714 Multae
1766 2657 1853 2712 in·-
