2081 3038
314 233 379 284 96
791 229 1441 284 rns'roRlAnuM
1643 225 1918 301 (amns.

311 354 477 410 quam
497 337 564 393 ad
581 354 767 394 omnes
786 340 1120 410 suspiciones
1138 337 1389 410 pavidus,
1402 337 1469 392 de
1482 338 1785 393 innocentia
1800 339 1921 392 eius

310 413 593 468 dubitavit.
650 413 821 487 Aegre
842 422 1016 469 tamen
1037 414 1277 478 cohibiti,
1300 413 1399 486 qui
1420 413 1644 468 exitium
1664 413 1773 468 viri
1792 429 1919 468 con-

311 487 508 546 sularis
529 496 579 556 et
597 489 868 560 quondam
896 489 1052 545 ducis
1073 489 1158 546 sui
1188 487 1511 562 flagitabant.
1590 489 1701 542 Nec
1724 505 1918 560 quem-

311 579 476 636 quam
499 565 733 635 saepius‚
756 581 922 635 quam
942 564 1471 637 Verginium‚omnis
1490 562 1679 619 seditio
1697 562 1921 618 infesta·

311 639 406 694 vit.
487 639 731 696 Manebat
763 638 1040 694 admiratio
1063 640 1165 700 viri
1197 637 1435 696 etfama:
1478 636 1575 692 sed
1597 638 1835 705 oderant,
1862 647 1921 693 ut

311 713 550 769 fastiditi.

423 792 508 846 69.
550 788 763 844 Postero
788 787 876 842 die
899 786 1161 852 Vitellius,
1192 796 1409 844 senatus
1442 787 1720 861 legatione,
1748 805 1916 860 quam

312 864 389 920 ibi
409 865 640 936 opperiri
662 864 908 926 iusserat,
932 863 1131 926 audita,
1156 871 1523 936 transgressus
1540 863 1597 918 in
1617 871 1807 928 castra,
1832 862 1921 918 ul·-

311 949 391 996 tro
410 941 655 1011 pietatem
677 938 912 994 militum
923 937 1287 994 conlaudavit:
1313 937 1917 1005 frementibusauxiliis‚

313 1023 518 1070 tantum
541 1014 856 1085 inpunitatis
877 1020 1034 1084 atque
1054 1013 1391 1086 adrogantiae
1408 1012 1714 1086 legionariis
1739 1030 1919 1068 acces—

313 1092 468 1147 sisse.
547 1091 864 1144 Batavorum
893 1088 1151 1153 cohortes,
1186 1105 1255 1146 ne
1283 1087 1419 1160 quid
1444 1087 1800 1142 truculentius
1820 1106 1921 1143 au·-

313 1165 513 1228 derent,
545 1165 599 1218 in
633 1162 973 1218 Germaniam
1015 1163 1297 1228 remissam
1339 1163 1666 1234 principium
1710 1163 1921 1220 interno

314 1237 477 1294 simul
498 1247 821 1310 externoque
837 1237 978 1294 bello
994 1238 1306 1310 parantibus
1333 1237 1472 1294 fatis.
1542 1237 1761 1293 Reddita
1784 1240 1922 1294 civi-

313 1313 511 1368 tatibus
541 1312 817 1368 Gallorum
857 1313 1079 1379 auxilia,
1121 1315 1311 1386 ingens
1340 1330 1619 1378 numerus,
1661 1323 1713 1368 et
1740 1315 1920 1385 prima

313 1389 492 1446 statim
513 1387 800 1446 defectione
830 1389 966 1444 inter
985 1389 1165 1444 inania
1192 1387 1316 1444 belli
1344 1388 1684 1459 adsumptus.
1764 1388 1921 1444 Cete-

312 1482 456 1533 rum,
479 1472 539 1523 ut
559 1461 929 1540 largitionibus
947 1463 1179 1521 adfectae
1198 1464 1304 1521 iam
1326 1464 1538 1537 imperii
1554 1480 1687 1536 opes
1700 1463 1921 1521 suffice-

312 1550 448 1606 rent,
481 1541 745 1612 amputari
778 1540 1050 1614 legionum
1080 1538 1516 1612 auxiliorumque
1548 1556 1803 1595 numeros
1833 1540 1920 1595 iu-

313 1618 419 1680 bet,
444 1617 621 1671 vetitis
641 1616 1059 1687 supplementis:
1102 1623 1154 1671 et
1179 1617 1515 1687 promiscuae
1533 1615 1821 1669 missiones
1838 1615 1923 1671 οῖ-

313 1690 636 1745 ferebantur.
691 1691 978 1747 Exitiabile
997 1691 1055 1745 id
1074 1690 1417 1762 reipublicae,
1439 1690 1711 1762 ingratum
1727 1690 1917 1755 militi,

314 1765 402 1819 cui
443 1764 624 1821 eadem
667 1768 852 1821 munia
881 1767 1018 1820 inter
1046 1783 1265 1837 paucos,
1306 1764 1653 1837 periculaque
1678 1782 1740 1819 ac
1770 1764 1921 1821 labor

313 1839 553 1896 crebrius
594 1841 851 1897 redibant.
931 1841 998 1894 Et
1034 1842 1177 1895 vires
1226 1839 1358 1897 luxu
1406 1839 1917 1911 conrumpebantur,

313 1924 492 1971 contra
515 1924 743 1971 veterem
771 1914 1111 1987 disciplinam
1133 1923 1185 1970 et
1204 1916 1443 1973 instituta
1463 1917 1749 1979 maiorum,
1774 1916 1921 1987 apud

316 2008 452 2063 quos
475 1992 686 2055 virtute,
720 2008 884 2063 quam
904 1991 1150 2061 pecunia,
1175 2007 1259 2047 res
1282 1990 1515 2047 Romana
1537 1988 1732 2045 melius
1752 1992 1916 2045 stetit.

423 2067 510 2121 70.
552 2065 681 2123 Inde
716 2064 964 2121 Vitellius
1001 2064 1318 2121 Cremonam
1358 2064 1502 2137 flexit
1518 2106 1531 2129 ,
1572 2072 1643 2130 et,
1684 2073 1923 2137 spectato

316 2158 538 2196 munere
563 2139 835 2206 Caecinae,
865 2141 1113 2195 insistere
1140 2139 1580 2199 Bedriacensibus
1608 2140 1834 2211 campis,
1856 2158 1923 2194 ac

315 2216 539 2289 vestigia
581 2216 806 2271 recentis
834 2216 1084 2271 victoriae
1122 2214 1345 2273 lustrare
1381 2213 1552 2271 oculis
1588 2216 1917 2287 concupivit.

315 2290 554 2346 Foedum
580 2298 740 2362 atque
771 2298 918 2347 atrox
947 2289 1329 2362 spectaculum.
1410 2291 1550 2345 Intra
1570 2288 1921 2363 quadragesi—

317 2382 466 2421 mum
501 2382 713 2437 pugnae
733 2364 874 2421 diem
897 2364 1065 2419 lacera
1084 2382 1319 2435 corpora,
1349 2364 1523 2421 trunci
1544 2373 1712 2429 artus,
1734 2372 1923 2436 putres

317 2440 554 2494 virorum
575 2456 950 2510 equorumque
970 2439 1185 2502 formae,
1209 2439 1399 2495 infecta
1420 2438 1541 2495 tabo
1558 2438 1782 2504 humus,
1797 2456 1921 2511 pro-

317 2513 454 2567 tritis
482 2513 763 2568 arboribus
788 2530 850 2567 ac
875 2513 1125 2586 frugibus
1152 2512 1268 2568 dira
1288 2516 1525 2569 vastitas.
1605 2514 1716 2567 Nec
1736 2515 1924 2569 minus

316 2586 611 2641 inhumana
629 2604 756 2659 pars
773 2589 908 2653 viae,
921 2606 1085 2659 quam
1100 2587 1482 2653 Cremonenses
1505 2586 1655 2643 lauro
1673 2588 1925 2661 rosisque

317 2667 730 2726 constraverant,
763 2663 1048 2717 exstructis
1077 2661 1333 2719 altaribus
1360 2664 1639 2733 caesisque
1661 2663 1921 2727 victimis,

319 2732 526 2803 regium
559 2736 612 2787 in
643 2752 876 2791 morem:
917 2754 1075 2808 quae,
1108 2735 1239 2789 laeta
1268 2737 1323 2793 in
1352 2752 1623 2808 praesens,
1644 2754 1772 2791 mox
1799 2754 1926 2808 per-
