<?xml version="1.0" encoding="UTF-8"?>
<!DOCTYPE html PUBLIC "-//W3C//DTD XHTML 1.0 Transitional//EN"
    "http://www.w3.org/TR/xhtml1/DTD/xhtml1-transitional.dtd">
<html xmlns="http://www.w3.org/1999/xhtml" xml:lang="en" lang="en">
 <head>
  <title>
</title>
<meta http-equiv="Content-Type" content="text/html;charset=utf-8" />
  <meta name='ocr-system' content='tesseract 3.04.00' />
  <meta name='ocr-capabilities' content='ocr_page ocr_carea ocr_par ocr_line ocrx_word'/>
</head>
<body>
  <div class='ocr_page' id='page_1' title='image "./operaquoadextan03tacigoog_0540.png"; bbox 0 0 2081 3038; ppageno 0'>
   <div class='ocr_carea' id='block_1_1' title="bbox 236 160 1844 235">
    <p class='ocr_par' dir='ltr' id='par_1_1' title="bbox 236 160 1844 235">
     <span class='ocr_line' id='line_1_1' title="bbox 236 160 1844 235; baseline -0.003 -15"><span class='ocrx_word' id='word_1_1' title='bbox 236 170 333 221; x_wconf 72' lang='lat' dir='ltr'>t22</span> <span class='ocrx_word' id='word_1_2' title='bbox 718 170 1368 219; x_wconf 74' lang='lat' dir='ltr'>HJsTORIARUM</span> <span class='ocrx_word' id='word_1_3' title='bbox 1571 160 1844 235; x_wconf 41' lang='lat' dir='ltr'>(mm-³23.</span> 
     </span>
    </p>
   </div>
   <div class='ocr_carea' id='block_1_2' title="bbox 232 270 1883 2754">
    <p class='ocr_par' dir='ltr' id='par_1_2' title="bbox 232 270 1883 719">
     <span class='ocr_line' id='line_1_2' title="bbox 232 270 1850 345; baseline 0 -18"><span class='ocrx_word' id='word_1_4' title='bbox 232 272 667 345; x_wconf 86' lang='lat' dir='ltr'>retinendi,quae</span> <span class='ocrx_word' id='word_1_5' title='bbox 688 270 938 327; x_wconf 77' lang='lat' dir='ltr'><strong>Vitellius</strong></span> <span class='ocrx_word' id='word_1_6' title='bbox 960 270 1293 336; x_wconf 88' lang='lat' dir='ltr'>indulsisset,</span> <span class='ocrx_word' id='word_1_7' title='bbox 1317 288 1431 342; x_wconf 90' lang='lat' dir='ltr'>spe.</span> <span class='ocrx_word' id='word_1_8' title='bbox 1463 270 1642 344; x_wconf 82' lang='lat' dir='ltr'><strong>Atque</strong></span> <span class='ocrx_word' id='word_1_9' title='bbox 1659 272 1850 343; x_wconf 88' lang='lat' dir='ltr'>ipsum</span> 
     </span>
     <span class='ocr_line' id='line_1_3' title="bbox 232 344 1883 404; baseline -0.002 0"><span class='ocrx_word' id='word_1_10' title='bbox 232 348 515 404; x_wconf 82' lang='lat' dir='ltr'><strong>Caecinam</strong></span> <span class='ocrx_word' id='word_1_11' title='bbox 560 364 666 403; x_wconf 88' lang='lat' dir='ltr'>non</span> <span class='ocrx_word' id='word_1_12' title='bbox 705 347 931 402; x_wconf 84' lang='lat' dir='ltr'>obscure</span> <span class='ocrx_word' id='word_1_13' title='bbox 969 346 1038 401; x_wconf 88' lang='lat' dir='ltr'>ad</span> <span class='ocrx_word' id='word_1_14' title='bbox 1079 348 1444 402; x_wconf 81' lang='lat' dir='ltr'><strong>transitionem</strong></span> <span class='ocrx_word' id='word_1_15' title='bbox 1474 344 1883 404; x_wconf 52' lang='lat' dir='ltr'>hortabantur-,s</span> 
     </span>
     <span class='ocr_line' id='line_1_4' title="bbox 234 420 1850 494; baseline 0.002 -18"><span class='ocrx_word' id='word_1_16' title='bbox 234 424 495 477; x_wconf 84' lang='lat' dir='ltr'>Recitatae</span> <span class='ocrx_word' id='word_1_17' title='bbox 542 439 638 494; x_wconf 90' lang='lat' dir='ltr'>pro</span> <span class='ocrx_word' id='word_1_18' title='bbox 684 424 937 477; x_wconf 77' lang='lat' dir='ltr'>concione</span> <span class='ocrx_word' id='word_1_19' title='bbox 984 420 1237 492; x_wconf 82' lang='lat' dir='ltr'>epistolae</span> <span class='ocrx_word' id='word_1_20' title='bbox 1281 421 1529 477; x_wconf 85' lang='lat' dir='ltr'>addidere</span> <span class='ocrx_word' id='word_1_21' title='bbox 1570 422 1850 485; x_wconf 79' lang='lat' dir='ltr'>fiduciam.</span> 
     </span>
     <span class='ocr_line' id='line_1_5' title="bbox 234 497 1850 571; baseline 0.001 -19"><span class='ocrx_word' id='word_1_22' title='bbox 234 498 379 571; x_wconf 87' lang='lat' dir='ltr'>qnod</span> <span class='ocrx_word' id='word_1_23' title='bbox 408 498 679 553; x_wconf 85' lang='lat' dir='ltr'>submisse</span> <span class='ocrx_word' id='word_1_24' title='bbox 706 498 953 561; x_wconf 79' lang='lat' dir='ltr'>Caecina,</span> <span class='ocrx_word' id='word_1_25' title='bbox 1000 497 1144 551; x_wconf 89' lang='lat' dir='ltr'>velut</span> <span class='ocrx_word' id='word_1_26' title='bbox 1171 497 1432 553; x_wconf 81' lang='lat' dir='ltr'>offendere</span> <span class='ocrx_word' id='word_1_27' title='bbox 1453 497 1850 567; x_wconf 82' lang='lat' dir='ltr'>Vespasianum</span> 
     </span>
     <span class='ocr_line' id='line_1_6' title="bbox 232 571 1852 644; baseline -0.001 -16"><span class='ocrx_word' id='word_1_28' title='bbox 232 574 449 637; x_wconf 79' lang='lat' dir='ltr'>timenS,</span> <span class='ocrx_word' id='word_1_29' title='bbox 486 574 723 644; x_wconf 86' lang='lat' dir='ltr'>ipsorum</span> <span class='ocrx_word' id='word_1_30' title='bbox 755 573 919 627; x_wconf 90' lang='lat' dir='ltr'>duces</span> <span class='ocrx_word' id='word_1_31' title='bbox 948 572 1292 643; x_wconf 78' lang='lat' dir='ltr'><strong>contemptim</strong></span> <span class='ocrx_word' id='word_1_32' title='bbox 1311 613 1323 637; x_wconf 91' lang='lat'>,</span> <span class='ocrx_word' id='word_1_33' title='bbox 1367 580 1640 644; x_wconf 86' lang='lat' dir='ltr'>tamquam</span> <span class='ocrx_word' id='word_1_34' title='bbox 1671 571 1852 629; x_wconf 87' lang='lat' dir='ltr'>insul-</span> 
     </span>
     <span class='ocr_line' id='line_1_7' title="bbox 236 649 1045 719; baseline -0.001 -16"><span class='ocrx_word' id='word_1_35' title='bbox 236 656 403 704; x_wconf 88' lang='lat' dir='ltr'>tantes</span> <span class='ocrx_word' id='word_1_36' title='bbox 425 649 654 713; x_wconf 88' lang='lat' dir='ltr'>Vitellio,</span> <span class='ocrx_word' id='word_1_37' title='bbox 682 649 1045 719; x_wconf 82' lang='lat' dir='ltr'>scripsissent.</span> 
     </span>
    </p>

    <p class='ocr_par' dir='ltr' id='par_1_3' title="bbox 234 720 1851 2754">
     <span class='ocr_line' id='line_1_8' title="bbox 348 720 1850 795; baseline -0.002 -15"><span class='ocrx_word' id='word_1_38' title='bbox 348 728 429 780; x_wconf 77' lang='lat' dir='ltr'>to,</span> <span class='ocrx_word' id='word_1_39' title='bbox 473 724 719 779; x_wconf 78' lang='lat' dir='ltr'><strong>Adventu</strong></span> <span class='ocrx_word' id='word_1_40' title='bbox 759 722 951 778; x_wconf 85' lang='lat' dir='ltr'>deinde</span> <span class='ocrx_word' id='word_1_41' title='bbox 990 722 1219 776; x_wconf 87' lang='lat' dir='ltr'>duarum</span> <span class='ocrx_word' id='word_1_42' title='bbox 1253 720 1554 795; x_wconf 84' lang='lat' dir='ltr'>legionum,</span> <span class='ocrx_word' id='word_1_43' title='bbox 1583 738 1614 777; x_wconf 89' lang='lat' dir='ltr'>e</span> <span class='ocrx_word' id='word_1_44' title='bbox 1641 720 1850 793; x_wconf 89' lang='lat' dir='ltr'>quibus</span> 
     </span>
     <span class='ocr_line' id='line_1_9' title="bbox 234 796 1849 871; baseline -0.001 -17"><span class='ocrx_word' id='word_1_45' title='bbox 234 801 441 855; x_wconf 80' lang='lat' dir='ltr'>tertiam</span> <span class='ocrx_word' id='word_1_46' title='bbox 472 800 666 855; x_wconf 79' lang='lat' dir='ltr'>Dillius</span> <span class='ocrx_word' id='word_1_47' title='bbox 696 799 1039 871; x_wconf 85' lang='lat' dir='ltr'>Aponianus,</span> <span class='ocrx_word' id='word_1_48' title='bbox 1071 804 1311 852; x_wconf 73' lang='lat' dir='ltr'>oetavam</span> <span class='ocrx_word' id='word_1_49' title='bbox 1343 798 1627 857; x_wconf 85' lang='lat' dir='ltr'>Numisius</span> <span class='ocrx_word' id='word_1_50' title='bbox 1657 796 1849 869; x_wconf 88' lang='lat' dir='ltr'>Lupus</span> 
     </span>
     <span class='ocr_line' id='line_1_10' title="bbox 234 872 1847 939; baseline -0.001 -10"><span class='ocrx_word' id='word_1_51' title='bbox 234 876 516 939; x_wconf 73' lang='lat' dir='ltr'>ducebant,</span> <span class='ocrx_word' id='word_1_52' title='bbox 558 883 819 929; x_wconf 86' lang='lat' dir='ltr'>ostentare</span> <span class='ocrx_word' id='word_1_53' title='bbox 858 874 1021 935; x_wconf 85' lang='lat' dir='ltr'>vires,</span> <span class='ocrx_word' id='word_1_54' title='bbox 1064 880 1115 927; x_wconf 86' lang='lat' dir='ltr'>et</span> <span class='ocrx_word' id='word_1_55' title='bbox 1153 872 1371 927; x_wconf 87' lang='lat' dir='ltr'>militari</span> <span class='ocrx_word' id='word_1_56' title='bbox 1413 872 1552 927; x_wconf 89' lang='lat' dir='ltr'>vallo</span> <span class='ocrx_word' id='word_1_57' title='bbox 1581 872 1847 929; x_wconf 85' lang='lat' dir='ltr'>Veronam</span> 
     </span>
     <span class='ocr_line' id='line_1_11' title="bbox 235 946 1851 1021; baseline -0.002 -16"><span class='ocrx_word' id='word_1_58' title='bbox 235 950 566 1005; x_wconf 86' lang='lat' dir='ltr'>circumdare</span> <span class='ocrx_word' id='word_1_59' title='bbox 588 949 804 1021; x_wconf 87' lang='lat' dir='ltr'>placuit.</span> <span class='ocrx_word' id='word_1_60' title='bbox 878 948 1031 1005; x_wconf 80' lang='lat' dir='ltr'>Forte</span> <span class='ocrx_word' id='word_1_61' title='bbox 1053 947 1344 1003; x_wconf 78' lang='lat' dir='ltr'>Galbianae</span> <span class='ocrx_word' id='word_1_62' title='bbox 1365 946 1556 1021; x_wconf 85' lang='lat' dir='ltr'>legioni</span> <span class='ocrx_word' id='word_1_63' title='bbox 1580 948 1634 1003; x_wconf 88' lang='lat' dir='ltr'>in</span> <span class='ocrx_word' id='word_1_64' title='bbox 1655 946 1851 1003; x_wconf 88' lang='lat' dir='ltr'>adver-</span> 
     </span>
     <span class='ocr_line' id='line_1_12' title="bbox 236 1022 1848 1093; baseline 0.001 -14"><span class='ocrx_word' id='word_1_65' title='bbox 236 1044 293 1080; x_wconf 86' lang='lat' dir='ltr'>sa</span> <span class='ocrx_word' id='word_1_66' title='bbox 337 1025 505 1079; x_wconf 78' lang='lat' dir='ltr'>fronte</span> <span class='ocrx_word' id='word_1_67' title='bbox 545 1023 669 1078; x_wconf 82' lang='lat' dir='ltr'>valli</span> <span class='ocrx_word' id='word_1_68' title='bbox 707 1040 845 1093; x_wconf 89' lang='lat' dir='ltr'>opus</span> <span class='ocrx_word' id='word_1_69' title='bbox 872 1032 1121 1088; x_wconf 86' lang='lat' dir='ltr'>cesserat,</span> <span class='ocrx_word' id='word_1_70' title='bbox 1154 1031 1205 1076; x_wconf 88' lang='lat' dir='ltr'>et</span> <span class='ocrx_word' id='word_1_71' title='bbox 1234 1024 1334 1077; x_wconf 84' lang='lat' dir='ltr'>visi</span> <span class='ocrx_word' id='word_1_72' title='bbox 1365 1022 1549 1093; x_wconf 88' lang='lat' dir='ltr'>procul</span> <span class='ocrx_word' id='word_1_73' title='bbox 1577 1023 1848 1081; x_wconf 88' lang='lat' dir='ltr'>sociorum</span> 
     </span>
     <span class='ocr_line' id='line_1_13' title="bbox 236 1097 1850 1171; baseline -0.001 -18"><span class='ocrx_word' id='word_1_74' title='bbox 236 1103 463 1171; x_wconf 76' lang='lat' dir='ltr'>equiteS,</span> <span class='ocrx_word' id='word_1_75' title='bbox 495 1116 688 1153; x_wconf 88' lang='lat' dir='ltr'>vanam</span> <span class='ocrx_word' id='word_1_76' title='bbox 720 1097 1081 1161; x_wconf 84' lang='lat' dir='ltr'>formidinem,</span> <span class='ocrx_word' id='word_1_77' title='bbox 1117 1106 1176 1151; x_wconf 89' lang='lat' dir='ltr'>ut</span> <span class='ocrx_word' id='word_1_78' title='bbox 1195 1098 1391 1161; x_wconf 90' lang='lat' dir='ltr'>hostes,</span> <span class='ocrx_word' id='word_1_79' title='bbox 1417 1097 1605 1153; x_wconf 78' lang='lat' dir='ltr'>fecere.</span> <span class='ocrx_word' id='word_1_80' title='bbox 1683 1099 1850 1169; x_wconf 89' lang='lat' dir='ltr'>Rapi-</span> 
     </span>
     <span class='ocr_line' id='line_1_14' title="bbox 236 1172 1850 1243; baseline -0.001 -15"><span class='ocrx_word' id='word_1_81' title='bbox 236 1185 400 1229; x_wconf 89' lang='lat' dir='ltr'>untur</span> <span class='ocrx_word' id='word_1_82' title='bbox 427 1190 595 1238; x_wconf 89' lang='lat' dir='ltr'>arma,</span> <span class='ocrx_word' id='word_1_83' title='bbox 637 1180 705 1236; x_wconf 90' lang='lat' dir='ltr'>et,</span> <span class='ocrx_word' id='word_1_84' title='bbox 737 1181 798 1226; x_wconf 89' lang='lat' dir='ltr'>ut</span> <span class='ocrx_word' id='word_1_85' title='bbox 820 1172 1158 1243; x_wconf 75' lang='lat' dir='ltr'>proditionis,</span> <span class='ocrx_word' id='word_1_86' title='bbox 1197 1174 1276 1227; x_wconf 89' lang='lat' dir='ltr'>ira</span> <span class='ocrx_word' id='word_1_87' title='bbox 1297 1172 1530 1231; x_wconf 87' lang='lat' dir='ltr'>militum</span> <span class='ocrx_word' id='word_1_88' title='bbox 1551 1174 1608 1229; x_wconf 85' lang='lat' dir='ltr'>in</span> <span class='ocrx_word' id='word_1_89' title='bbox 1629 1172 1692 1227; x_wconf 88' lang='lat' dir='ltr'>T.</span> <span class='ocrx_word' id='word_1_90' title='bbox 1714 1173 1850 1229; x_wconf 84' lang='lat' dir='ltr'>Am-</span> 
     </span>
     <span class='ocr_line' id='line_1_15' title="bbox 235 1246 1844 1320; baseline 0.001 -18"><span class='ocrx_word' id='word_1_91' title='bbox 235 1251 387 1319; x_wconf 91' lang='lat' dir='ltr'>pium</span> <span class='ocrx_word' id='word_1_92' title='bbox 418 1247 736 1302; x_wconf 87' lang='lat' dir='ltr'>Flavianum</span> <span class='ocrx_word' id='word_1_93' title='bbox 766 1247 1033 1313; x_wconf 80' lang='lat' dir='ltr'>incubuit,</span> <span class='ocrx_word' id='word_1_94' title='bbox 1067 1246 1218 1303; x_wconf 90' lang='lat' dir='ltr'>nullo</span> <span class='ocrx_word' id='word_1_95' title='bbox 1234 1248 1480 1302; x_wconf 90' lang='lat' dir='ltr'>criminis</span> <span class='ocrx_word' id='word_1_96' title='bbox 1500 1258 1844 1320; x_wconf 79' lang='lat' dir='ltr'>argumento3</span> 
     </span>
     <span class='ocr_line' id='line_1_16' title="bbox 236 1322 1846 1395; baseline -0.001 -16"><span class='ocrx_word' id='word_1_97' title='bbox 236 1323 348 1387; x_wconf 89' lang='lat' dir='ltr'>sed,</span> <span class='ocrx_word' id='word_1_98' title='bbox 394 1324 497 1376; x_wconf 89' lang='lat' dir='ltr'>iam</span> <span class='ocrx_word' id='word_1_99' title='bbox 525 1323 731 1395; x_wconf 86' lang='lat' dir='ltr'>pridem</span> <span class='ocrx_word' id='word_1_100' title='bbox 762 1323 993 1389; x_wconf 77' lang='lat' dir='ltr'>invisuS‚</span> <span class='ocrx_word' id='word_1_101' title='bbox 1039 1323 1254 1378; x_wconf 83' lang='lat' dir='ltr'>turbine</span> <span class='ocrx_word' id='word_1_102' title='bbox 1277 1322 1509 1395; x_wconf 87' lang='lat' dir='ltr'>quodam</span> <span class='ocrx_word' id='word_1_103' title='bbox 1531 1324 1600 1378; x_wconf 86' lang='lat' dir='ltr'>ad</span> <span class='ocrx_word' id='word_1_104' title='bbox 1619 1325 1846 1379; x_wconf 85' lang='lat' dir='ltr'>exitium</span> 
     </span>
     <span class='ocr_line' id='line_1_17' title="bbox 235 1398 1846 1471; baseline 0.002 -19"><span class='ocrx_word' id='word_1_105' title='bbox 235 1399 576 1471; x_wconf 87' lang='lat' dir='ltr'>poscebatur:</span> <span class='ocrx_word' id='word_1_106' title='bbox 624 1403 977 1469; x_wconf 80' lang='lat' dir='ltr'>propinquum</span> <span class='ocrx_word' id='word_1_107' title='bbox 1014 1399 1233 1461; x_wconf 76' lang='lat' dir='ltr'>Vitellii,</span> <span class='ocrx_word' id='word_1_108' title='bbox 1259 1403 1580 1467; x_wconf 81' lang='lat' dir='ltr'>proditorem</span> <span class='ocrx_word' id='word_1_109' title='bbox 1612 1398 1846 1462; x_wconf 78' lang='lat' dir='ltr'>Othonis,</span> 
     </span>
     <span class='ocr_line' id='line_1_18' title="bbox 236 1472 1849 1545; baseline 0.001 -16"><span class='ocrx_word' id='word_1_110' title='bbox 236 1481 627 1545; x_wconf 76' lang='lat' dir='ltr'>interceptorem</span> <span class='ocrx_word' id='word_1_111' title='bbox 646 1478 882 1530; x_wconf 76' lang='lat' dir='ltr'>donativi</span> <span class='ocrx_word' id='word_1_112' title='bbox 900 1472 1259 1530; x_wconf 88' lang='lat' dir='ltr'>clamitabant.</span> <span class='ocrx_word' id='word_1_113' title='bbox 1325 1474 1434 1530; x_wconf 84' lang='lat' dir='ltr'>Nec</span> <span class='ocrx_word' id='word_1_114' title='bbox 1453 1472 1744 1530; x_wconf 82' lang='lat' dir='ltr'>defensioni</span> <span class='ocrx_word' id='word_1_115' title='bbox 1772 1473 1849 1530; x_wconf 89' lang='lat' dir='ltr'>lo-</span> 
     </span>
     <span class='ocr_line' id='line_1_19' title="bbox 236 1548 1849 1622; baseline -0.001 -18"><span class='ocrx_word' id='word_1_116' title='bbox 236 1569 353 1615; x_wconf 88' lang='lat' dir='ltr'>cus,</span> <span class='ocrx_word' id='word_1_117' title='bbox 387 1569 720 1622; x_wconf 82' lang='lat' dir='ltr'>quamquam</span> <span class='ocrx_word' id='word_1_118' title='bbox 750 1549 1023 1622; x_wconf 87' lang='lat' dir='ltr'>supplices</span> <span class='ocrx_word' id='word_1_119' title='bbox 1053 1566 1248 1604; x_wconf 85' lang='lat' dir='ltr'>manus</span> <span class='ocrx_word' id='word_1_120' title='bbox 1275 1548 1526 1614; x_wconf 81' lang='lat' dir='ltr'>tenderet,</span> <span class='ocrx_word' id='word_1_121' title='bbox 1557 1549 1711 1608; x_wconf 89' lang='lat' dir='ltr'>humi</span> <span class='ocrx_word' id='word_1_122' title='bbox 1734 1549 1849 1621; x_wconf 88' lang='lat' dir='ltr'>ple-</span> 
     </span>
     <span class='ocr_line' id='line_1_20' title="bbox 235 1624 1848 1698; baseline 0.001 -18"><span class='ocrx_word' id='word_1_123' title='bbox 235 1643 469 1696; x_wconf 85' lang='lat' dir='ltr'>rumque</span> <span class='ocrx_word' id='word_1_124' title='bbox 490 1635 706 1690; x_wconf 87' lang='lat' dir='ltr'>stratus,</span> <span class='ocrx_word' id='word_1_125' title='bbox 732 1624 898 1680; x_wconf 86' lang='lat' dir='ltr'>lacera</span> <span class='ocrx_word' id='word_1_126' title='bbox 922 1634 1086 1688; x_wconf 86' lang='lat' dir='ltr'>veste,</span> <span class='ocrx_word' id='word_1_127' title='bbox 1109 1633 1296 1696; x_wconf 85' lang='lat' dir='ltr'>pectus</span> <span class='ocrx_word' id='word_1_128' title='bbox 1315 1634 1475 1696; x_wconf 86' lang='lat' dir='ltr'>atque</span> <span class='ocrx_word' id='word_1_129' title='bbox 1491 1641 1582 1679; x_wconf 84' lang='lat' dir='ltr'>ora</span> <span class='ocrx_word' id='word_1_130' title='bbox 1601 1624 1848 1698; x_wconf 82' lang='lat' dir='ltr'>singultu</span> 
     </span>
     <span class='ocr_line' id='line_1_21' title="bbox 236 1699 1846 1772; baseline 0.001 -19"><span class='ocrx_word' id='word_1_131' title='bbox 236 1701 503 1772; x_wconf 75' lang='lat' dir='ltr'>quatiens,</span> <span class='ocrx_word' id='word_1_132' title='bbox 586 1700 643 1754; x_wconf 89' lang='lat' dir='ltr'>ld</span> <span class='ocrx_word' id='word_1_133' title='bbox 662 1702 845 1772; x_wconf 89' lang='lat' dir='ltr'>ipsum</span> <span class='ocrx_word' id='word_1_134' title='bbox 867 1700 1008 1772; x_wconf 89' lang='lat' dir='ltr'>apud</span> <span class='ocrx_word' id='word_1_135' title='bbox 1033 1699 1269 1754; x_wconf 79' lang='lat' dir='ltr'>infensos</span> <span class='ocrx_word' id='word_1_136' title='bbox 1289 1700 1694 1756; x_wconf 74' lang='lat' dir='ltr'>incitamentum</span> <span class='ocrx_word' id='word_1_137' title='bbox 1712 1710 1846 1764; x_wconf 87' lang='lat' dir='ltr'>erat,</span> 
     </span>
     <span class='ocr_line' id='line_1_22' title="bbox 237 1774 1849 1850; baseline 0.001 -20"><span class='ocrx_word' id='word_1_138' title='bbox 237 1785 511 1847; x_wconf 82' lang='lat' dir='ltr'>tamquam</span> <span class='ocrx_word' id='word_1_139' title='bbox 554 1776 757 1842; x_wconf 82' lang='lat' dir='ltr'>nimius</span> <span class='ocrx_word' id='word_1_140' title='bbox 786 1792 951 1847; x_wconf 84' lang='lat' dir='ltr'>pavor</span> <span class='ocrx_word' id='word_1_141' title='bbox 980 1775 1359 1831; x_wconf 87' lang='lat' dir='ltr'>conscientiam</span> <span class='ocrx_word' id='word_1_142' title='bbox 1393 1785 1656 1850; x_wconf 82' lang='lat' dir='ltr'>argueret.</span> <span class='ocrx_word' id='word_1_143' title='bbox 1736 1774 1849 1832; x_wconf 86' lang='lat' dir='ltr'>Ob-</span> 
     </span>
     <span class='ocr_line' id='line_1_23' title="bbox 236 1849 1848 1922; baseline 0 -16"><span class='ocrx_word' id='word_1_144' title='bbox 236 1851 550 1906; x_wconf 86' lang='lat' dir='ltr'>turbabatur</span> <span class='ocrx_word' id='word_1_145' title='bbox 580 1849 812 1905; x_wconf 89' lang='lat' dir='ltr'>militum</span> <span class='ocrx_word' id='word_1_146' title='bbox 848 1850 1070 1906; x_wconf 88' lang='lat' dir='ltr'>vocibus</span> <span class='ocrx_word' id='word_1_147' title='bbox 1098 1849 1363 1922; x_wconf 80' lang='lat' dir='ltr'>Aponius,</span> <span class='ocrx_word' id='word_1_148' title='bbox 1391 1867 1518 1906; x_wconf 88' lang='lat' dir='ltr'>cum</span> <span class='ocrx_word' id='word_1_149' title='bbox 1545 1849 1696 1922; x_wconf 89' lang='lat' dir='ltr'>loqui</span> <span class='ocrx_word' id='word_1_150' title='bbox 1727 1868 1848 1906; x_wconf 85' lang='lat' dir='ltr'>coe-</span> 
     </span>
     <span class='ocr_line' id='line_1_24' title="bbox 236 1924 1844 1998; baseline 0 -18"><span class='ocrx_word' id='word_1_151' title='bbox 236 1935 431 1998; x_wconf 87' lang='lat' dir='ltr'>ptaret:</span> <span class='ocrx_word' id='word_1_152' title='bbox 494 1925 709 1980; x_wconf 84' lang='lat' dir='ltr'>fremitu</span> <span class='ocrx_word' id='word_1_153' title='bbox 750 1934 800 1981; x_wconf 88' lang='lat' dir='ltr'>et</span> <span class='ocrx_word' id='word_1_154' title='bbox 828 1924 1059 1980; x_wconf 84' lang='lat' dir='ltr'>clamore</span> <span class='ocrx_word' id='word_1_155' title='bbox 1087 1933 1285 1982; x_wconf 82' lang='lat' dir='ltr'>ceteros</span> <span class='ocrx_word' id='word_1_156' title='bbox 1315 1934 1694 1998; x_wconf 74' lang='lat' dir='ltr'>aspernantur:</span> <span class='ocrx_word' id='word_1_157' title='bbox 1746 1927 1844 1982; x_wconf 87' lang='lat' dir='ltr'>uni</span> 
     </span>
     <span class='ocr_line' id='line_1_25' title="bbox 235 1999 1846 2073; baseline -0.001 -16"><span class='ocrx_word' id='word_1_158' title='bbox 235 2002 465 2057; x_wconf 85' lang='lat' dir='ltr'>Antonio</span> <span class='ocrx_word' id='word_1_159' title='bbox 500 2009 708 2072; x_wconf 86' lang='lat' dir='ltr'>apertae</span> <span class='ocrx_word' id='word_1_160' title='bbox 739 1999 975 2056; x_wconf 88' lang='lat' dir='ltr'>militum</span> <span class='ocrx_word' id='word_1_161' title='bbox 1002 2018 1179 2055; x_wconf 88' lang='lat' dir='ltr'>aures.</span> <span class='ocrx_word' id='word_1_162' title='bbox 1259 2001 1507 2073; x_wconf 86' lang='lat' dir='ltr'>Namque</span> <span class='ocrx_word' id='word_1_163' title='bbox 1526 2009 1577 2056; x_wconf 90' lang='lat' dir='ltr'>et</span> <span class='ocrx_word' id='word_1_164' title='bbox 1599 1999 1846 2059; x_wconf 79' lang='lat' dir='ltr'>facundia</span> 
     </span>
     <span class='ocr_line' id='line_1_26' title="bbox 238 2075 1842 2149; baseline -0.001 -17"><span class='ocrx_word' id='word_1_165' title='bbox 238 2076 433 2142; x_wconf 85' lang='lat' dir='ltr'>aderat,</span> <span class='ocrx_word' id='word_1_166' title='bbox 466 2075 847 2148; x_wconf 84' lang='lat' dir='ltr'>mulcendique</span> <span class='ocrx_word' id='word_1_167' title='bbox 867 2075 1098 2149; x_wconf 82' lang='lat' dir='ltr'>vulgum</span> <span class='ocrx_word' id='word_1_168' title='bbox 1125 2083 1264 2130; x_wconf 85' lang='lat' dir='ltr'>artes</span> <span class='ocrx_word' id='word_1_169' title='bbox 1284 2085 1336 2131; x_wconf 88' lang='lat' dir='ltr'>et</span> <span class='ocrx_word' id='word_1_170' title='bbox 1359 2075 1660 2132; x_wconf 77' lang='lat' dir='ltr'>auctoritas.</span> <span class='ocrx_word' id='word_1_171' title='bbox 1742 2075 1842 2132; x_wconf 87' lang='lat' dir='ltr'>Ubi</span> 
     </span>
     <span class='ocr_line' id='line_1_27' title="bbox 236 2147 1845 2222; baseline -0.002 -15"><span class='ocrx_word' id='word_1_172' title='bbox 236 2153 548 2207; x_wconf 87' lang='lat' dir='ltr'>crudescere</span> <span class='ocrx_word' id='word_1_173' title='bbox 584 2149 791 2218; x_wconf 88' lang='lat' dir='ltr'>seditio,</span> <span class='ocrx_word' id='word_1_174' title='bbox 832 2158 883 2206; x_wconf 90' lang='lat' dir='ltr'>et</span> <span class='ocrx_word' id='word_1_175' title='bbox 909 2169 936 2204; x_wconf 89' lang='lat' dir='ltr'>a</span> <span class='ocrx_word' id='word_1_176' title='bbox 968 2151 1224 2206; x_wconf 86' lang='lat' dir='ltr'>conviciis</span> <span class='ocrx_word' id='word_1_177' title='bbox 1253 2159 1303 2206; x_wconf 89' lang='lat' dir='ltr'>et</span> <span class='ocrx_word' id='word_1_178' title='bbox 1327 2151 1539 2222; x_wconf 84' lang='lat' dir='ltr'>probris</span> <span class='ocrx_word' id='word_1_179' title='bbox 1565 2149 1632 2204; x_wconf 90' lang='lat' dir='ltr'>ad</span> <span class='ocrx_word' id='word_1_180' title='bbox 1663 2147 1762 2205; x_wconf 86' lang='lat' dir='ltr'>tela</span> <span class='ocrx_word' id='word_1_181' title='bbox 1794 2159 1845 2206; x_wconf 89' lang='lat' dir='ltr'>et</span> 
     </span>
     <span class='ocr_line' id='line_1_28' title="bbox 238 2225 1844 2292; baseline -0.001 -11"><span class='ocrx_word' id='word_1_182' title='bbox 238 2245 431 2282; x_wconf 89' lang='lat' dir='ltr'>manus</span> <span class='ocrx_word' id='word_1_183' title='bbox 455 2226 767 2292; x_wconf 84' lang='lat' dir='ltr'>transibant,</span> <span class='ocrx_word' id='word_1_184' title='bbox 792 2227 942 2281; x_wconf 88' lang='lat' dir='ltr'>iniici</span> <span class='ocrx_word' id='word_1_185' title='bbox 963 2235 1174 2282; x_wconf 86' lang='lat' dir='ltr'>catenas</span> <span class='ocrx_word' id='word_1_186' title='bbox 1195 2225 1449 2281; x_wconf 88' lang='lat' dir='ltr'>Flaviano</span> <span class='ocrx_word' id='word_1_187' title='bbox 1469 2225 1634 2282; x_wconf 87' lang='lat' dir='ltr'>iubet.</span> <span class='ocrx_word' id='word_1_188' title='bbox 1667 2225 1844 2282; x_wconf 87' lang='lat' dir='ltr'>Sensit</span> 
     </span>
     <span class='ocr_line' id='line_1_29' title="bbox 239 2299 1840 2374; baseline -0.001 -18"><span class='ocrx_word' id='word_1_189' title='bbox 239 2301 535 2356; x_wconf 90' lang='lat' dir='ltr'>ludibrium</span> <span class='ocrx_word' id='word_1_190' title='bbox 570 2300 745 2366; x_wconf 88' lang='lat' dir='ltr'>miles,</span> <span class='ocrx_word' id='word_1_191' title='bbox 768 2302 1134 2374; x_wconf 85' lang='lat' dir='ltr'>disiectisque,</span> <span class='ocrx_word' id='word_1_192' title='bbox 1156 2301 1254 2374; x_wconf 82' lang='lat' dir='ltr'>qui</span> <span class='ocrx_word' id='word_1_193' title='bbox 1279 2299 1513 2358; x_wconf 87' lang='lat' dir='ltr'>tribunal</span> <span class='ocrx_word' id='word_1_194' title='bbox 1535 2299 1840 2366; x_wconf 82' lang='lat' dir='ltr'>tuebantur,</span> 
     </span>
     <span class='ocr_line' id='line_1_30' title="bbox 238 2373 1839 2448; baseline 0.001 -17"><span class='ocrx_word' id='word_1_195' title='bbox 238 2386 470 2432; x_wconf 82' lang='lat' dir='ltr'>extrema</span> <span class='ocrx_word' id='word_1_196' title='bbox 513 2377 597 2431; x_wconf 87' lang='lat' dir='ltr'>vis</span> <span class='ocrx_word' id='word_1_197' title='bbox 644 2377 948 2448; x_wconf 86' lang='lat' dir='ltr'>parabatur.</span> <span class='ocrx_word' id='word_1_198' title='bbox 1028 2376 1294 2448; x_wconf 85' lang='lat' dir='ltr'>Opposuit</span> <span class='ocrx_word' id='word_1_199' title='bbox 1329 2379 1514 2434; x_wconf 90' lang='lat' dir='ltr'>sinum</span> <span class='ocrx_word' id='word_1_200' title='bbox 1553 2373 1839 2440; x_wconf 75' lang='lat' dir='ltr'>Antonius,</span> 
     </span>
     <span class='ocr_line' id='line_1_31' title="bbox 236 2450 1844 2518; baseline 0.002 -13"><span class='ocrx_word' id='word_1_201' title='bbox 236 2453 419 2507; x_wconf 87' lang='lat' dir='ltr'>stricto</span> <span class='ocrx_word' id='word_1_202' title='bbox 452 2450 603 2516; x_wconf 85' lang='lat' dir='ltr'>ferro,</span> <span class='ocrx_word' id='word_1_203' title='bbox 636 2461 730 2507; x_wconf 79' lang='lat' dir='ltr'>aut</span> <span class='ocrx_word' id='word_1_204' title='bbox 755 2454 979 2507; x_wconf 79' lang='lat' dir='ltr'>militum</span> <span class='ocrx_word' id='word_1_205' title='bbox 1004 2470 1060 2506; x_wconf 78' lang='lat' dir='ltr'>se</span> <span class='ocrx_word' id='word_1_206' title='bbox 1085 2456 1340 2518; x_wconf 75' lang='lat' dir='ltr'>manibus,</span> <span class='ocrx_word' id='word_1_207' title='bbox 1361 2462 1456 2507; x_wconf 83' lang='lat' dir='ltr'>aut</span> <span class='ocrx_word' id='word_1_208' title='bbox 1475 2456 1600 2516; x_wconf 69' lang='lat' dir='ltr'>sui-³,</span> <span class='ocrx_word' id='word_1_209' title='bbox 1621 2457 1844 2508; x_wconf 79' lang='lat' dir='ltr'>moritu-</span> 
     </span>
     <span class='ocr_line' id='line_1_32' title="bbox 237 2525 1842 2600; baseline 0.001 -20"><span class='ocrx_word' id='word_1_210' title='bbox 237 2544 357 2580; x_wconf 85' lang='lat' dir='ltr'>rum</span> <span class='ocrx_word' id='word_1_211' title='bbox 376 2527 671 2582; x_wconf 89' lang='lat' dir='ltr'>obtestans:</span> <span class='ocrx_word' id='word_1_212' title='bbox 715 2535 776 2582; x_wconf 82' lang='lat' dir='ltr'>ut</span> <span class='ocrx_word' id='word_1_213' title='bbox 810 2543 1086 2600; x_wconf 89' lang='lat' dir='ltr'>quemque</span> <span class='ocrx_word' id='word_1_214' title='bbox 1125 2535 1311 2583; x_wconf 89' lang='lat' dir='ltr'>notum</span> <span class='ocrx_word' id='word_1_215' title='bbox 1339 2535 1392 2582; x_wconf 89' lang='lat' dir='ltr'>et</span> <span class='ocrx_word' id='word_1_216' title='bbox 1414 2526 1596 2599; x_wconf 86' lang='lat' dir='ltr'>aliquo</span> <span class='ocrx_word' id='word_1_217' title='bbox 1622 2525 1842 2582; x_wconf 87' lang='lat' dir='ltr'>militari</span> 
     </span>
     <span class='ocr_line' id='line_1_33' title="bbox 238 2598 1844 2675; baseline 0.002 -23"><span class='ocrx_word' id='word_1_218' title='bbox 238 2598 425 2654; x_wconf 88' lang='lat' dir='ltr'>decore</span> <span class='ocrx_word' id='word_1_219' title='bbox 454 2603 723 2674; x_wconf 85' lang='lat' dir='ltr'>insignem</span> <span class='ocrx_word' id='word_1_220' title='bbox 753 2601 1086 2674; x_wconf 85' lang='lat' dir='ltr'>adspexerat,</span> <span class='ocrx_word' id='word_1_221' title='bbox 1115 2603 1182 2658; x_wconf 84' lang='lat' dir='ltr'>ad</span> <span class='ocrx_word' id='word_1_222' title='bbox 1201 2599 1470 2666; x_wconf 71' lang='lat' dir='ltr'>ferendam</span> <span class='ocrx_word' id='word_1_223' title='bbox 1491 2619 1645 2675; x_wconf 85' lang='lat' dir='ltr'>opem</span> <span class='ocrx_word' id='word_1_224' title='bbox 1669 2603 1844 2656; x_wconf 86' lang='lat' dir='ltr'>nomi-</span> 
     </span>
     <span class='ocr_line' id='line_1_34' title="bbox 240 2675 1840 2754; baseline 0.009 -29"><span class='ocrx_word' id='word_1_225' title='bbox 240 2690 309 2726; x_wconf 90' lang='lat' dir='ltr'>ne</span> <span class='ocrx_word' id='word_1_226' title='bbox 336 2676 501 2729; x_wconf 90' lang='lat' dir='ltr'>ciens.</span> <span class='ocrx_word' id='word_1_227' title='bbox 583 2677 707 2732; x_wconf 85' lang='lat' dir='ltr'>Mox</span> <span class='ocrx_word' id='word_1_228' title='bbox 734 2695 1027 2734; x_wconf 80' lang='lat' dir='ltr'>conversus</span> <span class='ocrx_word' id='word_1_229' title='bbox 1056 2677 1124 2734; x_wconf 85' lang='lat' dir='ltr'>ad</span> <span class='ocrx_word' id='word_1_230' title='bbox 1149 2679 1304 2754; x_wconf 78' lang='lat' dir='ltr'>signa</span> <span class='ocrx_word' id='word_1_231' title='bbox 1333 2687 1385 2734; x_wconf 87' lang='lat' dir='ltr'>et</span> <span class='ocrx_word' id='word_1_232' title='bbox 1407 2675 1670 2736; x_wconf 81' lang='lat' dir='ltr'>bellorum</span> <span class='ocrx_word' id='word_1_233' title='bbox 1690 2676 1840 2741; x_wconf 75' lang='lat' dir='ltr'>deos.</span> 
     </span>
    </p>
   </div>
   <div class='ocr_carea' id='block_1_3' title="bbox 1402 2899 1455 2999">
    <p class='ocr_par' dir='ltr' id='par_1_4' title="bbox 1402 2899 1455 2999">
     <span class='ocr_line' id='line_1_35' title="bbox 1402 2899 1455 2999; baseline 0 0"><span class='ocrx_word' id='word_1_234' title='bbox 1402 2899 1455 2999; x_wconf 53' lang='lat' dir='ltr'>N</span> 
     </span>
    </p>
   </div>
  </div>
 </body>
</html>
