2081 3038
259 200 499 274 A.e.7o.)
637 209 793 253 Lm.
830 208 938 252 111.
981 210 1159 254 cAP.
1201 212 1286 256 eo.
1330 212 1415 255 61.
1762 186 1845 257 ¹3⁴

363 314 449 366 60.
489 310 662 364 Duces
694 308 926 380 partium
954 316 1014 363 ut
1044 307 1296 364 Carsulas
1329 328 1535 375 venere,
1566 328 1765 383 paucos
1787 310 1859 367 ad

255 387 496 457 requiem
537 384 652 437 dies
691 392 936 445 sumunt,
969 383 1137 445 donec
1157 383 1371 455 aquilae
1400 387 1662 459 signaque
1692 386 1857 459 legio-

257 479 388 516 num
411 458 846 529 adsequerentur.
886 458 954 512 Et
975 456 1123 513 locus
1142 460 1261 530 ipse
1278 468 1568 515 castrorum
1595 462 1853 532 placebat,

256 535 357 589 late
375 542 736 606 prospectanS‚
766 541 876 587 tuto
901 534 1175 604 copiarum
1202 534 1443 607 adgestu,
1470 534 1861 592 florentissimis

254 627 394 682 pone
414 618 490 663 ter
529 626 621 663 um
648 609 980 679 municipiis.
1052 608 1224 663 Simul
1246 609 1524 681 conloquia
1546 628 1671 665 cum
1693 612 1859 666 Vitel-

256 686 433 749 lianiS,
515 700 660 739 ecem
701 682 935 739 millium
975 686 1147 755 spatio
1172 684 1515 749 distantibuS,
1556 693 1606 738 et
1632 686 1859 755 proditio

254 760 585 833 sperabatur.
663 757 836 831 Aegre
863 758 919 812 id
950 760 1057 830 pati
1090 759 1265 827 miles,
1306 768 1358 815 et
1377 760 1648 814 victoriam
1678 760 1855 826 malle,

253 854 420 908 quam
449 850 652 907 pacem.
731 834 814 888 Ne
837 850 966 889 suas
989 834 1211 907 quidem
1243 834 1479 909 legiones
1508 835 1860 907 opperieban-

255 920 362 974 tur,
385 918 445 965 ut
465 908 705 983 praedae,
727 926 892 982 quam
915 909 1295 981 periculorum,
1318 912 1508 966 socias,
1551 910 1771 965 Vocatos
1792 908 1861 967 ad

253 987 558 1041 concionem
598 986 862 1040 Antonius
889 986 1097 1041 docuit:
1139 1004 1247 1041 esse
1268 990 1441 1041 adhuc
1470 987 1671 1041 Vitellio
1701 992 1855 1051 eirea,

251 1066 537 1131 ambiguas,
559 1066 609 1115 si
625 1065 1001 1129 deliberarent5
1027 1078 1195 1124 acres,
1216 1068 1267 1116 si
1283 1067 1653 1130 desperassent.
1694 1062 1858 1116 Initia

253 1142 502 1193 bellorum
525 1140 756 1193 civilium
771 1144 1015 1207 fortunae
1029 1143 1401 1205 permittenda,·
1440 1142 1715 1193 victoriam
1737 1154 1861 1193 con-

250 1218 388 1269 sil-iis
405 1224 452 1269 et
474 1218 677 1269 ratione
691 1217 889 1282 perfici.
949 1214 1065 1267 Iam
1084 1214 1419 1267 Misenensem
1438 1216 1653 1269 classem
1672 1222 1719 1267 et
1736 1215 1860 1281 pal-

255 1293 563 1344 cherrimam
597 1288 914 1355 Campaniae
941 1304 1090 1341 oram
1118 1292 1421 1343 descivisse:
1461 1306 1553 1343 nec
1568 1292 1733 1357 place
1755 1296 1861 1342 toto

253 1374 516 1418 terrarum
535 1366 656 1417 orbe
673 1365 934 1430 reliquum
952 1363 1169 1422 Vitellio,
1184 1380 1340 1430 quam
1359 1368 1498 1430 quod
1514 1370 1653 1417 inter
1668 1365 1710 1416 T
1706 1381 1861 1418 erra-

253 1445 424 1493 cinam
446 1438 804 1505 Narniamque
824 1440 1009 1489 iaceat.
1052 1434 1197 1489 Satis
1214 1440 1415 1503 ylen-iae
1430 1440 1627 1503 proelio
1651 1436 1860 1491 Cremo-

254 1518 399 1567 nensi
417 1521 644 1579 partum.
667 1521 717 1565 et
741 1515 906 1565 exitio
931 1508 1211 1564 Cremonae
1226 1513 1444 1564 nimium
1467 1514 1709 1565 invidiae.
1782 1512 1863 1567 Ne

256 1591 670 1654 concupiscerent
715 1587 928 1639 Romam
969 1602 1155 1653 capere
1187 1589 1388 1653 potius,
1430 1603 1587 1654 quam
1629 1603 1857 1642 servare.

255 1664 466 1717 Maiora
485 1663 594 1714 illis
607 1665 862 1728 praemia,
897 1667 946 1714 et
963 1664 1126 1714 multo
1145 1665 1435 1716 maximum
1452 1666 1624 1725 decue,
1646 1667 1695 1716 si
1713 1665 1861 1716 inco-

255 1741 540 1791 lumitatem
563 1740 768 1790 senatui
787 1738 1085 1806 populoque
1112 1737 1253 1792 Rom.
1282 1741 1403 1790 sine·
1418 1742 1669 1808 sanquine
1696 1755 1859 1808 quae-

253 1818 454 1867 sissent.

365 1891 420 1942 6¹
438 1927 450 1941 .
492 1887 588 1940 His
608 1903 669 1939 ac
689 1884 884 1940 talibus
906 1886 1133 1960 mitigati
1153 1886 1341 1941 animi.
1420 1886 1531 1940 N‘ec
1548 1885 1719 1941 multo
1738 1895 1858 1958 post

255 1963 490 2036 legiones
523 1977 729 2015 venere.
810 1962 876 2016 Et
904 1971 1098 2016 terrore
1134 1961 1385 2034 famaque
1412 1962 1553 2016 aucti
1592 1964 1857 2017 exercitus

254 2027 564 2094 Vitellianae
593 2037 829 2092 cohortes
866 2037 1139 2102 nutabant,
1182 2037 1332 2092 nullo
1359 2038 1415 2092 in
1442 2035 1644 2092 bellum
1666 2037 1860 2092 adhor-

252 2122 412 2177 tante,
443 2111 628 2168 multis
658 2113 722 2166 ad
755 2113 1139 2177 transitionem,
1179 2113 1277 2184 qui
1306 2130 1433 2167 suas
1454 2113 1722 2168 centurias
1743 2121 1859 2168 tur-

252 2206 480 2262 masque
519 2187 742 2253 tradere,
783 2189 984 2243 donum
1025 2188 1231 2253 victori,
1274 2196 1324 2243 et
1362 2188 1467 2243 sibi
1496 2189 1552 2242 in
1583 2198 1857 2258 posterum

249 2267 498 2341 gratiam,
521 2264 806 2319 certabant.
855 2265 955 2318 Per
975 2279 1064 2318 eos
1084 2265 1358 2337 cognitum
1377 2271 1476 2328 est,
1501 2264 1857 2318 Interamnam

251 2342 514 2414 proximis
543 2341 748 2410 campis
785 2339 1051 2410 praesidio
1074 2338 1586 2412 quadringentorum
1610 2341 1857 2411 equitum

251 2417 438 2472 teneri.
518 2415 720 2469 Missus
749 2413 1014 2486 extemplo
1045 2415 1217 2470 Varus
1242 2431 1366 2469 cum
1398 2414 1640 2484 expedita
1668 2432 1853 2480 manu,

252 2508 450 2564 paucos
471 2493 885 2562 repugnantium
908 2490 1196 2547 interfecit:
1220 2491 1425 2561 plureS,
1439 2491 1657 2544 abiectis
1667 2490 1853 2555 armis,

253 2569 466 2623 veniam
494 2566 756 2638 petivere:
797 2565 1018 2639 quidam
1050 2566 1107 2620 in
1128 2574 1297 2620 castra
1318 2564 1511 2638 refugi,
1540 2574 1728 2620 cuncta
1751 2563 1858 2621 for-

253 2641 456 2697 midine
474 2640 766 2713 inplebant,
785 2642 1030 2716 augendo
1046 2641 1358 2697 rumoribus
1376 2641 1625 2696 virtutem
1650 2642 1858 2714 copias-

253 2733 362 2794 que
397 2718 654 2786 hostium,
694 2735 806 2794 quo
838 2718 1026 2775 amissi
1065 2717 1318 2792 praesidii
1347 2715 1577 2774 dedecus
1606 2717 1851 2774 lenirent.

1786 2983 1812 3015 1
