2081 3038
302 238 548 313 A..c.71.)
633 310 636 313 ῃ
770 246 930 294 ΜΒ.
969 246 1071 292 lv.
1114 246 1291 293 cAP.
1332 247 1414 291 42.
1807 238 1902 289 ⁴97

305 346 420 403 lum
441 347 698 403 subversa
711 346 1022 403 Crassorum
1046 345 1317 417 etOrphiti
1338 346 1529 401 domus
1553 347 1605 401 in
1623 362 1903 400 summum

301 422 488 478 odium
509 423 784 479 extulerat.
841 421 1035 493 Sponte
1060 420 1144 497 [ex
1166 418 1286 493 SC.]
1310 420 1699 476 adcusationem
1724 420 1905 475 subis-

304 514 362 551 se
402 498 612 553 iuvenis
639 498 950 562 admodum,
993 514 1091 551 nec
1117 495 1415 567 depellendi
1444 496 1686 565 periculi,
1730 496 1823 550 sed
1845 497 1899 549 in

303 590 455 642 spem
495 575 756 644 potentiae
791 572 1089 628 videbatur.
1170 572 1235 625 Et
1282 569 1515 641 Sulpicia
1564 578 1899 641 praetextata,

303 647 481 701 Crassi
503 666 656 714 uxor,
687 656 1022 720 quatuorque
1045 647 1217 712 liberi,
1242 648 1288 699 si
1312 652 1647 717 cognosceret
1665 653 1899 709 senatUS,

303 721 500 777 ultores
527 723 759 777 aderant.
841 723 1010 795 Igitur
1044 721 1289 776 Messalla
1318 738 1421 776 non
1452 736 1697 773 caussam
1729 735 1902 791 neque

303 814 455 851 reum
477 799 632 863 tueri,
657 797 751 853 sed
771 797 1026 868 periculis
1049 796 1223 851 fratris
1244 803 1412 850 semet
1433 811 1723 867 opponens,
1742 792 1896 859 flexe-

303 881 382 927 rat
401 873 682 944 quosdam.
761 872 1002 928 Occurrit
1031 873 1167 927 truci
1195 871 1427 927 oratione
1456 870 1673 926 Curtius
1700 870 1903 925 Monta-

305 966 426 1013 nuS‚
443 966 504 1004 eo
523 965 699 1021 usque
717 966 1051 1022 progr-essm,
1065 955 1269 1015 ut‚post
1290 952 1493 1002 caedem
1518 946 1715 1001 Galbae
1724 950 1902 999 datam

302 1027 620 1093 interfectori
654 1025 856 1079 Pisonis
885 1028 1164 1094 pecuniam
1203 1042 1239 1078 a
1270 1024 1479 1092 Requlo,
1520 1026 1903 1091 adpetitumque

301 1116 473 1153 morsu
494 1101 694 1155 Pisonis
715 1108 887 1168 caput,
909 1100 1208 1155 obiectaret.
1266 1099 1378 1153 Hoc
1400 1106 1551 1163 certe,
1575 1097 1769 1170 inquit,
1796 1097 1902 1153 Ne-

298 1191 360 1228 ro
387 1192 492 1229 non
521 1180 700 1244 coeyit,
741 1193 834 1230 nec
857 1180 1160 1245 diynitatem
1189 1184 1283 1229 aut
1310 1177 1529 1229 salutem
1556 1176 1653 1229 illa
1680 1178 1902 1228 saevitia

297 1253 573 1305 redemisti.
627 1249 770 1305 Sane
791 1253 1063 1305 toleremus
1082 1256 1300 1305 istorum
1319 1255 1648 1320 defensiones,
1671 1253 1763 1318 qui
1775 1266 1901 1318 per-

297 1328 418 1377 dere
433 1327 583 1388 alios,
617 1342 774 1393 quam
792 1330 1093 1392 periclitari
1119 1329 1236 1393 ipsi,
1268 1327 1582 1379 maluerunt.
1667 1326 1733 1377 Te
1752 1342 1901 1379 secu-

300 1416 418 1451 rum
435 1402 722 1467 reliquerat
739 1402 892 1453 eaesul
903 1408 1075 1467 pater,
1104 1408 1151 1452 et
1168 1403 1341 1453 divisa
1359 1402 1495 1453 inter
1516 1402 1794 1452 creditores
1814 1404 1902 1453 bo·-

211 1472 217 1475 ’
300 1490 386 1535 na,
407 1476 634 1527 nondum
653 1476 902 1528 honorum
924 1490 1099 1542 capam
1118 1481 1292 1528 aetas.-
1318 1476 1448 1528 nihil
1466 1477 1603 1542 quod
1622 1490 1689 1527 ex
1711 1481 1757 1526 te
1777 1491 1900 1529 con-

303 1549 583 1614 cupisceret
604 1549 759 1610 Nero,
784 1551 915 1602 nihil
934 1552 1071 1618 quod
1092 1552 1305 1602 timeret.
1376 1549 1613 1601 Libidine
1629 1554 1901 1617 sanguinis

299 1631 349 1674 et
375 1625 522 1676 hiatu
539 1628 892 1690 praemiorum
919 1629 1150 1693 ignotum
1174 1626 1343 1678 adhuc
1361 1627 1637 1692 ingenium,
1672 1632 1721 1677 et
1741 1627 1901 1678 nullis

300 1700 678 1766 defensionibus
705 1707 988 1766 expertum,
1035 1703 1188 1755 caede
1221 1701 1384 1753 nobili
1412 1701 1647 1764 immisti,
1693 1717 1807 1753 cum
1833 1717 1900 1754 eoe

299 1777 480 1841 sunere
499 1776 816 1840 reipublicae
833 1779 1001 1842 raptis
1023 1777 1383 1828 consularibus
1398 1777 1594 1842 spoliis,
1612 1780 1901 1844 septuagies

299 1851 532 1901 sestertio
548 1852 820 1916 saqinatus
839 1857 886 1902 et
905 1854 1195 1905 sacerdotio
1207 1852 1425 1919 futqens,
1437 1853 1681 1903 innoxios
1689 1867 1897 1917 pueros,

301 1925 547 1976 inlustres
565 1939 726 1986 senes,
741 1928 1043 1992 conspicuas
1059 1930 1279 1995 seminas
1298 1929 1473 1980 eadem
1494 1928 1651 1978 ruina
1668 1934 1901 1992 proster-

301 2015 479 2052 neres:
517 2015 634 2052 cum
659 2003 934 2067 seqnitiam
964 2000 1187 2054 Neronis
1215 2005 1499 2062 incusares,
1520 2003 1658 2068 quod
1671 2017 1771 2066 per
1787 2005 1900 2054 sin-

297 2075 452 2142 qulas
478 2078 654 2128 domos
678 2091 832 2143 seque
858 2082 906 2128 et
930 2077 1185 2129 delatores
1208 2080 1487 2145 satiqaret:
1520 2091 1671 2143 posse
1690 2079 1901 2129 univer-

297 2165 413 2202 sum
440 2158 673 2204 senatum
703 2167 811 2204 una
835 2167 957 2204 voce
977 2153 1221 2204 subverti.
1300 2153 1541 2214 Retinete,
1576 2159 1758 2219 patres
1778 2169 1901 2204 con-

297 2227 500 2292 scripti,
541 2233 591 2279 et
626 2234 886 2280 reservate
911 2227 1162 2279 hominem
1193 2234 1299 2280 tam
1324 2229 1555 2294 expediti
1584 2229 1804 2290 consilii,
1844 2236 1903 2280 ut

299 2303 466 2355 omnis
489 2309 639 2356 aetas
667 2305 926 2355 instructa
951 2305 1038 2364 sit,
1064 2309 1112 2355 et
1138 2305 1387 2370 quomodo
1403 2319 1547 2355 senes
1565 2305 1733 2355 nostri
1749 2301 1903 2356 Mar-

301 2377 501 2438 cellum,
539 2374 796 2443 Crispum,
839 2380 1047 2431 iuvenes
1074 2377 1323 2444 Requlum
1341 2381 1622 2431 imitentur.
1699 2378 1901 2430 Invenit

297 2455 456 2505 etiam
481 2454 712 2505 aemulos
741 2455 928 2521 inseliae
956 2455 1219 2520 nequitia:
1268 2457 1395 2522 quid
1420 2457 1469 2506 si
1498 2455 1683 2520 floreat-
1703 2456 1903 2521 vigeat-

299 2522 438 2593 que?
489 2525 558 2580 Et
585 2544 734 2595 quem
758 2529 928 2581 adhue
955 2532 1309 2597 quaestorium
1334 2531 1590 2598 offendere
1618 2545 1721 2582 non
1738 2531 1902 2582 aude-

297 2615 428 2665 mus,
443 2607 769 2668 praetorium
787 2611 835 2657 et
857 2605 1181 2658 consularem
1198 2607 1369 2657 visuri
1384 2600 1601 2658 sumus?
1632 2602 1715 2658 An
1733 2603 1901 2657 Nero-

209 2691 230 2708 ·
299 2691 414 2728 nem
440 2685 728 2732 entre-mum
755 2682 1080 2734 dominorum
1106 2676 1349 2747 putatis?
1387 2679 1529 2734 Idem
1554 2682 1898 2741 crediderant,

301 2754 392 2817 qui
416 2750 634 2817 Tiberio,
663 2759 756 2824 qui
785 2753 928 2822 Gaio,
949 2759 1254 2825 superstites
1277 2759 1489 2827 [uerunt
1560 2771 1674 2810 cum
1693 2758 1903 2810 interim
