<?xml version="1.0" encoding="UTF-8"?>
<!DOCTYPE html PUBLIC "-//W3C//DTD XHTML 1.0 Transitional//EN"
    "http://www.w3.org/TR/xhtml1/DTD/xhtml1-transitional.dtd">
<html xmlns="http://www.w3.org/1999/xhtml" xml:lang="en" lang="en">
 <head>
  <title>
</title>
<meta http-equiv="Content-Type" content="text/html;charset=utf-8" />
  <meta name='ocr-system' content='tesseract 3.04.00' />
  <meta name='ocr-capabilities' content='ocr_page ocr_carea ocr_par ocr_line ocrx_word'/>
</head>
<body>
  <div class='ocr_page' id='page_1' title='image "./operaquoadextan03tacigoog_0719.png"; bbox 0 0 2081 3038; ppageno 0'>
   <div class='ocr_carea' id='block_1_1' title="bbox 635 245 1837 298">
    <p class='ocr_par' dir='ltr' id='par_1_1' title="bbox 635 245 1837 298">
     <span class='ocr_line' id='line_1_1' title="bbox 635 245 1837 298; baseline 0.001 -3"><span class='ocrx_word' id='word_1_1' title='bbox 635 250 1053 297; x_wconf 81' lang='lat' dir='ltr'>DIALOGUS.</span> <span class='ocrx_word' id='word_1_2' title='bbox 1097 252 1255 297; x_wconf 85' lang='lat' dir='ltr'>CAP.</span> <span class='ocrx_word' id='word_1_3' title='bbox 1296 252 1343 295; x_wconf 81' lang='lat'><strong>8.</strong></span> <span class='ocrx_word' id='word_1_4' title='bbox 1388 252 1435 297; x_wconf 82' lang='grc'><strong>9.</strong></span> <span class='ocrx_word' id='word_1_5' title='bbox 1739 245 1837 298; x_wconf 85' lang='grc'><strong>309</strong></span> 
     </span>
    </p>
   </div>
   <div class='ocr_carea' id='block_1_2' title="bbox 229 350 1844 1331">
    <p class='ocr_par' dir='ltr' id='par_1_2' title="bbox 231 350 1842 863">
     <span class='ocr_line' id='line_1_2' title="bbox 231 350 1840 425; baseline -0.002 -16"><span class='ocrx_word' id='word_1_6' title='bbox 231 356 345 409; x_wconf 90' lang='lat' dir='ltr'><strong>nim</strong></span> <span class='ocrx_word' id='word_1_7' title='bbox 353 370 444 408; x_wconf 87' lang='lat' dir='ltr'><strong>um</strong></span> <span class='ocrx_word' id='word_1_8' title='bbox 465 352 602 408; x_wconf 87' lang='lat' dir='ltr'><strong>inter</strong></span> <span class='ocrx_word' id='word_1_9' title='bbox 625 359 695 407; x_wconf 89' lang='lat' dir='ltr'><strong>tot</strong></span> <span class='ocrx_word' id='word_1_10' title='bbox 717 370 778 407; x_wconf 88' lang='lat' dir='ltr'><strong>ac</strong></span> <span class='ocrx_word' id='word_1_11' title='bbox 795 351 937 407; x_wconf 88' lang='lat' dir='ltr'><strong>tanta</strong></span> <span class='ocrx_word' id='word_1_12' title='bbox 959 351 1138 409; x_wconf 89' lang='lat' dir='ltr'><strong>locum</strong></span> <span class='ocrx_word' id='word_1_13' title='bbox 1157 350 1397 407; x_wconf 82' lang='lat' dir='ltr'>obtinent</span> <span class='ocrx_word' id='word_1_14' title='bbox 1415 351 1678 425; x_wconf 83' lang='lat' dir='ltr'>imagines</span> <span class='ocrx_word' id='word_1_15' title='bbox 1693 370 1754 407; x_wconf 86' lang='lat' dir='ltr'><strong>ac</strong></span> <span class='ocrx_word' id='word_1_16' title='bbox 1774 359 1840 406; x_wconf 82' lang='lat' dir='ltr'><strong>ti-</strong></span> 
     </span>
     <span class='ocr_line' id='line_1_3' title="bbox 233 427 1836 501; baseline -0.002 -16"><span class='ocrx_word' id='word_1_17' title='bbox 233 429 330 485; x_wconf 88' lang='lat' dir='ltr'><strong>tuli</strong></span> <span class='ocrx_word' id='word_1_18' title='bbox 371 436 420 483; x_wconf 91' lang='lat' dir='ltr'><strong>et</strong></span> <span class='ocrx_word' id='word_1_19' title='bbox 458 435 678 493; x_wconf 82' lang='lat' dir='ltr'><strong>statuae,</strong></span> <span class='ocrx_word' id='word_1_20' title='bbox 721 446 860 500; x_wconf 88' lang='lat' dir='ltr'><strong>quae</strong></span> <span class='ocrx_word' id='word_1_21' title='bbox 900 444 1076 500; x_wconf 87' lang='lat' dir='ltr'><strong>neque</strong></span> <span class='ocrx_word' id='word_1_22' title='bbox 1102 428 1221 499; x_wconf 88' lang='lat' dir='ltr'><strong>ipsa</strong></span> <span class='ocrx_word' id='word_1_23' title='bbox 1254 436 1431 483; x_wconf 87' lang='lat' dir='ltr'><strong>tamen</strong></span> <span class='ocrx_word' id='word_1_24' title='bbox 1469 427 1836 501; x_wconf 84' lang='lat' dir='ltr'><strong>negliguntur,</strong></span> 
     </span>
     <span class='ocr_line' id='line_1_4' title="bbox 231 501 1841 575; baseline -0.002 -15"><span class='ocrx_word' id='word_1_25' title='bbox 231 514 340 560; x_wconf 87' lang='lat' dir='ltr'><strong>tam</strong></span> <span class='ocrx_word' id='word_1_26' title='bbox 360 502 603 569; x_wconf 82' lang='lat' dir='ltr'>Hercule,</span> <span class='ocrx_word' id='word_1_27' title='bbox 629 521 794 575; x_wconf 87' lang='lat' dir='ltr'><strong>quarn</strong></span> <span class='ocrx_word' id='word_1_28' title='bbox 815 503 1032 558; x_wconf 86' lang='lat' dir='ltr'><strong>divitiae</strong></span> <span class='ocrx_word' id='word_1_29' title='bbox 1052 510 1102 557; x_wconf 88' lang='lat' dir='ltr'><strong>et</strong></span> <span class='ocrx_word' id='word_1_30' title='bbox 1119 520 1267 575; x_wconf 80' lang='lat' dir='ltr'><strong>opeS,</strong></span> <span class='ocrx_word' id='word_1_31' title='bbox 1298 519 1435 574; x_wconf 87' lang='lat' dir='ltr'><strong>quas</strong></span> <span class='ocrx_word' id='word_1_32' title='bbox 1457 501 1666 557; x_wconf 81' lang='lat' dir='ltr'><strong>facilius</strong></span> <span class='ocrx_word' id='word_1_33' title='bbox 1686 504 1841 557; x_wconf 84' lang='lat' dir='ltr'><strong>inve-</strong></span> 
     </span>
     <span class='ocr_line' id='line_1_5' title="bbox 231 578 1842 652; baseline -0.002 -16"><span class='ocrx_word' id='word_1_34' title='bbox 231 582 348 636; x_wconf 89' lang='lat' dir='ltr'><strong>nies</strong></span> <span class='ocrx_word' id='word_1_35' title='bbox 385 580 482 652; x_wconf 90' lang='lat' dir='ltr'><strong>qui</strong></span> <span class='ocrx_word' id='word_1_36' title='bbox 513 581 794 650; x_wconf 86' lang='lat' dir='ltr'><strong>vituperet,</strong></span> <span class='ocrx_word' id='word_1_37' title='bbox 817 597 1000 651; x_wconf 90' lang='lat' dir='ltr'><strong>-quam</strong></span> <span class='ocrx_word' id='word_1_38' title='bbox 1035 580 1133 651; x_wconf 89' lang='lat' dir='ltr'><strong>qui</strong></span> <span class='ocrx_word' id='word_1_39' title='bbox 1163 578 1411 633; x_wconf 83' lang='lat' dir='ltr'><strong>fastidiat.</strong></span> <span class='ocrx_word' id='word_1_40' title='bbox 1492 579 1587 631; x_wconf 89' lang='lat' dir='ltr'><strong>His</strong></span> <span class='ocrx_word' id='word_1_41' title='bbox 1606 579 1770 651; x_wconf 81' lang='lat' dir='ltr'><strong>igitur</strong></span> <span class='ocrx_word' id='word_1_42' title='bbox 1792 587 1842 632; x_wconf 90' lang='lat' dir='ltr'><strong>et</strong></span> 
     </span>
     <span class='ocr_line' id='line_1_6' title="bbox 233 652 1840 711; baseline -0.002 0"><span class='ocrx_word' id='word_1_43' title='bbox 233 656 526 711; x_wconf 74' lang='lat' dir='ltr'><strong>honoribus</strong></span> <span class='ocrx_word' id='word_1_44' title='bbox 555 662 606 708; x_wconf 87' lang='lat' dir='ltr'><strong>et</strong></span> <span class='ocrx_word' id='word_1_45' title='bbox 632 655 958 709; x_wconf 81' lang='lat' dir='ltr'><strong>ornamentis</strong></span> <span class='ocrx_word' id='word_1_46' title='bbox 987 663 1038 709; x_wconf 87' lang='lat' dir='ltr'><strong>et</strong></span> <span class='ocrx_word' id='word_1_47' title='bbox 1058 653 1399 708; x_wconf 80' lang='lat' dir='ltr'><strong>facultatibus</strong></span> <span class='ocrx_word' id='word_1_48' title='bbox 1419 652 1636 707; x_wconf 86' lang='lat' dir='ltr'><strong>refertas</strong></span> <span class='ocrx_word' id='word_1_49' title='bbox 1656 653 1840 707; x_wconf 89' lang='lat' dir='ltr'><strong>domos</strong></span> 
     </span>
     <span class='ocr_line' id='line_1_7' title="bbox 233 728 1841 818; baseline -0.002 -32"><span class='ocrx_word' id='word_1_50' title='bbox 233 748 418 786; x_wconf 89' lang='lat' dir='ltr'><strong>eorum</strong></span> <span class='ocrx_word' id='word_1_51' title='bbox 440 731 710 793; x_wconf 78' lang='lat' dir='ltr'><strong>videmuS,</strong></span> <span class='ocrx_word' id='word_1_52' title='bbox 743 731 841 818; x_wconf 79' lang='lat' dir='ltr'><strong>qui</strong></span> <span class='ocrx_word' id='word_1_53' title='bbox 862 748 920 783; x_wconf 91' lang='lat' dir='ltr'><strong>se</strong></span> <span class='ocrx_word' id='word_1_54' title='bbox 940 731 1008 784; x_wconf 86' lang='lat' dir='ltr'><strong>ab</strong></span> <span class='ocrx_word' id='word_1_55' title='bbox 1026 732 1245 783; x_wconf 86' lang='lat' dir='ltr'><strong>ineunte</strong></span> <span class='ocrx_word' id='word_1_56' title='bbox 1264 728 1612 783; x_wconf 88' lang='lat' dir='ltr'><strong>adolescentia</strong></span> <span class='ocrx_word' id='word_1_57' title='bbox 1634 729 1841 783; x_wconf 87' lang='lat' dir='ltr'><strong>caussis</strong></span> 
     </span>
     <span class='ocr_line' id='line_1_8' title="bbox 235 804 1348 863; baseline -0.003 -2"><span class='ocrx_word' id='word_1_58' title='bbox 235 806 538 863; x_wconf 83' lang='lat' dir='ltr'><strong>forensibus</strong></span> <span class='ocrx_word' id='word_1_59' title='bbox 559 813 610 859; x_wconf 86' lang='lat' dir='ltr'><strong>et</strong></span> <span class='ocrx_word' id='word_1_60' title='bbox 627 806 851 860; x_wconf 89' lang='lat' dir='ltr'><strong>oratorio</strong></span> <span class='ocrx_word' id='word_1_61' title='bbox 871 804 1050 859; x_wconf 89' lang='lat' dir='ltr'><strong>studio</strong></span> <span class='ocrx_word' id='word_1_62' title='bbox 1069 804 1229 859; x_wconf 76' lang='lat' dir='ltr'><strong>dedei-</strong></span> <span class='ocrx_word' id='word_1_63' title='bbox 1233 812 1348 858; x_wconf 87' lang='lat' dir='ltr'><strong>unt.</strong></span> 
     </span>
    </p>

    <p class='ocr_par' dir='ltr' id='par_1_3' title="bbox 229 879 1844 1331">
     <span class='ocr_line' id='line_1_9' title="bbox 343 879 1841 952; baseline -0.001 -17"><span class='ocrx_word' id='word_1_64' title='bbox 343 885 392 935; x_wconf 89' lang='grc'><strong>9.</strong></span> <span class='ocrx_word' id='word_1_65' title='bbox 437 882 572 934; x_wconf 88' lang='lat' dir='ltr'><strong>Nam</strong></span> <span class='ocrx_word' id='word_1_66' title='bbox 613 881 849 935; x_wconf 87' lang='lat' dir='ltr'><strong>carmina</strong></span> <span class='ocrx_word' id='word_1_67' title='bbox 884 889 935 934; x_wconf 87' lang='lat' dir='ltr'><strong>et</strong></span> <span class='ocrx_word' id='word_1_68' title='bbox 975 898 1192 945; x_wconf 77' lang='lat' dir='ltr'><strong>versuS,</strong></span> <span class='ocrx_word' id='word_1_69' title='bbox 1235 880 1437 952; x_wconf 89' lang='lat' dir='ltr'><strong>quibus</strong></span> <span class='ocrx_word' id='word_1_70' title='bbox 1476 885 1637 933; x_wconf 81' lang='lat' dir='ltr'><strong>totam</strong></span> <span class='ocrx_word' id='word_1_71' title='bbox 1677 879 1841 934; x_wconf 83' lang='lat' dir='ltr'><strong>vitam</strong></span> 
     </span>
     <span class='ocr_line' id='line_1_10' title="bbox 233 953 1844 1029; baseline -0.002 -17"><span class='ocrx_word' id='word_1_72' title='bbox 233 959 505 1012; x_wconf 86' lang='lat' dir='ltr'><strong>Maternus</strong></span> <span class='ocrx_word' id='word_1_73' title='bbox 535 957 806 1010; x_wconf 84' lang='lat' dir='ltr'><strong>insumere</strong></span> <span class='ocrx_word' id='word_1_74' title='bbox 834 964 978 1027; x_wconf 87' lang='lat' dir='ltr'><strong>optat</strong></span> <span class='ocrx_word' id='word_1_75' title='bbox 1007 955 1152 1029; x_wconf 91' lang='lat' dir='ltr'><strong>(inde</strong></span> <span class='ocrx_word' id='word_1_76' title='bbox 1179 956 1323 1009; x_wconf 91' lang='lat' dir='ltr'><strong>enim</strong></span> <span class='ocrx_word' id='word_1_77' title='bbox 1354 956 1533 1011; x_wconf 86' lang='lat' dir='ltr'><strong>omnis</strong></span> <span class='ocrx_word' id='word_1_78' title='bbox 1552 953 1708 1009; x_wconf 84' lang='lat' dir='ltr'><strong>fluxit</strong></span> <span class='ocrx_word' id='word_1_79' title='bbox 1726 972 1844 1010; x_wconf 83' lang='lat' dir='ltr'><strong>ora·-</strong></span> 
     </span>
     <span class='ocr_line' id='line_1_11' title="bbox 233 1030 1840 1106; baseline -0.002 -19"><span class='ocrx_word' id='word_1_80' title='bbox 233 1032 323 1106; x_wconf 86' lang='lat' dir='ltr'><strong>tio)</strong></span> <span class='ocrx_word' id='word_1_81' title='bbox 353 1049 528 1105; x_wconf 89' lang='lat' dir='ltr'><strong>neque</strong></span> <span class='ocrx_word' id='word_1_82' title='bbox 547 1032 858 1105; x_wconf 83' lang='lat' dir='ltr'><strong>dignitatem</strong></span> <span class='ocrx_word' id='word_1_83' title='bbox 879 1031 1049 1087; x_wconf 91' lang='lat' dir='ltr'><strong>ullam</strong></span> <span class='ocrx_word' id='word_1_84' title='bbox 1076 1030 1382 1086; x_wconf 90' lang='lat' dir='ltr'><strong>auctoribus</strong></span> <span class='ocrx_word' id='word_1_85' title='bbox 1402 1031 1519 1085; x_wconf 88' lang='lat' dir='ltr'><strong>suis</strong></span> <span class='ocrx_word' id='word_1_86' title='bbox 1539 1030 1840 1095; x_wconf 88' lang='lat' dir='ltr'><strong>conciliant,</strong></span> 
     </span>
     <span class='ocr_line' id='line_1_12' title="bbox 235 1105 1844 1181; baseline -0.002 -17"><span class='ocrx_word' id='word_1_87' title='bbox 235 1126 408 1181; x_wconf 87' lang='lat' dir='ltr'><strong>neque</strong></span> <span class='ocrx_word' id='word_1_88' title='bbox 431 1105 682 1162; x_wconf 84' lang='lat' dir='ltr'><strong>utilitates</strong></span> <span class='ocrx_word' id='word_1_89' title='bbox 701 1106 878 1163; x_wconf 83' lang='lat' dir='ltr'><strong>alunt:</strong></span> <span class='ocrx_word' id='word_1_90' title='bbox 927 1107 1251 1179; x_wconf 86' lang='lat' dir='ltr'><strong>voluptatem</strong></span> <span class='ocrx_word' id='word_1_91' title='bbox 1272 1113 1449 1161; x_wconf 88' lang='lat' dir='ltr'><strong>autem</strong></span> <span class='ocrx_word' id='word_1_92' title='bbox 1472 1106 1711 1171; x_wconf 88' lang='lat' dir='ltr'><strong>brevem,</strong></span> <span class='ocrx_word' id='word_1_93' title='bbox 1728 1106 1844 1160; x_wconf 87' lang='lat' dir='ltr'><strong>lau-</strong></span> 
     </span>
     <span class='ocr_line' id='line_1_13' title="bbox 229 1182 1844 1255; baseline -0.002 -16"><span class='ocrx_word' id='word_1_94' title='bbox 229 1186 352 1239; x_wconf 83' lang='lat' dir='ltr'><strong>dem</strong></span> <span class='ocrx_word' id='word_1_95' title='bbox 375 1185 590 1238; x_wconf 88' lang='lat' dir='ltr'><strong>inanem</strong></span> <span class='ocrx_word' id='word_1_96' title='bbox 611 1191 662 1238; x_wconf 85' lang='lat' dir='ltr'><strong>et</strong></span> <span class='ocrx_word' id='word_1_97' title='bbox 683 1182 1069 1239; x_wconf 83' lang='lat' dir='ltr'><strong>infructuosam</strong></span> <span class='ocrx_word' id='word_1_98' title='bbox 1091 1188 1513 1255; x_wconf 82' lang='lat' dir='ltr'><strong>consequuntur.</strong></span> <span class='ocrx_word' id='word_1_99' title='bbox 1550 1182 1695 1236; x_wconf 83' lang='lat' dir='ltr'><strong>Licet</strong></span> <span class='ocrx_word' id='word_1_100' title='bbox 1714 1182 1844 1237; x_wconf 89' lang='lat' dir='ltr'><strong>haec</strong></span> 
     </span>
     <span class='ocr_line' id='line_1_14' title="bbox 232 1257 1844 1331; baseline -0.002 -17"><span class='ocrx_word' id='word_1_101' title='bbox 232 1264 369 1331; x_wconf 88' lang='lat' dir='ltr'><strong>ipsa,</strong></span> <span class='ocrx_word' id='word_1_102' title='bbox 403 1268 454 1313; x_wconf 88' lang='lat' dir='ltr'><strong>et</strong></span> <span class='ocrx_word' id='word_1_103' title='bbox 479 1276 619 1331; x_wconf 87' lang='lat' dir='ltr'><strong>quae</strong></span> <span class='ocrx_word' id='word_1_104' title='bbox 651 1258 842 1314; x_wconf 90' lang='lat' dir='ltr'><strong>deinde</strong></span> <span class='ocrx_word' id='word_1_105' title='bbox 869 1259 1113 1314; x_wconf 85' lang='lat' dir='ltr'><strong>dicturus</strong></span> <span class='ocrx_word' id='word_1_106' title='bbox 1140 1275 1286 1325; x_wconf 92' lang='lat' dir='ltr'><strong>sum,</strong></span> <span class='ocrx_word' id='word_1_107' title='bbox 1310 1276 1466 1313; x_wconf 89' lang='lat' dir='ltr'><strong>aures</strong></span> <span class='ocrx_word' id='word_1_108' title='bbox 1490 1264 1628 1323; x_wconf 87' lang='lat' dir='ltr'><strong>tuae,</strong></span> <span class='ocrx_word' id='word_1_109' title='bbox 1653 1257 1844 1312; x_wconf 84' lang='lat' dir='ltr'><strong>Mater-</strong></span> 
     </span>
    </p>
   </div>
   <div class='ocr_carea' id='block_1_3' title="bbox 234 1332 1935 1405">
    <p class='ocr_par' dir='ltr' id='par_1_4' title="bbox 234 1332 1935 1405">
     <span class='ocr_line' id='line_1_15' title="bbox 234 1332 1935 1405; baseline -0.002 -15"><span class='ocrx_word' id='word_1_110' title='bbox 234 1354 318 1400; x_wconf 91' lang='lat' dir='ltr'><strong>ne,</strong></span> <span class='ocrx_word' id='word_1_111' title='bbox 356 1342 626 1405; x_wconf 75' lang='lat' dir='ltr'><strong>respuant,</strong></span> <span class='ocrx_word' id='word_1_112' title='bbox 659 1334 748 1387; x_wconf 89' lang='lat' dir='ltr'><strong>cui</strong></span> <span class='ocrx_word' id='word_1_113' title='bbox 775 1334 914 1389; x_wconf 86' lang='lat' dir='ltr'><strong>bono</strong></span> <span class='ocrx_word' id='word_1_114' title='bbox 933 1341 1030 1398; x_wconf 86' lang='lat' dir='ltr'><strong>est,</strong></span> <span class='ocrx_word' id='word_1_115' title='bbox 1066 1335 1113 1388; x_wconf 90' lang='lat' dir='ltr'><strong>si</strong></span> <span class='ocrx_word' id='word_1_116' title='bbox 1134 1332 1278 1404; x_wconf 91' lang='lat' dir='ltr'><strong>apud</strong></span> <span class='ocrx_word' id='word_1_117' title='bbox 1297 1340 1347 1387; x_wconf 90' lang='lat' dir='ltr'><strong>te</strong></span> <span class='ocrx_word' id='word_1_118' title='bbox 1366 1332 1733 1405; x_wconf 79' lang='lat' dir='ltr'><strong>Agamemnon</strong></span> <span class='ocrx_word' id='word_1_119' title='bbox 1754 1341 1846 1387; x_wconf 87' lang='lat' dir='ltr'><strong>aut</strong></span> <span class='ocrx_word' id='word_1_120' title='bbox 1928 1344 1935 1349; x_wconf 85' lang='grc'><strong><em>·</em></strong></span> 
     </span>
    </p>
   </div>
   <div class='ocr_carea' id='block_1_4' title="bbox 233 1406 1848 2849">
    <p class='ocr_par' dir='ltr' id='par_1_5' title="bbox 233 1406 1848 2849">
     <span class='ocr_line' id='line_1_16' title="bbox 235 1406 1846 1479; baseline -0.002 -15"><span class='ocrx_word' id='word_1_121' title='bbox 235 1412 386 1464; x_wconf 89' lang='lat' dir='ltr'><strong>Iason</strong></span> <span class='ocrx_word' id='word_1_122' title='bbox 428 1409 622 1463; x_wconf 86' lang='lat' dir='ltr'><strong>diserte</strong></span> <span class='ocrx_word' id='word_1_123' title='bbox 660 1407 898 1478; x_wconf 87' lang='lat' dir='ltr'><strong>loquitur</strong></span> <span class='ocrx_word' id='word_1_124' title='bbox 887 1407 935 1461; x_wconf 82' lang='lat'><strong>·‘?</strong></span> <span class='ocrx_word' id='word_1_125' title='bbox 991 1409 1117 1479; x_wconf 89' lang='lat' dir='ltr'><strong>quis</strong></span> <span class='ocrx_word' id='word_1_126' title='bbox 1140 1407 1259 1461; x_wconf 85' lang='lat' dir='ltr'><strong>ideo</strong></span> <span class='ocrx_word' id='word_1_127' title='bbox 1276 1407 1497 1461; x_wconf 89' lang='lat' dir='ltr'><strong>domum</strong></span> <span class='ocrx_word' id='word_1_128' title='bbox 1520 1406 1773 1462; x_wconf 83' lang='lat' dir='ltr'><strong>defensus</strong></span> <span class='ocrx_word' id='word_1_129' title='bbox 1796 1416 1846 1461; x_wconf 91' lang='lat' dir='ltr'><strong>et</strong></span> 
     </span>
     <span class='ocr_line' id='line_1_17' title="bbox 236 1480 1843 1558; baseline -0.002 -18"><span class='ocrx_word' id='word_1_130' title='bbox 236 1484 334 1540; x_wconf 89' lang='lat' dir='ltr'><strong>tibi</strong></span> <span class='ocrx_word' id='word_1_131' title='bbox 352 1484 618 1558; x_wconf 81' lang='lat' dir='ltr'><strong>obligatus</strong></span> <span class='ocrx_word' id='word_1_132' title='bbox 640 1482 812 1537; x_wconf 73' lang='lat' dir='ltr'><strong>redit?</strong></span> <span class='ocrx_word' id='word_1_133' title='bbox 848 1480 984 1548; x_wconf 88' lang='lat' dir='ltr'><strong>Quis</strong></span> <span class='ocrx_word' id='word_1_134' title='bbox 1009 1481 1247 1538; x_wconf 86' lang='lat' dir='ltr'><strong>Saleium</strong></span> <span class='ocrx_word' id='word_1_135' title='bbox 1274 1489 1537 1547; x_wconf 86' lang='lat' dir='ltr'><strong>nostrum,</strong></span> <span class='ocrx_word' id='word_1_136' title='bbox 1567 1482 1843 1556; x_wconf 81' lang='lat' dir='ltr'><strong>egregium</strong></span> 
     </span>
     <span class='ocr_line' id='line_1_18' title="bbox 235 1557 1843 1632; baseline -0.002 -18"><span class='ocrx_word' id='word_1_137' title='bbox 235 1567 464 1632; x_wconf 88' lang='lat' dir='ltr'><strong>poetam,</strong></span> <span class='ocrx_word' id='word_1_138' title='bbox 478 1558 583 1624; x_wconf 91' lang='lat' dir='ltr'><strong>vel,</strong></span> <span class='ocrx_word' id='word_1_139' title='bbox 597 1560 646 1613; x_wconf 87' lang='lat' dir='ltr'><strong>si</strong></span> <span class='ocrx_word' id='word_1_140' title='bbox 665 1558 766 1612; x_wconf 92' lang='lat' dir='ltr'><strong>hoc</strong></span> <span class='ocrx_word' id='word_1_141' title='bbox 784 1557 1221 1614; x_wconf 84' lang='lat' dir='ltr'><strong>honorificentius</strong></span> <span class='ocrx_word' id='word_1_142' title='bbox 1242 1565 1323 1612; x_wconf 87' lang='lat' dir='ltr'><strong>est</strong></span> <span class='ocrx_word' id='word_1_143' title='bbox 1328 1557 1843 1630; x_wconf 86' lang='lat' dir='ltr'><strong>,praeclarissimum</strong></span> 
     </span>
     <span class='ocr_line' id='line_1_19' title="bbox 237 1633 1846 1706; baseline -0.003 -15"><span class='ocrx_word' id='word_1_144' title='bbox 237 1643 408 1692; x_wconf 88' lang='lat' dir='ltr'><strong>vatem</strong></span> <span class='ocrx_word' id='word_1_145' title='bbox 441 1633 655 1688; x_wconf 85' lang='lat' dir='ltr'><strong>deducit</strong></span> <span class='ocrx_word' id='word_1_146' title='bbox 685 1641 775 1688; x_wconf 91' lang='lat' dir='ltr'><strong>aut</strong></span> <span class='ocrx_word' id='word_1_147' title='bbox 795 1633 986 1688; x_wconf 87' lang='lat' dir='ltr'><strong>salutat</strong></span> <span class='ocrx_word' id='word_1_148' title='bbox 1006 1641 1097 1688; x_wconf 88' lang='lat' dir='ltr'><strong>aut</strong></span> <span class='ocrx_word' id='word_1_149' title='bbox 1116 1633 1494 1706; x_wconf 72' lang='lat' dir='ltr'><strong>prosequitur?</strong></span> <span class='ocrx_word' id='word_1_150' title='bbox 1548 1634 1773 1705; x_wconf 85' lang='lat' dir='ltr'><strong>Nempe,</strong></span> <span class='ocrx_word' id='word_1_151' title='bbox 1800 1635 1846 1687; x_wconf 88' lang='lat' dir='ltr'><strong>si</strong></span> 
     </span>
     <span class='ocr_line' id='line_1_20' title="bbox 238 1709 1845 1783; baseline -0.001 -17"><span class='ocrx_word' id='word_1_152' title='bbox 238 1712 444 1766; x_wconf 88' lang='lat' dir='ltr'><strong>amicus</strong></span> <span class='ocrx_word' id='word_1_153' title='bbox 465 1711 603 1774; x_wconf 81' lang='lat' dir='ltr'><strong>eiuS,</strong></span> <span class='ocrx_word' id='word_1_154' title='bbox 627 1711 675 1764; x_wconf 89' lang='lat' dir='ltr'><strong>si</strong></span> <span class='ocrx_word' id='word_1_155' title='bbox 694 1711 1055 1782; x_wconf 79' lang='lat' dir='ltr'><strong>propinquuS,</strong></span> <span class='ocrx_word' id='word_1_156' title='bbox 1090 1709 1137 1764; x_wconf 89' lang='lat' dir='ltr'><strong>si</strong></span> <span class='ocrx_word' id='word_1_157' title='bbox 1158 1710 1427 1780; x_wconf 86' lang='lat' dir='ltr'><strong>denique</strong></span> <span class='ocrx_word' id='word_1_158' title='bbox 1413 1727 1526 1783; x_wconf 81' lang='lat' dir='ltr'><strong>ipse</strong></span> <span class='ocrx_word' id='word_1_159' title='bbox 1546 1711 1604 1764; x_wconf 91' lang='lat' dir='ltr'><strong>in</strong></span> <span class='ocrx_word' id='word_1_160' title='bbox 1627 1709 1845 1782; x_wconf 82' lang='lat' dir='ltr'><strong>aliquod</strong></span> 
     </span>
     <span class='ocr_line' id='line_1_21' title="bbox 237 1785 1846 1860; baseline -0.001 -20"><span class='ocrx_word' id='word_1_161' title='bbox 237 1785 511 1860; x_wconf 84' lang='lat' dir='ltr'><strong>negotium</strong></span> <span class='ocrx_word' id='word_1_162' title='bbox 540 1785 804 1851; x_wconf 87' lang='lat' dir='ltr'><strong>inciderit,</strong></span> <span class='ocrx_word' id='word_1_163' title='bbox 847 1785 915 1840; x_wconf 88' lang='lat' dir='ltr'><strong>ad</strong></span> <span class='ocrx_word' id='word_1_164' title='bbox 945 1785 1093 1840; x_wconf 84' lang='lat' dir='ltr'><strong>huno</strong></span> <span class='ocrx_word' id='word_1_165' title='bbox 1116 1785 1423 1840; x_wconf 87' lang='lat' dir='ltr'><strong>Secundum</strong></span> <span class='ocrx_word' id='word_1_166' title='bbox 1444 1793 1696 1850; x_wconf 85' lang='lat' dir='ltr'><strong>recurret,</strong></span> <span class='ocrx_word' id='word_1_167' title='bbox 1740 1803 1846 1840; x_wconf 91' lang='lat' dir='ltr'><strong>non</strong></span> 
     </span>
     <span class='ocr_line' id='line_1_22' title="bbox 237 1861 1846 1933; baseline -0.001 -18"><span class='ocrx_word' id='word_1_168' title='bbox 237 1862 304 1916; x_wconf 91' lang='lat' dir='ltr'><strong>ad</strong></span> <span class='ocrx_word' id='word_1_169' title='bbox 324 1870 392 1926; x_wconf 90' lang='lat' dir='ltr'><strong>te,</strong></span> <span class='ocrx_word' id='word_1_170' title='bbox 435 1861 686 1926; x_wconf 87' lang='lat' dir='ltr'><strong>Materne,</strong></span> <span class='ocrx_word' id='word_1_171' title='bbox 729 1861 857 1932; x_wconf 90' lang='lat' dir='ltr'><strong>quia</strong></span> <span class='ocrx_word' id='word_1_172' title='bbox 884 1869 1036 1932; x_wconf 86' lang='lat' dir='ltr'><strong>poeta</strong></span> <span class='ocrx_word' id='word_1_173' title='bbox 1054 1879 1133 1928; x_wconf 79' lang='lat' dir='ltr'><strong>eS,</strong></span> <span class='ocrx_word' id='word_1_174' title='bbox 1176 1877 1353 1933; x_wconf 88' lang='lat' dir='ltr'><strong>neque</strong></span> <span class='ocrx_word' id='word_1_175' title='bbox 1378 1868 1552 1932; x_wconf 88' lang='lat' dir='ltr'><strong>ut·pro</strong></span> <span class='ocrx_word' id='word_1_176' title='bbox 1573 1877 1635 1916; x_wconf 85' lang='lat' dir='ltr'><strong>eo</strong></span> <span class='ocrx_word' id='word_1_177' title='bbox 1653 1877 1846 1916; x_wconf 80' lang='lat' dir='ltr'><strong>versus</strong></span> 
     </span>
     <span class='ocr_line' id='line_1_23' title="bbox 237 1935 1845 2008; baseline -0.001 -17"><span class='ocrx_word' id='word_1_178' title='bbox 237 1937 418 1992; x_wconf 79' lang='lat' dir='ltr'><strong>facias,</strong></span> <span class='ocrx_word' id='word_1_179' title='bbox 479 1937 544 1990; x_wconf 86' lang='lat' dir='ltr'><strong>Hi</strong></span> <span class='ocrx_word' id='word_1_180' title='bbox 565 1937 721 1990; x_wconf 85' lang='lat' dir='ltr'><strong>etiam</strong></span> <span class='ocrx_word' id='word_1_181' title='bbox 743 1937 905 1991; x_wconf 85' lang='lat' dir='ltr'><strong>Basso</strong></span> <span class='ocrx_word' id='word_1_182' title='bbox 925 1937 1071 1992; x_wconf 91' lang='lat' dir='ltr'><strong>domi</strong></span> <span class='ocrx_word' id='word_1_183' title='bbox 1092 1945 1405 2002; x_wconf 88' lang='lat' dir='ltr'><strong>nascuntur,</strong></span> <span class='ocrx_word' id='word_1_184' title='bbox 1427 1935 1603 2008; x_wconf 83' lang='lat' dir='ltr'><strong>pulcri</strong></span> <span class='ocrx_word' id='word_1_185' title='bbox 1623 1935 1845 2008; x_wconf 85' lang='lat' dir='ltr'><strong>quidem</strong></span> 
     </span>
     <span class='ocr_line' id='line_1_24' title="bbox 237 2011 1845 2084; baseline -0.001 -16"><span class='ocrx_word' id='word_1_186' title='bbox 237 2024 288 2068; x_wconf 89' lang='lat' dir='ltr'><strong>et</strong></span> <span class='ocrx_word' id='word_1_187' title='bbox 304 2011 559 2067; x_wconf 81' lang='lat' dir='ltr'><strong>iucundi:</strong></span> <span class='ocrx_word' id='word_1_188' title='bbox 601 2029 835 2084; x_wconf 90' lang='lat' dir='ltr'><strong>quorum</strong></span> <span class='ocrx_word' id='word_1_189' title='bbox 857 2020 1032 2066; x_wconf 87' lang='lat' dir='ltr'><strong>tamen</strong></span> <span class='ocrx_word' id='word_1_190' title='bbox 1055 2013 1145 2066; x_wconf 87' lang='lat' dir='ltr'><strong>hic</strong></span> <span class='ocrx_word' id='word_1_191' title='bbox 1165 2013 1343 2068; x_wconf 88' lang='lat' dir='ltr'><strong>exitus</strong></span> <span class='ocrx_word' id='word_1_192' title='bbox 1362 2020 1460 2078; x_wconf 88' lang='lat' dir='ltr'><strong>est,</strong></span> <span class='ocrx_word' id='word_1_193' title='bbox 1490 2020 1569 2078; x_wconf 88' lang='lat' dir='ltr'><strong>ut,</strong></span> <span class='ocrx_word' id='word_1_194' title='bbox 1594 2029 1719 2066; x_wconf 90' lang='lat' dir='ltr'><strong>eum</strong></span> <span class='ocrx_word' id='word_1_195' title='bbox 1741 2021 1845 2066; x_wconf 82' lang='lat' dir='ltr'><strong>toto</strong></span> 
     </span>
     <span class='ocr_line' id='line_1_25' title="bbox 236 2087 1848 2160; baseline -0.002 -16"><span class='ocrx_word' id='word_1_196' title='bbox 236 2105 394 2153; x_wconf 84' lang='lat' dir='ltr'><strong>anno,</strong></span> <span class='ocrx_word' id='word_1_197' title='bbox 417 2105 514 2160; x_wconf 91' lang='lat' dir='ltr'><strong>per</strong></span> <span class='ocrx_word' id='word_1_198' title='bbox 531 2103 718 2142; x_wconf 89' lang='lat' dir='ltr'><strong>omnes</strong></span> <span class='ocrx_word' id='word_1_199' title='bbox 741 2089 876 2152; x_wconf 90' lang='lat' dir='ltr'><strong>dies,</strong></span> <span class='ocrx_word' id='word_1_200' title='bbox 902 2106 1094 2159; x_wconf 81' lang='lat' dir='ltr'><strong>magna</strong></span> <span class='ocrx_word' id='word_1_201' title='bbox 1121 2091 1355 2143; x_wconf 89' lang='lat' dir='ltr'><strong>noctium</strong></span> <span class='ocrx_word' id='word_1_202' title='bbox 1384 2096 1551 2160; x_wconf 89' lang='lat' dir='ltr'><strong>parte,</strong></span> <span class='ocrx_word' id='word_1_203' title='bbox 1584 2091 1759 2143; x_wconf 80' lang='lat' dir='ltr'><strong>unum</strong></span> <span class='ocrx_word' id='word_1_204' title='bbox 1781 2087 1848 2142; x_wconf 88' lang='lat' dir='ltr'><strong>li-</strong></span> 
     </span>
     <span class='ocr_line' id='line_1_26' title="bbox 238 2162 1846 2238; baseline 0 -20"><span class='ocrx_word' id='word_1_205' title='bbox 238 2165 396 2219; x_wconf 84' lang='lat' dir='ltr'><strong>brum</strong></span> <span class='ocrx_word' id='word_1_206' title='bbox 420 2162 626 2218; x_wconf 80' lang='lat' dir='ltr'><strong>extudit</strong></span> <span class='ocrx_word' id='word_1_207' title='bbox 644 2172 694 2217; x_wconf 88' lang='lat' dir='ltr'><strong>et</strong></span> <span class='ocrx_word' id='word_1_208' title='bbox 715 2163 1068 2228; x_wconf 85' lang='lat' dir='ltr'><strong>elucubravit,</strong></span> <span class='ocrx_word' id='word_1_209' title='bbox 1102 2181 1285 2238; x_wconf 79' lang='lat' dir='ltr'><strong>rogare</strong></span> <span class='ocrx_word' id='word_1_210' title='bbox 1306 2164 1445 2219; x_wconf 89' lang='lat' dir='ltr'><strong>ultro</strong></span> <span class='ocrx_word' id='word_1_211' title='bbox 1464 2171 1515 2218; x_wconf 88' lang='lat' dir='ltr'><strong>et</strong></span> <span class='ocrx_word' id='word_1_212' title='bbox 1535 2164 1739 2218; x_wconf 88' lang='lat' dir='ltr'><strong>ambire</strong></span> <span class='ocrx_word' id='word_1_213' title='bbox 1758 2181 1846 2219; x_wconf 83' lang='lat' dir='ltr'><strong>eo-</strong></span> 
     </span>
     <span class='ocr_line' id='line_1_27' title="bbox 233 2239 1845 2314; baseline 0 -20"><span class='ocrx_word' id='word_1_214' title='bbox 233 2248 410 2314; x_wconf 82' lang='lat' dir='ltr'><strong>gatur,</strong></span> <span class='ocrx_word' id='word_1_215' title='bbox 445 2246 506 2294; x_wconf 86' lang='lat' dir='ltr'><strong>ut</strong></span> <span class='ocrx_word' id='word_1_216' title='bbox 533 2239 660 2304; x_wconf 88' lang='lat' dir='ltr'><strong>sint,</strong></span> <span class='ocrx_word' id='word_1_217' title='bbox 695 2239 790 2310; x_wconf 89' lang='lat' dir='ltr'><strong>qui</strong></span> <span class='ocrx_word' id='word_1_218' title='bbox 819 2239 1108 2312; x_wconf 85' lang='lat' dir='ltr'><strong>dignentur</strong></span> <span class='ocrx_word' id='word_1_219' title='bbox 1134 2240 1347 2307; x_wconf 87' lang='lat' dir='ltr'><strong>audire;</strong></span> <span class='ocrx_word' id='word_1_220' title='bbox 1390 2247 1440 2294; x_wconf 89' lang='lat' dir='ltr'><strong>et</strong></span> <span class='ocrx_word' id='word_1_221' title='bbox 1461 2257 1529 2294; x_wconf 92' lang='lat' dir='ltr'><strong>ne</strong></span> <span class='ocrx_word' id='word_1_222' title='bbox 1547 2239 1603 2294; x_wconf 92' lang='lat' dir='ltr'><strong>id</strong></span> <span class='ocrx_word' id='word_1_223' title='bbox 1624 2240 1845 2312; x_wconf 87' lang='lat' dir='ltr'><strong>quidem</strong></span> 
     </span>
     <span class='ocr_line' id='line_1_28' title="bbox 235 2314 1847 2389; baseline 0.001 -20"><span class='ocrx_word' id='word_1_224' title='bbox 235 2317 430 2389; x_wconf 79' lang='lat' dir='ltr'><strong>gratis:</strong></span> <span class='ocrx_word' id='word_1_225' title='bbox 493 2331 617 2369; x_wconf 88' lang='lat' dir='ltr'><strong>nam</strong></span> <span class='ocrx_word' id='word_1_226' title='bbox 648 2322 698 2368; x_wconf 87' lang='lat' dir='ltr'><strong>et</strong></span> <span class='ocrx_word' id='word_1_227' title='bbox 725 2314 946 2369; x_wconf 90' lang='lat' dir='ltr'><strong>domum</strong></span> <span class='ocrx_word' id='word_1_228' title='bbox 979 2323 1273 2380; x_wconf 89' lang='lat' dir='ltr'><strong>mutuatur,</strong></span> <span class='ocrx_word' id='word_1_229' title='bbox 1320 2323 1369 2370; x_wconf 89' lang='lat' dir='ltr'><strong>et</strong></span> <span class='ocrx_word' id='word_1_230' title='bbox 1398 2314 1721 2381; x_wconf 88' lang='lat' dir='ltr'><strong>auditorium</strong></span> <span class='ocrx_word' id='word_1_231' title='bbox 1752 2333 1847 2370; x_wconf 85' lang='lat' dir='ltr'><strong>ex·</strong></span> 
     </span>
     <span class='ocr_line' id='line_1_29' title="bbox 237 2388 1847 2465; baseline 0.001 -20"><span class='ocrx_word' id='word_1_232' title='bbox 237 2392 413 2456; x_wconf 84' lang='lat' dir='ltr'><strong>struit,</strong></span> <span class='ocrx_word' id='word_1_233' title='bbox 438 2397 489 2444; x_wconf 87' lang='lat' dir='ltr'><strong>et</strong></span> <span class='ocrx_word' id='word_1_234' title='bbox 509 2388 766 2443; x_wconf 88' lang='lat' dir='ltr'><strong>subsellia</strong></span> <span class='ocrx_word' id='word_1_235' title='bbox 786 2390 1053 2455; x_wconf 86' lang='lat' dir='ltr'><strong>conducit,</strong></span> <span class='ocrx_word' id='word_1_236' title='bbox 1078 2398 1128 2444; x_wconf 90' lang='lat' dir='ltr'><strong>et</strong></span> <span class='ocrx_word' id='word_1_237' title='bbox 1148 2389 1354 2446; x_wconf 86' lang='lat' dir='ltr'><strong>libellos</strong></span> <span class='ocrx_word' id='word_1_238' title='bbox 1373 2391 1659 2465; x_wconf 81' lang='lat' dir='ltr'><strong>dispergit·</strong></span> <span class='ocrx_word' id='word_1_239' title='bbox 1703 2400 1771 2457; x_wconf 88' lang='lat' dir='ltr'><strong>et,</strong></span> <span class='ocrx_word' id='word_1_240' title='bbox 1786 2399 1847 2446; x_wconf 85' lang='lat' dir='ltr'><strong>ut</strong></span> 
     </span>
     <span class='ocr_line' id='line_1_30' title="bbox 235 2465 1842 2540; baseline 0 -18"><span class='ocrx_word' id='word_1_241' title='bbox 235 2466 582 2522; x_wconf 85' lang='lat' dir='ltr'><strong>beatissimus</strong></span> <span class='ocrx_word' id='word_1_242' title='bbox 627 2465 984 2521; x_wconf 85' lang='lat' dir='ltr'><strong>recitationem</strong></span> <span class='ocrx_word' id='word_1_243' title='bbox 1033 2466 1151 2520; x_wconf 90' lang='lat' dir='ltr'><strong>eius</strong></span> <span class='ocrx_word' id='word_1_244' title='bbox 1198 2475 1422 2522; x_wconf 87' lang='lat' dir='ltr'><strong>eventus</strong></span> <span class='ocrx_word' id='word_1_245' title='bbox 1466 2475 1842 2540; x_wconf 85' lang='lat' dir='ltr'><strong>prosequatur,</strong></span> 
     </span>
     <span class='ocr_line' id='line_1_31' title="bbox 235 2538 1845 2609; baseline 0 -12"><span class='ocrx_word' id='word_1_246' title='bbox 235 2543 413 2597; x_wconf 87' lang='lat' dir='ltr'><strong>omnis</strong></span> <span class='ocrx_word' id='word_1_247' title='bbox 443 2540 534 2596; x_wconf 91' lang='lat' dir='ltr'><strong>illa</strong></span> <span class='ocrx_word' id='word_1_248' title='bbox 561 2538 680 2595; x_wconf 89' lang='lat' dir='ltr'><strong>laus</strong></span> <span class='ocrx_word' id='word_1_249' title='bbox 705 2541 841 2594; x_wconf 84' lang='lat' dir='ltr'><strong>intra</strong></span> <span class='ocrx_word' id='word_1_250' title='bbox 875 2559 1047 2596; x_wconf 86' lang='lat' dir='ltr'><strong>unum</strong></span> <span class='ocrx_word' id='word_1_251' title='bbox 1070 2550 1160 2596; x_wconf 87' lang='lat' dir='ltr'><strong>aut</strong></span> <span class='ocrx_word' id='word_1_252' title='bbox 1179 2541 1404 2597; x_wconf 89' lang='lat' dir='ltr'><strong>alterum</strong></span> <span class='ocrx_word' id='word_1_253' title='bbox 1432 2543 1595 2609; x_wconf 90' lang='lat' dir='ltr'><strong>diem,</strong></span> <span class='ocrx_word' id='word_1_254' title='bbox 1622 2542 1845 2599; x_wconf 88' lang='lat' dir='ltr'><strong>velutin</strong></span> 
     </span>
     <span class='ocr_line' id='line_1_32' title="bbox 236 2614 1843 2690; baseline 0.001 -18"><span class='ocrx_word' id='word_1_255' title='bbox 236 2617 402 2672; x_wconf 89' lang='lat' dir='ltr'><strong>herba</strong></span> <span class='ocrx_word' id='word_1_256' title='bbox 433 2615 516 2671; x_wconf 87' lang='lat' dir='ltr'><strong>vel</strong></span> <span class='ocrx_word' id='word_1_257' title='bbox 544 2614 668 2672; x_wconf 89' lang='lat' dir='ltr'><strong>flore</strong></span> <span class='ocrx_word' id='word_1_258' title='bbox 688 2625 983 2690; x_wconf 88' lang='lat' dir='ltr'><strong>praecepta,</strong></span> <span class='ocrx_word' id='word_1_259' title='bbox 1018 2618 1085 2672; x_wconf 88' lang='lat' dir='ltr'><strong>ad</strong></span> <span class='ocrx_word' id='word_1_260' title='bbox 1107 2617 1311 2675; x_wconf 88' lang='lat' dir='ltr'><strong>nullam</strong></span> <span class='ocrx_word' id='word_1_261' title='bbox 1331 2627 1527 2675; x_wconf 85' lang='lat' dir='ltr'><strong>certam</strong></span> <span class='ocrx_word' id='word_1_262' title='bbox 1548 2630 1599 2674; x_wconf 88' lang='lat' dir='ltr'><strong>et</strong></span> <span class='ocrx_word' id='word_1_263' title='bbox 1616 2618 1843 2676; x_wconf 87' lang='lat' dir='ltr'><strong>solidam</strong></span> 
     </span>
     <span class='ocr_line' id='line_1_33' title="bbox 236 2691 1845 2768; baseline 0.002 -21"><span class='ocrx_word' id='word_1_264' title='bbox 236 2693 480 2764; x_wconf 84' lang='lat' dir='ltr'><strong>pervenit</strong></span> <span class='ocrx_word' id='word_1_265' title='bbox 518 2691 756 2768; x_wconf 74' lang='lat' dir='ltr'><strong>fruzgem</strong></span> <span class='ocrx_word' id='word_1_266' title='bbox 817 2711 916 2749; x_wconf 84' lang='lat' dir='ltr'><strong>nec</strong></span> <span class='ocrx_word' id='word_1_267' title='bbox 944 2701 1036 2750; x_wconf 87' lang='lat' dir='ltr'><strong>aut</strong></span> <span class='ocrx_word' id='word_1_268' title='bbox 1062 2696 1351 2750; x_wconf 86' lang='lat' dir='ltr'><strong>amicitiam</strong></span> <span class='ocrx_word' id='word_1_269' title='bbox 1381 2695 1507 2752; x_wconf 87' lang='lat' dir='ltr'><strong>inde</strong></span> <span class='ocrx_word' id='word_1_270' title='bbox 1533 2696 1708 2764; x_wconf 84' lang='lat' dir='ltr'><strong>refert,</strong></span> <span class='ocrx_word' id='word_1_271' title='bbox 1753 2705 1845 2752; x_wconf 87' lang='lat' dir='ltr'><strong>aut</strong></span> 
     </span>
     <span class='ocr_line' id='line_1_34' title="bbox 237 2767 1846 2849; baseline 0.002 -25"><span class='ocrx_word' id='word_1_272' title='bbox 237 2767 558 2835; x_wconf 86' lang='lat' dir='ltr'><strong>clientelam,</strong></span> <span class='ocrx_word' id='word_1_273' title='bbox 590 2777 681 2827; x_wconf 88' lang='lat' dir='ltr'><strong>aut</strong></span> <span class='ocrx_word' id='word_1_274' title='bbox 707 2784 1029 2828; x_wconf 84' lang='lat' dir='ltr'><strong>mansurum</strong></span> <span class='ocrx_word' id='word_1_275' title='bbox 1058 2771 1116 2828; x_wconf 88' lang='lat' dir='ltr'><strong>in</strong></span> <span class='ocrx_word' id='word_1_276' title='bbox 1135 2772 1315 2829; x_wconf 86' lang='lat' dir='ltr'><strong>animo</strong></span> <span class='ocrx_word' id='word_1_277' title='bbox 1336 2773 1658 2849; x_wconf 85' lang='lat' dir='ltr'><strong>cuiusquam</strong></span> <span class='ocrx_word' id='word_1_278' title='bbox 1678 2774 1846 2832; x_wconf 84' lang='lat' dir='ltr'><strong>bene-</strong></span> 
     </span>
    </p>
   </div>
  </div>
 </body>
</html>
