2081 3038
162 287 207 324 A.
236 267 401 342 csta.)
584 279 738 323 ΜΒ.
780 278 847 322 11.
888 279 1072 325 cAP.
1115 278 1352 326 20--23.
1695 275 1759 325 63

165 377 479 432 vulneribus
525 377 735 432 deiecti.
813 377 1029 433 Primus
1075 377 1264 435 Caesar
1315 397 1438 434 cum
1483 381 1759 452 praetoriis

164 453 487 517 cohortibus,
510 459 662 523 capto
678 450 838 517 vallo,
863 451 1008 508 dedit
1026 454 1285 525 impetum
1307 457 1363 509 in
1383 453 1592 529 sylvas:
1635 471 1762 510 con-

164 527 265 584 lato
285 526 399 582 illic
415 526 585 601 gradu
607 534 883 582 certatum.
962 529 1177 584 Hostem
1206 547 1234 584 a
1262 537 1406 604 tergo
1433 529 1615 601 palus,
1657 531 1763 585 Ro-

166 619 349 658 manos
370 601 569 658 flumen
589 609 681 656 aut
699 609 904 658 montes
924 603 1266 659 claudebant:
1310 604 1554 676 utrisque
1579 622 1764 660 neces·-

166 680 293 734 sitas
312 679 368 733 in
392 677 523 743 loco,
548 693 672 750 spes
692 677 751 732 in
769 678 984 744 virtute,
1008 679 1158 734 salus
1178 697 1245 734 ex
1263 679 1498 736 victoria.

276 757 333 810 2⁴
350 795 363 808 .
406 755 515 808 Nec
539 754 713 808 minor
734 752 1014 810 Germanis
1045 755 1287 822 animus;
1333 754 1426 808 sed
1451 771 1644 828 genere
1663 771 1766 826 pu-

169 845 303 904 gnae
322 836 373 884 et
392 844 660 885 armorum
682 829 1098 901 superabantur.-
1123 847 1248 885 cum
1269 830 1460 903 ingens
1481 827 1766 884 multitudo

170 905 296 960 artis
316 903 443 960 locis
461 903 771 978 praelongas
794 905 971 961 hastas
989 923 1098 961 non
1117 905 1466 978 protenderet,
1491 921 1596 960 non
1619 903 1767 960 colli-

168 987 341 1056 geret,
379 995 555 1052 neque
582 979 887 1034 adsultibus
914 988 965 1035 et
992 979 1264 1036 velocitate
1291 996 1571 1052 corporum
1591 986 1767 1034 utere-

167 1063 279 1121 tur,
302 1063 475 1112 coacta
493 1054 682 1110 stabile
696 1055 766 1110 ad
783 1054 1079 1126 proelium:
1122 1064 1299 1111 contra
1319 1054 1476 1110 miles
1491 1097 1503 1121 ,
1533 1055 1621 1110 cui
1643 1071 1768 1110 scu—-

168 1140 281 1186 tum
299 1131 494 1204 pectori
514 1127 851 1202 adpressum,
864 1138 915 1185 et
934 1131 1173 1186 insidens
1193 1130 1382 1204 capulo
1401 1147 1614 1198 manuS,
1637 1129 1767 1186 latos

166 1206 513 1262 barbarorum
538 1213 687 1261 artus
702 1249 715 1272 ,
760 1205 903 1261 nuda
930 1223 1021 1262 cra
1047 1205 1269 1272 foderet,
1313 1206 1566 1280 viamque
1593 1213 1768 1280 strage

167 1283 400 1339 hostium
422 1282 675 1353 aperiret:
716 1282 985 1353 inpromto
1002 1283 1112 1336 iam
1133 1281 1404 1347 Armini0,
1428 1281 1496 1337 ob
1517 1281 1766 1336 continua

168 1357 551 1428 pericula‚·sive
571 1355 727 1412 illum
748 1373 930 1412 recens
949 1364 1224 1428 acceptum
1235 1357 1435 1412 vulnus
1453 1357 1764 1412 tardaverat.

165 1431 309 1498 Quin
336 1440 390 1487 et
414 1433 815 1506 Inguiomerum
832 1474 846 1498 ‚
888 1440 992 1486 tota
1031 1431 1338 1487 volitantem
1377 1433 1488 1487 acie
1503 1474 1516 1496 ,
1559 1430 1769 1486 fortuna

166 1506 339 1582 magis
354 1549 367 1574 ,
391 1525 558 1579 quam
577 1507 750 1562 virtus
764 1548 777 1573 ,
799 1507 1092 1563 deserebat.
1170 1507 1238 1561 Et
1258 1505 1610 1561 Germanicus
1625 1548 1638 1573 ,
1661 1524 1772 1579 quo

166 1584 339 1657 magis
378 1588 750 1657 agnosceretur
763 1622 777 1647 ,
818 1582 1113 1637 detraxerat
1155 1582 1388 1656 tegimen
1427 1581 1614 1653 capiti,
1653 1598 1773 1636 ora-

162 1659 381 1731 batque,
406 1661 703 1712 insisterent
724 1661 989 1712 caedibus:
1013 1660 1094 1712 nil
1109 1674 1238 1726 opus
1258 1661 1492 1725 captivis,
1505 1659 1670 1711 solam
1689 1661 1772 1711 in-

166 1734 507 1789 ternecionem
532 1736 699 1801 yemis
726 1736 879 1803 finem
907 1736 1039 1787 bello
1062 1728 1212 1803 sore.)
1270 1732 1488 1805 lamque
1514 1748 1634 1787 sero
1663 1730 1771 1786 diei

164 1806 423 1868 subducit
440 1823 507 1862 ex
527 1807 639 1863 acie
657 1806 917 1883 legionem
938 1807 1194 1864 faciendis
1221 1806 1436 1864 castris:
1478 1816 1677 1863 ceterae
1705 1806 1773 1861 ad

166 1890 377 1939 noctem
403 1899 589 1939 cruore
620 1882 853 1940 hostium
882 1885 1098 1940 satiatae
1125 1891 1270 1940 sunt.
1348 1882 1572 1956 Equites
1599 1882 1774 1938 ambi·-

164 1976 277 2033 guc
291 1966 574 2015 certavere.

280 2036 367 2093 22.
410 2032 661 2089 Laudatis
678 2051 777 2106 pro
796 2036 1046 2091 concione
1071 2035 1362 2091 victoribus
1379 2075 1394 2099 ‚
1425 2032 1616 2088 Caesar
1645 2050 1772 2088 con-

162 2112 369 2186 geriem
392 2126 662 2168 armorum
684 2111 899 2175 struxit,
922 2111 1156 2183 superbo
1175 2128 1300 2165 cum
1329 2107 1509 2164 titulo:
1559 2110 1772 2174 „debel-

164 2192 293 2242 latis
312 2190 451 2241 inter
468 2187 697 2241 Rhenum
714 2188 981 2255 Albimque
1000 2190 1298 2241 nationibus
1317 2189 1604 2253 exercitum
1627 2185 1774 2237 Tibe-

157 2268 239 2318 rii
262 2261 505 2317 Caesaris
532 2279 595 2315 ea
622 2266 933 2315 monimenta
950 2262 1118 2317 Marti
1143 2270 1194 2315 et
1215 2262 1330 2315 Iovi
1359 2268 1406 2313 et
1425 2258 1656 2329 Auyustc
1683 2276 1774 2313 sa—

162 2341 459 2393 cravisse.“
497 2337 573 2391 De
590 2352 650 2391 se
668 2334 803 2391 nihil
826 2336 1047 2402 addidit,
1069 2344 1215 2391 metu
1235 2333 1489 2399 invidiae,
1513 2352 1580 2388 an
1603 2342 1769 2397 ratuS,

158 2412 543 2469 conscientiam
574 2410 694 2467 lacti
724 2412 853 2467 satis
882 2428 1017 2467 esse.
1097 2412 1223 2467 Mox
1251 2408 1455 2465 bellum
1493 2407 1776 2481 inAngri-

164 2488 345 2545 varios
364 2486 613 2546 Stertinio
632 2487 875 2553 mandat,
904 2488 964 2541 ni
984 2484 1306 2541 deditionem
1327 2485 1770 2557 properavissent.

156 2563 345 2637 Atque
363 2562 444 2618 illi
464 2562 763 2635 supplices,
795 2561 931 2618 nihil
954 2560 1264 2627 abnuendo,
1297 2560 1508 2615 veniam
1527 2561 1769 2615 omnium

158 2656 291 2696 ecce
359 2655 433 2694 re.

276 2654 366 2771 ἐξ.
406 2712 538 2779 Sed,
562 2720 755 2768 aestate
775 2714 883 2768 iam
903 2710 1084 2767 adulta
1099 2752 1112 2777 ,
1144 2709 1415 2783 legionum
1435 2708 1568 2766 aliae
1586 2712 1776 2767 itinere

150 2790 396 2849 terrestri
416 2790 474 2845 in
488 2788 836 2846 hibernacula
854 2787 1144 2845 remissae:
1185 2784 1369 2857 plures
1389 2784 1582 2842 Caesar
1613 2784 1770 2841 clasr‘
