2081 3038
175 182 326 257 (mu.
341 182 589 258 838-840.)
663 190 921 239 Aemo.
963 192 1122 239 CAP.
1144 194 1226 240 40.
1248 194 1331 240 41.
1696 190 1796 244 297

198 294 478 350 verborum
511 293 712 350 honore
737 292 1028 359 cumulata,
1071 293 1285 350 decerni
1310 296 1367 352 in
1404 300 1591 351 senatu
1618 295 1794 353 iubet:

194 369 448 442 additque
466 371 690 442 insuper
707 372 1034 442 opinionem,
1058 368 1268 444 Syriam
1289 372 1617 443 provinciam
1638 371 1799 446 Agri-

194 444 336 501 colae
363 444 638 512 destinari,
673 463 896 501 vacuam
928 454 1047 501 tum
1076 454 1244 502 morte
1271 446 1421 502 Atilii
1440 448 1582 512 Rufi,
1602 465 1798 503 consu-

194 521 336 584 laris,
380 529 433 576 et
469 521 766 577 maioribus
803 530 1144 577 reservatam.
1226 521 1507 577 Credidere
1532 522 1793 595 plerique,

195 596 445 651 libertum
475 614 544 653 ex
565 597 939 653 secretioribus
964 598 1279 653 ministeriis
1298 598 1530 652 missum
1551 597 1619 652 ad
1638 598 1798 671 Agri-

192 670 384 736 colam,
407 671 696 738 codicilloS,
710 673 914 745 quibus
933 674 983 727 ei
1003 672 1159 747 Syria
1178 672 1424 739 dabatur,
1448 672 1657 739 tulisse,
1670 690 1796 729 cum

192 755 487 819 praecepto,
521 756 599 813 ut,
623 749 671 802 si
689 749 748 802 in
766 748 1038 803 Britannia
1059 747 1211 814 foret,
1240 748 1599 804 traderentur:
1643 766 1799 803 eum-

192 839 299 894 que
319 821 571 877 libertum
591 824 648 878 in
670 824 788 895 ipso
808 822 938 879 freto
958 822 1156 879 Oceani
1174 823 1397 879 obvium
1418 822 1713 898 Agricolae,
1728 841 1797 879 ne

193 896 450 969 adpellato
478 898 698 969 quidem
727 916 808 964 eo,
851 898 919 954 ad
946 899 1309 955 Domitianum
1346 916 1639 956 remeasse:
1680 900 1797 954 sive

193 991 380 1028 verum
403 972 568 1039 istud,
601 973 717 1027 sive
743 991 812 1030 ex
838 974 1057 1048 ingenio
1081 976 1344 1046 principis
1366 975 1549 1032 fictum
1570 992 1631 1035 ac
1650 992 1798 1030 com-

191 1049 424 1119 positum
461 1056 556 1103 est.
637 1049 946 1105 Tradiderat
979 1051 1197 1105 interim
1224 1050 1469 1125 Agricola
1497 1050 1795 1107 successori

189 1142 288 1179 suo
319 1124 646 1195 provinciam
675 1126 914 1197 quietam
941 1132 1239 1198 tutamque.
1317 1125 1415 1193 Ac,
1456 1144 1524 1181 ne
1542 1125 1793 1182 notabilis

189 1199 486 1255 celebritate
515 1208 565 1255 et
591 1198 892 1273 frequentia
921 1202 1317 1257 occurrentium
1356 1202 1604 1258 introitus
1631 1210 1791 1267 esset,

191 1276 350 1331 vitato
369 1275 664 1331 amicorum
684 1274 879 1341 officio,
900 1284 1061 1331 noctu
1077 1277 1136 1331 in
1150 1277 1363 1343 urbem,
1386 1286 1545 1333 noctu
1565 1279 1622 1332 in
1646 1277 1795 1349 pala-
1846 1333 1859 1337 ,

191 1350 347 1413 tium,
371 1350 441 1404 ita
462 1358 523 1404 ut
540 1358 882 1421 praeceptum
901 1358 1032 1415 erat,
1045 1352 1220 1406 venit:
1264 1362 1623 1423 exceptusque
1643 1353 1794 1408 brevi

189 1424 390 1489 osculo,
425 1432 475 1478 et
493 1423 646 1479 nullo
661 1441 928 1491 sermone,
955 1424 1143 1481 turbae
1160 1426 1510 1481 servientium
1528 1428 1795 1482 inmixtus

191 1507 288 1555 est.
369 1498 640 1565 Ceterum,
671 1507 732 1555 ut
749 1499 980 1556 militare
999 1517 1215 1567 nomen,
1241 1517 1404 1574 grave
1422 1502 1560 1556 inter
1576 1503 1791 1572 otioso&

190 1574 310 1630 aliis
331 1575 622 1630 virtutibus
642 1583 975 1648 temperaret,
987 1575 1426 1649 tranquillitatem
1446 1585 1606 1650 atque
1623 1580 1793 1633 otium

189 1651 404 1722 penitus
425 1651 594 1715 auxit,
627 1649 776 1707 cultu
796 1650 1063 1720 modicus,
1094 1669 1339 1707 sermone
1359 1651 1547 1719 facilis»,
1574 1671 1683 1710 uno
1703 1660 1795 1709 aut

189 1725 352 1780 altero
381 1726 676 1782 amicorum
709 1727 1020 1784 comitatus:
1062 1728 1195 1784 adeo
1222 1738 1281 1783 ut
1298 1727 1561 1800 plerique,
1591 1730 1794 1801 quibus

189 1818 413 1874 magnos
435 1801 578 1857 viros
605 1818 701 1872 per
728 1801 1075 1870 ambitionem
1104 1805 1384 1859 aestimare
1408 1821 1525 1858 mos
1554 1812 1653 1870 est,
1676 1806 1795 1860 viso

190 1876 546 1948 “aspectoque
573 1876 836 1951 Agricola,
866 1889 1183 1952 quaererent
1202 1879 1419 1945 famam,
1447 1881 1606 1950 pauci
1629 1880 1794 1934 inter-

186 1959 537 2022 pretarentur.

299 2031 382 2083 41.
425 2027 624 2083 Crebro
652 2045 748 2100 per
773 2045 863 2084 eos
891 2029 1007 2084 dies
1032 2031 1178 2102 apud
1205 2030 1565 2086 Domitianum
1598 2030 1791 2085 absens

187 2103 493 2170 adcusatus‚
525 2104 720 2160 absens
740 2105 1016 2160 absolutus
1036 2113 1135 2160 est.
1215 2106 1417 2161 Caussa
1438 2105 1663 2177 periculi
1686 2123 1791 2161 non

187 2180 390 2235 crimen
413 2179 610 2245 ullum,
634 2188 726 2236 aut
745 2180 961 2251 querela
983 2179 1112 2235 laesi
1132 2182 1478 2253 cuiusquam,
1502 2181 1598 2236 sed
1616 2180 1793 2236 infen-

185 2273 282 2310 sus
305 2254 595 2310 virtutibus
613 2255 883 2328 princeps,
907 2263 958 2310 et
973 2256 1145 2330 gloria
1165 2257 1287 2322 viri,
1310 2274 1373 2311 ac
1387 2257 1688 2327 pessimum
1706 2258 1793 2310 in-

186 2332 470 2385 imicorum
497 2347 689 2402 genuS,
724 2330 1018 2388 laudantes.
1096 2331 1165 2386 Et
1194 2349 1255 2387 ea
1281 2333 1523 2387 insecuta
1543 2340 1671 2388 sunt
1688 2333 1819 2387 rei-'

183 2405 433 2476 publicae
452 2414 708 2477 tempora,
739 2424 878 2478 quae
897 2406 1047 2462 sileri
1066 2404 1369 2481 Agricolam
1395 2425 1503 2463 non
1524 2410 1785 2464 sinerent:

185 2487 263 2536 tot
289 2482 552 2536 exercitus
579 2482 638 2536 in
667 2482 864 2537 Moesia
891 2483 1161 2555 Daciaque
1187 2491 1238 2538 et
1268 2483 1554 2539 Germania
1582 2485 1793 2539 Panno-

187 2556 387 2628 niaque
404 2557 697 2614 temeritate
713 2566 806 2614 aut
822 2575 919 2630 per
939 2559 1215 2633 ignaviam
1236 2558 1437 2624 ducum
1460 2560 1676 2616 amissi:
1718 2567 1791 2615 tot

187 2629 446 2687 militares
474 2633 580 2688 viri
619 2651 742 2688 cum
773 2641 848 2690 tot
875 2633 1183 2690 cohortibus
1210 2636 1499 2710 expugnati
1540 2643 1590 2690 et
1619 2637 1785 2709 capti:

189 2723 287 2760 nec
309 2707 416 2761 iam
445 2706 514 2762 de
531 2707 702 2768 limite
721 2710 934 2783 imperii
954 2718 1006 2766 et
1025 2711 1161 2788 ripa.
1194 2709 1289 2767 sed
1310 2711 1377 2765 de
1396 2711 1634 2768 hibernis
1657 2711 1791 2786 legi·-
