<?xml version="1.0" encoding="UTF-8"?>
<!DOCTYPE html PUBLIC "-//W3C//DTD XHTML 1.0 Transitional//EN"
    "http://www.w3.org/TR/xhtml1/DTD/xhtml1-transitional.dtd">
<html xmlns="http://www.w3.org/1999/xhtml" xml:lang="en" lang="en">
 <head>
  <title>
</title>
<meta http-equiv="Content-Type" content="text/html;charset=utf-8" />
  <meta name='ocr-system' content='tesseract 3.04.00' />
  <meta name='ocr-capabilities' content='ocr_page ocr_carea ocr_par ocr_line ocrx_word'/>
</head>
<body>
  <div class='ocr_page' id='page_1' title='image "./operaquoadextan03tacigoog_0037.png"; bbox 0 0 2081 3038; ppageno 0'>
   <div class='ocr_carea' id='block_1_1' title="bbox 205 264 1806 339">
    <p class='ocr_par' dir='ltr' id='par_1_1' title="bbox 205 264 1806 339">
     <span class='ocr_line' id='line_1_1' title="bbox 205 264 1806 339; baseline 0.004 -20"><span class='ocrx_word' id='word_1_1' title='bbox 205 281 257 320; x_wconf 67' lang='grc' dir='ltr'><strong><em>Α.</em></strong></span> <span class='ocrx_word' id='word_1_2' title='bbox 286 264 451 339; x_wconf 78' lang='lat' dir='ltr'><strong><em>c.14.)</em></strong></span> <span class='ocrx_word' id='word_1_3' title='bbox 647 275 804 322; x_wconf 70' lang='grc' dir='ltr'><strong><em>ΜΒ.</em></strong></span> <span class='ocrx_word' id='word_1_4' title='bbox 844 273 889 322; x_wconf 88' lang='lat'><strong><em>1.</em></strong></span> <span class='ocrx_word' id='word_1_5' title='bbox 932 279 1110 324; x_wconf 77' lang='lat' dir='ltr'><strong><em>cAP.</em></strong></span> <span class='ocrx_word' id='word_1_6' title='bbox 1151 277 1238 325; x_wconf 77' lang='lat'><strong><em>43.</em></strong></span> <span class='ocrx_word' id='word_1_7' title='bbox 1279 280 1362 326; x_wconf 75' lang='lat'><strong><em>44.</em></strong></span> <span class='ocrx_word' id='word_1_8' title='bbox 1741 269 1806 328; x_wconf 74' lang='grc'><strong><em>29</em></strong></span> 
     </span>
    </p>
   </div>
   <div class='ocr_carea' id='block_1_2' title="bbox 162 375 1815 2851">
    <p class='ocr_par' dir='ltr' id='par_1_2' title="bbox 162 375 1810 1647">
     <span class='ocr_line' id='line_1_2' title="bbox 317 375 1805 450; baseline 0.003 -20"><span class='ocrx_word' id='word_1_9' title='bbox 317 378 400 431; x_wconf 66' lang='lat'><strong><em>43.</em></strong></span> <span class='ocrx_word' id='word_1_10' title='bbox 446 375 556 430; x_wconf 85' lang='lat' dir='ltr'><strong><em>Cur</em></strong></span> <span class='ocrx_word' id='word_1_11' title='bbox 582 382 743 442; x_wconf 85' lang='lat' dir='ltr'><strong><em>enim,</em></strong></span> <span class='ocrx_word' id='word_1_12' title='bbox 778 383 955 447; x_wconf 84' lang='lat' dir='ltr'><strong><em>primo</em></strong></span> <span class='ocrx_word' id='word_1_13' title='bbox 988 384 1248 434; x_wconf 73' lang='lat' dir='ltr'><strong><em>concionis</em></strong></span> <span class='ocrx_word' id='word_1_14' title='bbox 1275 385 1382 444; x_wconf 84' lang='lat' dir='ltr'><strong><em>die,</em></strong></span> <span class='ocrx_word' id='word_1_15' title='bbox 1428 385 1628 450; x_wconf 81' lang='lat' dir='ltr'><strong><em>serrum</em></strong></span> <span class='ocrx_word' id='word_1_16' title='bbox 1653 383 1805 445; x_wconf 81' lang='lat' dir='ltr'><strong><em>illud,</em></strong></span> 
     </span>
     <span class='ocr_line' id='line_1_3' title="bbox 203 453 1810 522; baseline 0.004 -18"><span class='ocrx_word' id='word_1_17' title='bbox 203 455 342 519; x_wconf 78' lang='lat' dir='ltr'><strong><em>quod</em></strong></span> <span class='ocrx_word' id='word_1_18' title='bbox 354 457 558 520; x_wconf 79' lang='lat' dir='ltr'><strong><em>pectori</em></strong></span> <span class='ocrx_word' id='word_1_19' title='bbox 574 467 687 506; x_wconf 87' lang='lat' dir='ltr'><strong><em>meo</em></strong></span> <span class='ocrx_word' id='word_1_20' title='bbox 703 457 917 522; x_wconf 73' lang='lat' dir='ltr'><strong><em>infiyere</em></strong></span> <span class='ocrx_word' id='word_1_21' title='bbox 938 457 1224 522; x_wconf 83' lang='lat' dir='ltr'><strong><em>parabam,</em></strong></span> <span class='ocrx_word' id='word_1_22' title='bbox 1254 453 1604 510; x_wconf 79' lang='lat' dir='ltr'><strong><em>detraoeistis?</em></strong></span> <span class='ocrx_word' id='word_1_23' title='bbox 1645 455 1690 510; x_wconf 92' lang='grc' dir='ltr'>Ο</span> <span class='ocrx_word' id='word_1_24' title='bbox 1709 460 1810 510; x_wconf 81' lang='lat' dir='ltr'><strong><em>im-</em></strong></span> 
     </span>
     <span class='ocr_line' id='line_1_4' title="bbox 198 529 1810 602; baseline 0.003 -23"><span class='ocrx_word' id='word_1_25' title='bbox 198 529 410 593; x_wconf 83' lang='lat' dir='ltr'><strong><em>providi</em></strong></span> <span class='ocrx_word' id='word_1_26' title='bbox 426 529 614 582; x_wconf 88' lang='lat' dir='ltr'><strong><em>amici!</em></strong></span> <span class='ocrx_word' id='word_1_27' title='bbox 639 533 823 583; x_wconf 78' lang='lat' dir='ltr'><strong><em>melius</em></strong></span> <span class='ocrx_word' id='word_1_28' title='bbox 841 537 889 583; x_wconf 89' lang='lat' dir='ltr'><strong><em>et</em></strong></span> <span class='ocrx_word' id='word_1_29' title='bbox 908 533 1174 583; x_wconf 78' lang='lat' dir='ltr'><strong><em>amantius</em></strong></span> <span class='ocrx_word' id='word_1_30' title='bbox 1193 533 1297 592; x_wconf 86' lang='lat' dir='ltr'><strong><em>ille,</em></strong></span> <span class='ocrx_word' id='word_1_31' title='bbox 1321 535 1412 598; x_wconf 84' lang='lat' dir='ltr'><strong><em>qui</em></strong></span> <span class='ocrx_word' id='word_1_32' title='bbox 1428 533 1662 600; x_wconf 65' lang='lat' dir='ltr'><strong><em>gladium</em></strong></span> <span class='ocrx_word' id='word_1_33' title='bbox 1680 535 1810 602; x_wconf 80' lang='lat' dir='ltr'><strong><em>offe-</em></strong></span> 
     </span>
     <span class='ocr_line' id='line_1_5' title="bbox 200 600 1808 673; baseline 0.004 -19"><span class='ocrx_word' id='word_1_34' title='bbox 200 605 364 655; x_wconf 82' lang='lat' dir='ltr'><strong><em>rebat.</em></strong></span> <span class='ocrx_word' id='word_1_35' title='bbox 448 600 751 657; x_wconf 81' lang='lat' dir='ltr'><strong><em>Cecidissem</em></strong></span> <span class='ocrx_word' id='word_1_36' title='bbox 770 612 905 658; x_wconf 85' lang='lat' dir='ltr'><strong><em>certe</em></strong></span> <span class='ocrx_word' id='word_1_37' title='bbox 925 607 1153 658; x_wconf 83' lang='lat' dir='ltr'><strong><em>nondum</em></strong></span> <span class='ocrx_word' id='word_1_38' title='bbox 1175 613 1248 658; x_wconf 85' lang='lat' dir='ltr'><strong><em>tot</em></strong></span> <span class='ocrx_word' id='word_1_39' title='bbox 1265 608 1582 673; x_wconf 63' lang='lat' dir='ltr'><strong><em>flagitiorum</em></strong></span> <span class='ocrx_word' id='word_1_40' title='bbox 1603 610 1808 660; x_wconf 75' lang='lat' dir='ltr'><strong><em>exerci-</em></strong></span> 
     </span>
     <span class='ocr_line' id='line_1_6' title="bbox 202 681 1810 750; baseline 0.003 -21"><span class='ocrx_word' id='word_1_41' title='bbox 202 681 282 730; x_wconf 81' lang='lat' dir='ltr'><strong><em>tui</em></strong></span> <span class='ocrx_word' id='word_1_42' title='bbox 314 693 426 730; x_wconf 86' lang='lat' dir='ltr'><strong><em>meo</em></strong></span> <span class='ocrx_word' id='word_1_43' title='bbox 462 682 729 733; x_wconf 73' lang='lat' dir='ltr'><strong><em>conscius.-</em></strong></span> <span class='ocrx_word' id='word_1_44' title='bbox 766 681 1013 747; x_wconf 76' lang='lat' dir='ltr'><strong><em>leqissetis</em></strong></span> <span class='ocrx_word' id='word_1_45' title='bbox 1049 682 1254 742; x_wconf 83' lang='lat' dir='ltr'><strong><em>ducem,</em></strong></span> <span class='ocrx_word' id='word_1_46' title='bbox 1297 685 1390 748; x_wconf 77' lang='lat' dir='ltr'><strong><em>qui</em></strong></span> <span class='ocrx_word' id='word_1_47' title='bbox 1414 697 1578 734; x_wconf 89' lang='lat' dir='ltr'><strong><em>meam</em></strong></span> <span class='ocrx_word' id='word_1_48' title='bbox 1605 685 1810 750; x_wconf 79' lang='lat' dir='ltr'><strong><em>quidem</em></strong></span> 
     </span>
     <span class='ocr_line' id='line_1_7' title="bbox 198 755 1808 824; baseline 0.003 -20"><span class='ocrx_word' id='word_1_49' title='bbox 198 760 415 804; x_wconf 85' lang='lat' dir='ltr'><strong><em>mortem</em></strong></span> <span class='ocrx_word' id='word_1_50' title='bbox 444 755 754 820; x_wconf 78' lang='lat' dir='ltr'><strong><em>impunitam</em></strong></span> <span class='ocrx_word' id='word_1_51' title='bbox 772 758 997 818; x_wconf 66' lang='lat' dir='ltr'><strong><em>sineret,</em></strong></span> <span class='ocrx_word' id='word_1_52' title='bbox 1037 755 1165 808; x_wconf 87' lang='lat' dir='ltr'><strong><em>Vari</em></strong></span> <span class='ocrx_word' id='word_1_53' title='bbox 1191 763 1360 809; x_wconf 83' lang='lat' dir='ltr'><strong><em>tamen</em></strong></span> <span class='ocrx_word' id='word_1_54' title='bbox 1387 763 1436 808; x_wconf 88' lang='lat' dir='ltr'><strong><em>et</em></strong></span> <span class='ocrx_word' id='word_1_55' title='bbox 1465 759 1624 808; x_wconf 82' lang='lat' dir='ltr'><strong><em>trium</em></strong></span> <span class='ocrx_word' id='word_1_56' title='bbox 1651 758 1808 824; x_wconf 68' lang='grc' dir='ltr'><strong><em>169ἰο-</em></strong></span> 
     </span>
     <span class='ocr_line' id='line_1_8' title="bbox 190 829 1805 898; baseline 0.002 -18"><span class='ocrx_word' id='word_1_57' title='bbox 190 842 325 880; x_wconf 75' lang='lat' dir='ltr'><strong><em>num</em></strong></span> <span class='ocrx_word' id='word_1_58' title='bbox 342 829 697 881; x_wconf 77' lang='lat' dir='ltr'><strong><em>ulcisceretur.</em></strong></span> <span class='ocrx_word' id='word_1_59' title='bbox 756 829 925 898; x_wconf 68' lang='lat' dir='ltr'><strong><em>Neque</em></strong></span> <span class='ocrx_word' id='word_1_60' title='bbox 951 833 1088 883; x_wconf 88' lang='lat' dir='ltr'><strong><em>enim</em></strong></span> <span class='ocrx_word' id='word_1_61' title='bbox 1112 833 1192 883; x_wconf 84' lang='lat' dir='ltr'><strong><em>dii</em></strong></span> <span class='ocrx_word' id='word_1_62' title='bbox 1207 833 1401 893; x_wconf 79' lang='lat' dir='ltr'><strong><em>sinant,</em></strong></span> <span class='ocrx_word' id='word_1_63' title='bbox 1429 838 1489 883; x_wconf 78' lang='lat' dir='ltr'><strong><em>ut</em></strong></span> <span class='ocrx_word' id='word_1_64' title='bbox 1507 830 1805 898; x_wconf 63' lang='lat' dir='ltr'><strong><em>Belgarum,</em></strong></span> 
     </span>
     <span class='ocr_line' id='line_1_9' title="bbox 199 906 1809 972; baseline 0.003 -18"><span class='ocrx_word' id='word_1_65' title='bbox 199 918 516 971; x_wconf 78' lang='lat' dir='ltr'><strong><em>quamquam</em></strong></span> <span class='ocrx_word' id='word_1_66' title='bbox 532 906 872 972; x_wconf 79' lang='lat' dir='ltr'><strong><em>offerentium,</em></strong></span> <span class='ocrx_word' id='word_1_67' title='bbox 894 908 1052 958; x_wconf 78' lang='lat' dir='ltr'><strong><em>decus</em></strong></span> <span class='ocrx_word' id='word_1_68' title='bbox 1069 907 1210 958; x_wconf 71' lang='lat' dir='ltr'><strong><em>istud</em></strong></span> <span class='ocrx_word' id='word_1_69' title='bbox 1227 913 1276 959; x_wconf 88' lang='lat' dir='ltr'><strong><em>et</em></strong></span> <span class='ocrx_word' id='word_1_70' title='bbox 1296 907 1556 959; x_wconf 80' lang='lat' dir='ltr'><strong><em>claritudo</em></strong></span> <span class='ocrx_word' id='word_1_71' title='bbox 1578 909 1664 969; x_wconf 87' lang='lat' dir='ltr'><strong><em>sit,</em></strong></span> <span class='ocrx_word' id='word_1_72' title='bbox 1684 909 1809 959; x_wconf 82' lang='lat' dir='ltr'><strong><em>sub-</em></strong></span> 
     </span>
     <span class='ocr_line' id='line_1_10' title="bbox 196 978 1809 1050; baseline 0.002 -19"><span class='ocrx_word' id='word_1_73' title='bbox 196 983 399 1032; x_wconf 75' lang='lat' dir='ltr'><strong><em>venisse</em></strong></span> <span class='ocrx_word' id='word_1_74' title='bbox 422 978 650 1032; x_wconf 80' lang='lat' dir='ltr'><strong><em>Romano</em></strong></span> <span class='ocrx_word' id='word_1_75' title='bbox 675 982 897 1042; x_wconf 80' lang='lat' dir='ltr'><strong><em>nomini,</em></strong></span> <span class='ocrx_word' id='word_1_76' title='bbox 932 983 1290 1046; x_wconf 72' lang='lat' dir='ltr'><strong><em>compressisse</em></strong></span> <span class='ocrx_word' id='word_1_77' title='bbox 1313 978 1626 1034; x_wconf 77' lang='lat' dir='ltr'><strong><em>Germaniae</em></strong></span> <span class='ocrx_word' id='word_1_78' title='bbox 1636 997 1809 1050; x_wconf 82' lang='lat' dir='ltr'><strong><em>popu—</em></strong></span> 
     </span>
     <span class='ocr_line' id='line_1_11' title="bbox 162 1052 1808 1123; baseline 0 -14"><span class='ocrx_word' id='word_1_79' title='bbox 162 1100 169 1109; x_wconf 93' lang='grc'><strong><em>,</em></strong></span> <span class='ocrx_word' id='word_1_80' title='bbox 198 1053 305 1106; x_wconf 80' lang='lat' dir='ltr'><strong><em>los!</em></strong></span> <span class='ocrx_word' id='word_1_81' title='bbox 350 1052 485 1115; x_wconf 85' lang='lat' dir='ltr'><strong><em>Tua,</em></strong></span> <span class='ocrx_word' id='word_1_82' title='bbox 514 1056 630 1106; x_wconf 83' lang='lat' dir='ltr'><strong><em>dive</em></strong></span> <span class='ocrx_word' id='word_1_83' title='bbox 648 1053 899 1122; x_wconf 63' lang='lat' dir='ltr'><strong><em>Anyti-ste,</em></strong></span> <span class='ocrx_word' id='word_1_84' title='bbox 928 1056 1071 1107; x_wconf 86' lang='lat' dir='ltr'><strong><em>caelo</em></strong></span> <span class='ocrx_word' id='word_1_85' title='bbox 1090 1063 1296 1122; x_wconf 84' lang='lat' dir='ltr'><strong><em>recepta</em></strong></span> <span class='ocrx_word' id='word_1_86' title='bbox 1315 1071 1480 1119; x_wconf 78' lang='lat' dir='ltr'><strong><em>mens,</em></strong></span> <span class='ocrx_word' id='word_1_87' title='bbox 1508 1063 1624 1118; x_wconf 83' lang='lat' dir='ltr'><strong><em>tua,</em></strong></span> <span class='ocrx_word' id='word_1_88' title='bbox 1651 1065 1808 1123; x_wconf 83' lang='lat' dir='ltr'><strong><em>pater</em></strong></span> 
     </span>
     <span class='ocr_line' id='line_1_12' title="bbox 200 1126 1802 1196; baseline 0.002 -16"><span class='ocrx_word' id='word_1_89' title='bbox 200 1127 399 1190; x_wconf 78' lang='lat' dir='ltr'><strong><em>Druse,</em></strong></span> <span class='ocrx_word' id='word_1_90' title='bbox 426 1131 624 1196; x_wconf 79' lang='lat' dir='ltr'><strong><em>ima90,</em></strong></span> <span class='ocrx_word' id='word_1_91' title='bbox 650 1132 727 1182; x_wconf 84' lang='lat' dir='ltr'><strong><em>tui</em></strong></span> <span class='ocrx_word' id='word_1_92' title='bbox 745 1126 1016 1191; x_wconf 81' lang='lat' dir='ltr'><strong><em>memoria,</em></strong></span> <span class='ocrx_word' id='word_1_93' title='bbox 1049 1133 1230 1182; x_wconf 80' lang='lat' dir='ltr'><strong><em>iisdem</em></strong></span> <span class='ocrx_word' id='word_1_94' title='bbox 1255 1133 1372 1184; x_wconf 79' lang='lat' dir='ltr'><strong><em>istis</em></strong></span> <span class='ocrx_word' id='word_1_95' title='bbox 1399 1147 1514 1184; x_wconf 77' lang='lat' dir='ltr'><strong><em>cum</em></strong></span> <span class='ocrx_word' id='word_1_96' title='bbox 1533 1133 1802 1191; x_wconf 79' lang='lat' dir='ltr'><strong><em>militibus.</em></strong></span> 
     </span>
     <span class='ocr_line' id='line_1_13' title="bbox 198 1205 1802 1270; baseline 0.004 -16"><span class='ocrx_word' id='word_1_97' title='bbox 198 1217 331 1270; x_wconf 77' lang='lat' dir='ltr'><strong><em>quos</em></strong></span> <span class='ocrx_word' id='word_1_98' title='bbox 350 1206 457 1254; x_wconf 82' lang='lat' dir='ltr'><strong><em>iam</em></strong></span> <span class='ocrx_word' id='word_1_99' title='bbox 470 1205 647 1269; x_wconf 81' lang='lat' dir='ltr'><strong><em>pudor</em></strong></span> <span class='ocrx_word' id='word_1_100' title='bbox 669 1210 716 1255; x_wconf 88' lang='lat' dir='ltr'><strong><em>et</em></strong></span> <span class='ocrx_word' id='word_1_101' title='bbox 735 1205 908 1270; x_wconf 72' lang='lat' dir='ltr'><strong><em>qloria</em></strong></span> <span class='ocrx_word' id='word_1_102' title='bbox 928 1207 1121 1268; x_wconf 79' lang='lat' dir='ltr'><strong><em>intrat,</em></strong></span> <span class='ocrx_word' id='word_1_103' title='bbox 1159 1206 1335 1258; x_wconf 84' lang='lat' dir='ltr'><strong><em>eluant</em></strong></span> <span class='ocrx_word' id='word_1_104' title='bbox 1362 1207 1496 1258; x_wconf 79' lang='lat' dir='ltr'><strong><em>hanc</em></strong></span> <span class='ocrx_word' id='word_1_105' title='bbox 1524 1207 1802 1269; x_wconf 84' lang='lat' dir='ltr'><strong><em>maculam,</em></strong></span> 
     </span>
     <span class='ocr_line' id='line_1_14' title="bbox 196 1279 1802 1350; baseline 0.002 -20"><span class='ocrx_word' id='word_1_106' title='bbox 196 1281 414 1344; x_wconf 73' lang='lat' dir='ltr'><strong><em>irasque</em></strong></span> <span class='ocrx_word' id='word_1_107' title='bbox 440 1279 617 1330; x_wconf 82' lang='lat' dir='ltr'><strong><em>civiles</em></strong></span> <span class='ocrx_word' id='word_1_108' title='bbox 635 1281 691 1330; x_wconf 87' lang='lat' dir='ltr'><strong><em>in</em></strong></span> <span class='ocrx_word' id='word_1_109' title='bbox 710 1282 930 1332; x_wconf 78' lang='lat' dir='ltr'><strong><em>eoeitium</em></strong></span> <span class='ocrx_word' id='word_1_110' title='bbox 954 1281 1184 1332; x_wconf 75' lang='lat' dir='ltr'><strong><em>hostibus</em></strong></span> <span class='ocrx_word' id='word_1_111' title='bbox 1201 1281 1437 1333; x_wconf 82' lang='lat' dir='ltr'><strong><em>vertant!</em></strong></span> <span class='ocrx_word' id='word_1_112' title='bbox 1465 1281 1562 1334; x_wconf 81' lang='lat' dir='ltr'><strong><em>Vos</em></strong></span> <span class='ocrx_word' id='word_1_113' title='bbox 1585 1297 1802 1350; x_wconf 78' lang='lat' dir='ltr'><strong><em>quoque,</em></strong></span> 
     </span>
     <span class='ocr_line' id='line_1_15' title="bbox 194 1354 1806 1424; baseline 0.002 -18"><span class='ocrx_word' id='word_1_114' title='bbox 194 1367 420 1420; x_wconf 62' lang='lat' dir='ltr'><strong><em>quotum</em></strong></span> <span class='ocrx_word' id='word_1_115' title='bbox 438 1354 551 1405; x_wconf 83' lang='lat' dir='ltr'><strong><em>alia</em></strong></span> <span class='ocrx_word' id='word_1_116' title='bbox 568 1369 708 1406; x_wconf 80' lang='lat' dir='ltr'><strong><em>nunc</em></strong></span> <span class='ocrx_word' id='word_1_117' title='bbox 727 1370 822 1409; x_wconf 86' lang='lat' dir='ltr'><strong><em>ora</em></strong></span> <span class='ocrx_word' id='word_1_118' title='bbox 834 1395 848 1416; x_wconf 91' lang='lat'><em>,</em></span> <span class='ocrx_word' id='word_1_119' title='bbox 883 1355 997 1407; x_wconf 88' lang='lat' dir='ltr'><strong><em>alia</em></strong></span> <span class='ocrx_word' id='word_1_120' title='bbox 1009 1361 1226 1421; x_wconf 85' lang='lat' dir='ltr'><strong><em>pectora</em></strong></span> <span class='ocrx_word' id='word_1_121' title='bbox 1246 1362 1513 1418; x_wconf 81' lang='lat' dir='ltr'><strong><em>contueor,</em></strong></span> <span class='ocrx_word' id='word_1_122' title='bbox 1543 1361 1592 1408; x_wconf 83' lang='lat' dir='ltr'><strong><em>si</em></strong></span> <span class='ocrx_word' id='word_1_123' title='bbox 1611 1357 1806 1424; x_wconf 76' lang='lat' dir='ltr'><strong><em>leyatos</em></strong></span> 
     </span>
     <span class='ocr_line' id='line_1_16' title="bbox 192 1429 1805 1498; baseline 0.001 -18"><span class='ocrx_word' id='word_1_124' title='bbox 192 1431 422 1490; x_wconf 80' lang='lat' dir='ltr'><strong><em>senatui,</em></strong></span> <span class='ocrx_word' id='word_1_125' title='bbox 435 1429 729 1496; x_wconf 71' lang='lat' dir='ltr'><strong><em>obsequium</em></strong></span> <span class='ocrx_word' id='word_1_126' title='bbox 747 1431 1067 1496; x_wconf 84' lang='lat' dir='ltr'><strong><em>imperatori,</em></strong></span> <span class='ocrx_word' id='word_1_127' title='bbox 1079 1433 1129 1482; x_wconf 80' lang='lat' dir='ltr'><strong><em>si</em></strong></span> <span class='ocrx_word' id='word_1_128' title='bbox 1145 1432 1274 1483; x_wconf 80' lang='lat' dir='ltr'><strong><em>mihi</em></strong></span> <span class='ocrx_word' id='word_1_129' title='bbox 1292 1433 1554 1498; x_wconf 74' lang='lat' dir='ltr'><strong><em>coniuqem</em></strong></span> <span class='ocrx_word' id='word_1_130' title='bbox 1575 1439 1622 1484; x_wconf 86' lang='lat' dir='ltr'><strong><em>et</em></strong></span> <span class='ocrx_word' id='word_1_131' title='bbox 1639 1431 1805 1498; x_wconf 81' lang='lat' dir='ltr'><strong><em>filium</em></strong></span> 
     </span>
     <span class='ocr_line' id='line_1_17' title="bbox 194 1503 1806 1567; baseline 0 -10"><span class='ocrx_word' id='word_1_132' title='bbox 194 1503 447 1564; x_wconf 75' lang='lat' dir='ltr'><strong><em>redditis,</em></strong></span> <span class='ocrx_word' id='word_1_133' title='bbox 477 1505 723 1557; x_wconf 71' lang='lat' dir='ltr'><strong><em>discedite</em></strong></span> <span class='ocrx_word' id='word_1_134' title='bbox 756 1519 789 1557; x_wconf 93' lang='lat' dir='ltr'><strong><em>a</em></strong></span> <span class='ocrx_word' id='word_1_135' title='bbox 821 1511 1087 1567; x_wconf 81' lang='lat' dir='ltr'><strong><em>contactu,</em></strong></span> <span class='ocrx_word' id='word_1_136' title='bbox 1125 1522 1190 1557; x_wconf 85' lang='lat' dir='ltr'><strong><em>ac</em></strong></span> <span class='ocrx_word' id='word_1_137' title='bbox 1209 1507 1424 1558; x_wconf 81' lang='lat' dir='ltr'><strong><em>dividite</em></strong></span> <span class='ocrx_word' id='word_1_138' title='bbox 1453 1507 1712 1558; x_wconf 81' lang='lat' dir='ltr'><strong><em>turbidos:</em></strong></span> <span class='ocrx_word' id='word_1_139' title='bbox 1749 1509 1806 1557; x_wconf 81' lang='lat' dir='ltr'><strong><em>id</em></strong></span> 
     </span>
     <span class='ocr_line' id='line_1_18' title="bbox 192 1579 1508 1647; baseline -0.001 -14"><span class='ocrx_word' id='word_1_140' title='bbox 192 1579 385 1633; x_wconf 77' lang='lat' dir='ltr'><strong><em>stabile</em></strong></span> <span class='ocrx_word' id='word_1_141' title='bbox 400 1581 475 1631; x_wconf 83' lang='lat' dir='ltr'><strong><em>ad</em></strong></span> <span class='ocrx_word' id='word_1_142' title='bbox 487 1582 872 1646; x_wconf 84' lang='lat' dir='ltr'><strong><em>poenitentiam,</em></strong></span> <span class='ocrx_word' id='word_1_143' title='bbox 892 1581 949 1631; x_wconf 83' lang='lat' dir='ltr'><strong><em>id</em></strong></span> <span class='ocrx_word' id='word_1_144' title='bbox 969 1581 1092 1647; x_wconf 79' lang='lat' dir='ltr'><strong><em>fidei</em></strong></span> <span class='ocrx_word' id='word_1_145' title='bbox 1107 1582 1371 1631; x_wconf 80' lang='lat' dir='ltr'><strong><em>vinculum</em></strong></span> <span class='ocrx_word' id='word_1_146' title='bbox 1391 1582 1508 1633; x_wconf 85' lang='lat' dir='ltr'><strong><em>erit.</em></strong></span> 
     </span>
    </p>

    <p class='ocr_par' dir='ltr' id='par_1_3' title="bbox 194 1650 1815 2851">
     <span class='ocr_line' id='line_1_19' title="bbox 313 1650 1800 1725; baseline 0 -18"><span class='ocrx_word' id='word_1_147' title='bbox 313 1650 398 1707; x_wconf 68' lang='lat'><strong><em>44.</em></strong></span> <span class='ocrx_word' id='word_1_148' title='bbox 438 1650 718 1723; x_wconf 78' lang='lat' dir='ltr'><strong><em>Supplices</em></strong></span> <span class='ocrx_word' id='word_1_149' title='bbox 738 1651 805 1707; x_wconf 89' lang='lat' dir='ltr'><strong><em>ad</em></strong></span> <span class='ocrx_word' id='word_1_150' title='bbox 825 1652 955 1707; x_wconf 88' lang='lat' dir='ltr'><strong><em>haec</em></strong></span> <span class='ocrx_word' id='word_1_151' title='bbox 970 1693 982 1717; x_wconf 88' lang='lat'>‚</span> <span class='ocrx_word' id='word_1_152' title='bbox 1008 1660 1060 1707; x_wconf 82' lang='lat' dir='ltr'><strong><em>et</em></strong></span> <span class='ocrx_word' id='word_1_153' title='bbox 1088 1668 1214 1707; x_wconf 84' lang='lat' dir='ltr'><strong><em>vera</em></strong></span> <span class='ocrx_word' id='word_1_154' title='bbox 1232 1651 1541 1725; x_wconf 83' lang='lat' dir='ltr'><strong><em>exprobrari</em></strong></span> <span class='ocrx_word' id='word_1_155' title='bbox 1561 1650 1800 1718; x_wconf 57' lang='lat' dir='ltr'><strong><em>fintenum,</em></strong></span> 
     </span>
     <span class='ocr_line' id='line_1_20' title="bbox 194 1726 1806 1797; baseline 0.001 -16"><span class='ocrx_word' id='word_1_156' title='bbox 194 1726 419 1781; x_wconf 82' lang='lat' dir='ltr'><strong><em>orabant</em></strong></span> <span class='ocrx_word' id='word_1_157' title='bbox 434 1767 447 1793; x_wconf 84' lang='lat'>‚</span> <span class='ocrx_word' id='word_1_158' title='bbox 464 1732 677 1795; x_wconf 81' lang='lat' dir='ltr'><strong><em>puniret</em></strong></span> <span class='ocrx_word' id='word_1_159' title='bbox 698 1732 908 1791; x_wconf 74' lang='lat' dir='ltr'><strong><em>nomios,</em></strong></span> <span class='ocrx_word' id='word_1_160' title='bbox 934 1732 1217 1796; x_wconf 76' lang='lat' dir='ltr'><strong><em>iynosceret</em></strong></span> <span class='ocrx_word' id='word_1_161' title='bbox 1239 1732 1402 1797; x_wconf 83' lang='lat' dir='ltr'><strong><em>lapsis</em></strong></span> <span class='ocrx_word' id='word_1_162' title='bbox 1414 1771 1426 1791; x_wconf 87' lang='lat'><em>,</em></span> <span class='ocrx_word' id='word_1_163' title='bbox 1450 1738 1498 1783; x_wconf 88' lang='lat' dir='ltr'><strong><em>et</em></strong></span> <span class='ocrx_word' id='word_1_164' title='bbox 1516 1733 1724 1784; x_wconf 84' lang='lat' dir='ltr'><strong><em>duceret</em></strong></span> <span class='ocrx_word' id='word_1_165' title='bbox 1748 1734 1806 1783; x_wconf 82' lang='lat' dir='ltr'><strong><em>in</em></strong></span> 
     </span>
     <span class='ocr_line' id='line_1_21' title="bbox 197 1806 1800 1873; baseline 0.001 -17"><span class='ocrx_word' id='word_1_166' title='bbox 197 1806 421 1857; x_wconf 77' lang='lat' dir='ltr'><strong><em>hostem:</em></strong></span> <span class='ocrx_word' id='word_1_167' title='bbox 453 1811 789 1857; x_wconf 81' lang='lat' dir='ltr'><strong><em>revocaretur</em></strong></span> <span class='ocrx_word' id='word_1_168' title='bbox 807 1807 1029 1867; x_wconf 74' lang='lat' dir='ltr'><strong><em>coniux,</em></strong></span> <span class='ocrx_word' id='word_1_169' title='bbox 1055 1807 1250 1857; x_wconf 79' lang='lat' dir='ltr'><strong><em>rediret</em></strong></span> <span class='ocrx_word' id='word_1_170' title='bbox 1271 1807 1522 1873; x_wconf 63' lang='lat' dir='ltr'><strong><em>legionum</em></strong></span> <span class='ocrx_word' id='word_1_171' title='bbox 1541 1807 1800 1867; x_wconf 72' lang='lat' dir='ltr'><strong><em>alumnae,</em></strong></span> 
     </span>
     <span class='ocr_line' id='line_1_22' title="bbox 198 1876 1805 1951; baseline 0.002 -21"><span class='ocrx_word' id='word_1_172' title='bbox 198 1894 325 1931; x_wconf 81' lang='lat' dir='ltr'><strong><em>neve</em></strong></span> <span class='ocrx_word' id='word_1_173' title='bbox 342 1880 482 1931; x_wconf 82' lang='lat' dir='ltr'><strong><em>obses</em></strong></span> <span class='ocrx_word' id='word_1_174' title='bbox 504 1876 675 1933; x_wconf 78' lang='lat' dir='ltr'><strong><em>Gallis</em></strong></span> <span class='ocrx_word' id='word_1_175' title='bbox 704 1882 1013 1933; x_wconf 84' lang='lat' dir='ltr'><strong><em>traderetur.</em></strong></span> <span class='ocrx_word' id='word_1_176' title='bbox 1090 1878 1338 1933; x_wconf 86' lang='lat' dir='ltr'><strong><em>Reditum</em></strong></span> <span class='ocrx_word' id='word_1_177' title='bbox 1357 1878 1682 1951; x_wconf 80' lang='lat' dir='ltr'><strong><em>Agrippinae</em></strong></span> <span class='ocrx_word' id='word_1_178' title='bbox 1710 1896 1805 1934; x_wconf 85' lang='lat' dir='ltr'><strong><em>ex-</em></strong></span> 
     </span>
     <span class='ocr_line' id='line_1_23' title="bbox 200 1952 1804 2025; baseline 0.003 -20"><span class='ocrx_word' id='word_1_179' title='bbox 200 1952 427 2017; x_wconf 83' lang='lat' dir='ltr'><strong><em>cusavit,</em></strong></span> <span class='ocrx_word' id='word_1_180' title='bbox 449 1952 519 2007; x_wconf 91' lang='lat' dir='ltr'><strong><em>ob</em></strong></span> <span class='ocrx_word' id='word_1_181' title='bbox 538 1952 904 2007; x_wconf 83' lang='lat' dir='ltr'><strong><em>imminentem</em></strong></span> <span class='ocrx_word' id='word_1_182' title='bbox 924 1961 1138 2025; x_wconf 84' lang='lat' dir='ltr'><strong><em>partum</em></strong></span> <span class='ocrx_word' id='word_1_183' title='bbox 1158 1960 1210 2007; x_wconf 83' lang='lat' dir='ltr'><strong><em>et</em></strong></span> <span class='ocrx_word' id='word_1_184' title='bbox 1226 1952 1490 2008; x_wconf 81' lang='lat' dir='ltr'><strong><em>hiemem:</em></strong></span> <span class='ocrx_word' id='word_1_185' title='bbox 1529 1964 1804 2010; x_wconf 82' lang='lat' dir='ltr'><strong><em>venturum</em></strong></span> 
     </span>
     <span class='ocr_line' id='line_1_24' title="bbox 199 2028 1800 2097; baseline 0.002 -17"><span class='ocrx_word' id='word_1_186' title='bbox 199 2030 391 2097; x_wconf 77' lang='lat' dir='ltr'><strong><em>lilium.-</em></strong></span> <span class='ocrx_word' id='word_1_187' title='bbox 432 2036 603 2081; x_wconf 87' lang='lat' dir='ltr'><strong><em>cetera</em></strong></span> <span class='ocrx_word' id='word_1_188' title='bbox 630 2032 735 2095; x_wconf 82' lang='lat' dir='ltr'><strong><em>ipsi</em></strong></span> <span class='ocrx_word' id='word_1_189' title='bbox 759 2037 1179 2097; x_wconf 76' lang='lat' dir='ltr'><strong><em>exsequerentur.</em></strong></span> <span class='ocrx_word' id='word_1_190' title='bbox 1256 2028 1573 2083; x_wconf 82' lang='lat' dir='ltr'><strong><em>Discurrunt</em></strong></span> <span class='ocrx_word' id='word_1_191' title='bbox 1591 2032 1800 2094; x_wconf 81' lang='lat' dir='ltr'><strong><em>mutati,</em></strong></span> 
     </span>
     <span class='ocr_line' id='line_1_25' title="bbox 201 2102 1804 2176; baseline 0.001 -21"><span class='ocrx_word' id='word_1_192' title='bbox 201 2109 253 2155; x_wconf 89' lang='lat' dir='ltr'><strong><em>et</em></strong></span> <span class='ocrx_word' id='word_1_193' title='bbox 270 2102 741 2157; x_wconf 83' lang='lat' dir='ltr'><strong><em>seditiosissimum</em></strong></span> <span class='ocrx_word' id='word_1_194' title='bbox 771 2118 1044 2175; x_wconf 88' lang='lat' dir='ltr'><strong><em>quemque</em></strong></span> <span class='ocrx_word' id='word_1_195' title='bbox 1074 2105 1279 2159; x_wconf 88' lang='lat' dir='ltr'><strong><em>vinctos</em></strong></span> <span class='ocrx_word' id='word_1_196' title='bbox 1315 2102 1532 2157; x_wconf 85' lang='lat' dir='ltr'><strong><em>trahunt</em></strong></span> <span class='ocrx_word' id='word_1_197' title='bbox 1563 2102 1630 2157; x_wconf 90' lang='lat' dir='ltr'><strong><em>ad</em></strong></span> <span class='ocrx_word' id='word_1_198' title='bbox 1659 2103 1804 2176; x_wconf 69' lang='lat' dir='ltr'><strong><em>lega-⁴</em></strong></span> 
     </span>
     <span class='ocr_line' id='line_1_26' title="bbox 200 2176 1804 2251; baseline 0.001 -20"><span class='ocrx_word' id='word_1_199' title='bbox 200 2186 315 2231; x_wconf 85' lang='lat' dir='ltr'><strong><em>tum</em></strong></span> <span class='ocrx_word' id='word_1_200' title='bbox 345 2176 571 2251; x_wconf 75' lang='lat' dir='ltr'><strong><em>legionis</em></strong></span> <span class='ocrx_word' id='word_1_201' title='bbox 603 2178 834 2247; x_wconf 82' lang='lat' dir='ltr'><strong><em>primae,</em></strong></span> <span class='ocrx_word' id='word_1_202' title='bbox 868 2176 929 2233; x_wconf 90' lang='lat' dir='ltr'><strong><em>C.</em></strong></span> <span class='ocrx_word' id='word_1_203' title='bbox 961 2177 1300 2245; x_wconf 86' lang='lat' dir='ltr'><strong><em>Cetronium,</em></strong></span> <span class='ocrx_word' id='word_1_204' title='bbox 1333 2177 1431 2250; x_wconf 88' lang='lat' dir='ltr'><strong><em>qui</em></strong></span> <span class='ocrx_word' id='word_1_205' title='bbox 1461 2176 1722 2231; x_wconf 85' lang='lat' dir='ltr'><strong><em>iudicium</em></strong></span> <span class='ocrx_word' id='word_1_206' title='bbox 1753 2187 1804 2232; x_wconf 80' lang='lat' dir='ltr'><strong><em>et</em></strong></span> 
     </span>
     <span class='ocr_line' id='line_1_27' title="bbox 198 2250 1803 2325; baseline 0 -18"><span class='ocrx_word' id='word_1_207' title='bbox 198 2268 396 2325; x_wconf 86' lang='lat' dir='ltr'><strong><em>poenas</em></strong></span> <span class='ocrx_word' id='word_1_208' title='bbox 425 2251 493 2307; x_wconf 88' lang='lat' dir='ltr'><strong><em>de</em></strong></span> <span class='ocrx_word' id='word_1_209' title='bbox 518 2250 752 2325; x_wconf 85' lang='lat' dir='ltr'><strong><em>singulis</em></strong></span> <span class='ocrx_word' id='word_1_210' title='bbox 771 2253 829 2307; x_wconf 87' lang='lat' dir='ltr'><strong><em>in</em></strong></span> <span class='ocrx_word' id='word_1_211' title='bbox 849 2251 995 2307; x_wconf 90' lang='lat' dir='ltr'><strong><em>hunc</em></strong></span> <span class='ocrx_word' id='word_1_212' title='bbox 1013 2254 1233 2309; x_wconf 90' lang='lat' dir='ltr'><strong><em>modum</em></strong></span> <span class='ocrx_word' id='word_1_213' title='bbox 1254 2252 1508 2308; x_wconf 84' lang='lat' dir='ltr'><strong><em>exercuit.</em></strong></span> <span class='ocrx_word' id='word_1_214' title='bbox 1587 2251 1803 2325; x_wconf 83' lang='lat' dir='ltr'><strong><em>Stabant</em></strong></span> 
     </span>
     <span class='ocr_line' id='line_1_28' title="bbox 200 2326 1804 2403; baseline 0 -22"><span class='ocrx_word' id='word_1_215' title='bbox 200 2337 297 2399; x_wconf 84' lang='lat' dir='ltr'><strong><em>pr&#39;o</em></strong></span> <span class='ocrx_word' id='word_1_216' title='bbox 314 2327 565 2383; x_wconf 81' lang='lat' dir='ltr'><strong><em>concione</em></strong></span> <span class='ocrx_word' id='word_1_217' title='bbox 586 2326 821 2400; x_wconf 83' lang='lat' dir='ltr'><strong><em>legiones</em></strong></span> <span class='ocrx_word' id='word_1_218' title='bbox 839 2326 1103 2383; x_wconf 81' lang='lat' dir='ltr'><strong><em>destrictis</em></strong></span> <span class='ocrx_word' id='word_1_219' title='bbox 1121 2327 1316 2402; x_wconf 79' lang='lat' dir='ltr'><strong><em>gladiis</em></strong></span> <span class='ocrx_word' id='word_1_220' title='bbox 1335 2348 1348 2383; x_wconf 92' lang='grc'><strong><em>.·</em></strong></span> <span class='ocrx_word' id='word_1_221' title='bbox 1381 2344 1508 2383; x_wconf 86' lang='lat' dir='ltr'><strong><em>reus</em></strong></span> <span class='ocrx_word' id='word_1_222' title='bbox 1527 2328 1586 2382; x_wconf 86' lang='lat' dir='ltr'><strong><em>in</em></strong></span> <span class='ocrx_word' id='word_1_223' title='bbox 1607 2343 1804 2403; x_wconf 80' lang='lat' dir='ltr'><strong><em>sugge-</em></strong></span> 
     </span>
     <span class='ocr_line' id='line_1_29' title="bbox 197 2401 1815 2473; baseline 0 -17"><span class='ocrx_word' id='word_1_224' title='bbox 197 2413 285 2457; x_wconf 84' lang='lat' dir='ltr'><strong><em>stu</em></strong></span> <span class='ocrx_word' id='word_1_225' title='bbox 312 2419 407 2473; x_wconf 87' lang='lat' dir='ltr'><strong><em>per</em></strong></span> <span class='ocrx_word' id='word_1_226' title='bbox 436 2402 715 2457; x_wconf 84' lang='lat' dir='ltr'><strong><em>tribunum</em></strong></span> <span class='ocrx_word' id='word_1_227' title='bbox 738 2402 1138 2458; x_wconf 83' lang='lat' dir='ltr'><strong><em>ostendebatur:</em></strong></span> <span class='ocrx_word' id='word_1_228' title='bbox 1182 2404 1230 2459; x_wconf 88' lang='lat' dir='ltr'><strong><em>si</em></strong></span> <span class='ocrx_word' id='word_1_229' title='bbox 1250 2413 1510 2458; x_wconf 79' lang='lat' dir='ltr'><strong><em>nocentem</em></strong></span> <span class='ocrx_word' id='word_1_230' title='bbox 1539 2401 1815 2457; x_wconf 78' lang='lat' dir='ltr'><strong><em>adclama-·</em></strong></span> 
     </span>
     <span class='ocr_line' id='line_1_30' title="bbox 201 2477 1802 2551; baseline 0.001 -20"><span class='ocrx_word' id='word_1_231' title='bbox 201 2485 402 2543; x_wconf 85' lang='lat' dir='ltr'><strong><em>verant,</em></strong></span> <span class='ocrx_word' id='word_1_232' title='bbox 423 2492 677 2549; x_wconf 84' lang='lat' dir='ltr'><strong><em>praeceps</em></strong></span> <span class='ocrx_word' id='word_1_233' title='bbox 702 2477 858 2532; x_wconf 83' lang='lat' dir='ltr'><strong><em>datus</em></strong></span> <span class='ocrx_word' id='word_1_234' title='bbox 879 2477 1258 2532; x_wconf 83' lang='lat' dir='ltr'><strong><em>trucidabatur.</em></strong></span> <span class='ocrx_word' id='word_1_235' title='bbox 1319 2478 1384 2533; x_wconf 82' lang='lat' dir='ltr'><strong><em>Et</em></strong></span> <span class='ocrx_word' id='word_1_236' title='bbox 1403 2477 1667 2551; x_wconf 82' lang='lat' dir='ltr'><strong><em>gaudebat</em></strong></span> <span class='ocrx_word' id='word_1_237' title='bbox 1685 2494 1802 2532; x_wconf 75' lang='lat' dir='ltr'><strong><em>cae-</em></strong></span> 
     </span>
     <span class='ocr_line' id='line_1_31' title="bbox 194 2551 1803 2625; baseline 0.001 -19"><span class='ocrx_word' id='word_1_238' title='bbox 194 2552 361 2607; x_wconf 83' lang='lat' dir='ltr'><strong><em>dibus</em></strong></span> <span class='ocrx_word' id='word_1_239' title='bbox 388 2552 572 2619; x_wconf 86' lang='lat' dir='ltr'><strong><em>miles,</em></strong></span> <span class='ocrx_word' id='word_1_240' title='bbox 616 2561 889 2625; x_wconf 85' lang='lat' dir='ltr'><strong><em>tamquam</em></strong></span> <span class='ocrx_word' id='word_1_241' title='bbox 920 2561 1088 2607; x_wconf 86' lang='lat' dir='ltr'><strong><em>semet</em></strong></span> <span class='ocrx_word' id='word_1_242' title='bbox 1123 2551 1445 2608; x_wconf 86' lang='lat' dir='ltr'><strong><em>absolveret:</em></strong></span> <span class='ocrx_word' id='word_1_243' title='bbox 1488 2570 1586 2607; x_wconf 86' lang='lat' dir='ltr'><strong><em>neo</em></strong></span> <span class='ocrx_word' id='word_1_244' title='bbox 1611 2552 1803 2609; x_wconf 85' lang='lat' dir='ltr'><strong><em>Caesar</em></strong></span> 
     </span>
     <span class='ocr_line' id='line_1_32' title="bbox 194 2626 1803 2701; baseline -0.001 -18"><span class='ocrx_word' id='word_1_245' title='bbox 194 2626 425 2693; x_wconf 84' lang='lat' dir='ltr'><strong><em>arcebat,</em></strong></span> <span class='ocrx_word' id='word_1_246' title='bbox 448 2628 683 2701; x_wconf 83' lang='lat' dir='ltr'><strong><em>quando,</em></strong></span> <span class='ocrx_word' id='word_1_247' title='bbox 707 2627 855 2683; x_wconf 86' lang='lat' dir='ltr'><strong><em>nullo</em></strong></span> <span class='ocrx_word' id='word_1_248' title='bbox 874 2628 1050 2699; x_wconf 88' lang='lat' dir='ltr'><strong><em>ipsius</em></strong></span> <span class='ocrx_word' id='word_1_249' title='bbox 1069 2628 1246 2691; x_wconf 85' lang='lat' dir='ltr'><strong><em>iussu,</em></strong></span> <span class='ocrx_word' id='word_1_250' title='bbox 1269 2644 1433 2698; x_wconf 90' lang='lat' dir='ltr'><strong><em>penes</em></strong></span> <span class='ocrx_word' id='word_1_251' title='bbox 1453 2627 1665 2682; x_wconf 87' lang='lat' dir='ltr'><strong><em>eosdem</em></strong></span> <span class='ocrx_word' id='word_1_252' title='bbox 1685 2645 1803 2683; x_wconf 82' lang='lat' dir='ltr'><strong><em>sae-</em></strong></span> 
     </span>
     <span class='ocr_line' id='line_1_33' title="bbox 196 2700 1799 2773; baseline -0.002 -14"><span class='ocrx_word' id='word_1_253' title='bbox 196 2704 327 2759; x_wconf 81' lang='lat' dir='ltr'><strong><em>vitia</em></strong></span> <span class='ocrx_word' id='word_1_254' title='bbox 354 2702 474 2759; x_wconf 79' lang='lat' dir='ltr'><strong><em>facti</em></strong></span> <span class='ocrx_word' id='word_1_255' title='bbox 503 2710 556 2758; x_wconf 83' lang='lat' dir='ltr'><strong><em>et</em></strong></span> <span class='ocrx_word' id='word_1_256' title='bbox 585 2702 789 2758; x_wconf 87' lang='lat' dir='ltr'><strong><em>invidia</em></strong></span> <span class='ocrx_word' id='word_1_257' title='bbox 812 2710 940 2757; x_wconf 83' lang='lat' dir='ltr'><strong><em>erat.</em></strong></span> <span class='ocrx_word' id='word_1_258' title='bbox 1020 2701 1197 2756; x_wconf 88' lang='lat' dir='ltr'><strong><em>Secuti</em></strong></span> <span class='ocrx_word' id='word_1_259' title='bbox 1218 2700 1524 2773; x_wconf 84' lang='lat' dir='ltr'><strong><em>exemplum</em></strong></span> <span class='ocrx_word' id='word_1_260' title='bbox 1543 2704 1799 2766; x_wconf 81' lang='lat' dir='ltr'><strong><em>veterani,</em></strong></span> 
     </span>
     <span class='ocr_line' id='line_1_34' title="bbox 197 2776 1768 2851; baseline -0.002 -18"><span class='ocrx_word' id='word_1_261' title='bbox 197 2778 341 2833; x_wconf 74' lang='lat' dir='ltr'><strong><em>haud</em></strong></span> <span class='ocrx_word' id='word_1_262' title='bbox 366 2778 535 2833; x_wconf 81' lang='lat' dir='ltr'><strong><em>multo</em></strong></span> <span class='ocrx_word' id='word_1_263' title='bbox 551 2787 671 2851; x_wconf 82' lang='lat' dir='ltr'><strong><em>post</em></strong></span> <span class='ocrx_word' id='word_1_264' title='bbox 690 2780 745 2833; x_wconf 91' lang='lat' dir='ltr'><strong><em>in</em></strong></span> <span class='ocrx_word' id='word_1_265' title='bbox 766 2778 1044 2834; x_wconf 80' lang='lat' dir='ltr'><strong><em>Rhaetism</em></strong></span> <span class='ocrx_word' id='word_1_266' title='bbox 1075 2778 1386 2843; x_wconf 81' lang='lat' dir='ltr'><strong><em>mittuntur,</em></strong></span> <span class='ocrx_word' id='word_1_267' title='bbox 1417 2777 1592 2850; x_wconf 83' lang='lat' dir='ltr'><strong><em>specie</em></strong></span> <span class='ocrx_word' id='word_1_268' title='bbox 1621 2776 1768 2831; x_wconf 59' lang='lat' dir='ltr'><strong><em>detor</em></strong></span> 
     </span>
    </p>
   </div>
  </div>
 </body>
</html>
