2081 3038
282 222 379 277 376
839 228 1313 276 ΑΝΝΑιῐυΜ
1608 219 1751 294 (ru.
1778 234 1876 279 818.

281 334 515 401 spatium
541 331 730 394 oravit,
763 347 891 401 quo,
923 337 1131 384 tantum
1161 329 1369 384 itineris
1398 328 1661 395 aditurus,
1694 328 1879 386 fratres

281 412 401 461 ante
427 412 760 477 matremque
787 405 1006 459 viseret:
1048 404 1291 459 obsidem
1320 406 1519 459 interea
1536 404 1701 461 filiam
1715 405 1881 477 ‘tradit

175 524 180 529 .
282 481 588 552 litterasque
607 479 877 552 supplices
896 480 963 534 ad
983 480 1265 534 Neronem.

391 558 446 611 3⁴
462 597 475 611 .
515 556 587 624 Et,
600 556 895 629 digressus,
918 555 1177 611 Pacorum
1196 553 1341 627 apud
1358 554 1559 620 Medos,
1588 554 1880 631 Vologesen

280 631 563 686 Ecbatanis
603 631 813 702 reperit,
857 647 964 685 non
990 630 1325 684 incuriosum
1356 628 1557 685 fratris:
1589 628 1804 703 'quippe
1830 640 1883 687 et

283 707 511 779 propriis
541 706 745 760 nuntiis
772 722 805 759 a
830 704 1129 759 Corbulone
1155 705 1393 776 petierat,
1426 723 1489 759 ne
1516 724 1671 775 quam
1690 711 1883 776 imaqi-

279 799 396 835 nem
421 784 625 835 servilii
657 782 912 834 Tiridates
947 785 1231 848 perferret.-
1270 798 1369 833 neu
1394 784 1595 849 serrum
1634 786 1879 847 traderet,

280 865 374 911 aut
394 858 663 923 compleaeu
677 859 980 923 provincias
999 858 1335 909 obtinentium
1347 860 1885 927 arceretur-foribusve

281 948 457 987 eorum
473 934 773 985 adsisteret:
815 939 1089 998 tantusque
1109 924 1159 983 ei
1176 930 1381 994 Romae,
1404 940 1629 999 quantus
1654 936 1883 986 consuli—

284 1010 393 1069 bus,
417 1008 580 1059 honor
598 1014 745 1058 esset.
807 1002 1018 1058 Scilicet
1037 1013 1284 1059 externae
1302 1005 1583 1077 superbiae
1603 1014 1755 1061 sueto
1775 1024 1883 1061 non

281 1082 449 1135 inerat
475 1080 657 1135 notitia
683 1080 870 1144 nostri,
911 1078 1056 1151 apud
1076 1097 1213 1151 quos
1235 1079 1317 1135 vis
1347 1081 1561 1151 imperii
1582 1080 1739 1146 valet,
1760 1083 1884 1137 ina-

281 1156 371 1209 nia
388 1154 838 1214 transmittuntur.
1754 1202 1760 1207 .

392 1233 476 1285 32.
503 1228 702 1284 Eodem
725 1246 864 1284 anno
881 1227 1073 1284 Caesar
1092 1230 1331 1286 nationes
1348 1230 1569 1303 Alpium
1586 1231 1885 1285 maritima-

282 1321 404 1358 rum
425 1304 591 1359 iuius
620 1303 755 1358 Latii
774 1301 1062 1365 transtulit.
1140 1305 1401 1377 Equitum
1420 1306 1783 1361 Romanorum
1804 1304 1877 1361 lo-

281 1396 371 1435 cos
391 1379 652 1435 sedilibus
671 1378 844 1451 plebis
865 1381 1165 1451 anteposuit
1184 1378 1327 1452 apud
1345 1381 1567 1435 circum.
1634 1381 1884 1453 Namque

281 1454 349 1508 ad
375 1471 494 1509 eam
521 1453 663 1510 diem
691 1454 963 1511 indiscreti
995 1454 1221 1522 inibant,
1244 1456 1373 1528 quia
1406 1455 1492 1511 lex
1511 1455 1698 1511 Roscia
1717 1456 1879 1522 nihil,

281 1532 388 1584 nisi
426 1530 491 1585 de
529 1530 928 1603 quatuordecim
957 1530 1257 1596 ordinibus,
1298 1531 1493 1586 sanxit.
1573 1530 1882 1604 Spectacula

279 1604 632 1678 gladiatorum
663 1607 804 1661 idem
835 1624 1010 1661 annus
1035 1606 1258 1672 habuit,·
1272 1607 1388 1679 pari
1408 1605 1800 1681 magnificentia
1820 1625 1883 1662 ac

280 1680 476 1752 priora.
535 1680 637 1735 Sed
657 1681 976 1738 seminarum
995 1680 1306 1737 inlustrium
1324 1689 1738 1756 senatorumque
1754 1681 1883 1754 plu-

279 1771 365 1809 res
383 1772 480 1824 per
498 1773 710 1811 arenam
733 1755 922 1813 foedati
941 1763 1087 1812 sunt.

393 1833 478 1885 33.
520 1830 580 1886 C.
602 1830 845 1896 Lecanio,
869 1833 942 1888 M.
965 1831 1172 1886 Licinio
1190 1849 1329 1888 coss.
1356 1831 1553 1889 acriore
1572 1833 1630 1888 in
1647 1832 1764 1890 dies
1783 1850 1883 1889 cu-

280 1903 464 1976 pidine
488 1905 797 1978 adigebatur
815 1907 954 1962 Nero
977 1907 1311 1979 promiscuas
1330 1925 1517 1963 scenas
1536 1907 1882 1981 frequentan-

281 1979 356 2033 di.
410 1981 547 2034 Nam
567 1980 744 2036 adhuc
761 1998 856 2052 per
875 1982 1096 2037 domum
1117 1989 1208 2036 aut
1226 1982 1404 2038 hortos
1424 1983 1701 2050 cecinerat,
1723 1983 1883 2040 iuve-

281 2052 494 2110 nalibus
523 2054 685 2121 ludis,
727 2073 884 2128 quoS,
925 2064 984 2111 ut
1009 2075 1202 2130 parum
1224 2056 1456 2112 celebres
1484 2066 1535 2113 et
1563 2065 1735 2114 tantae
1759 2060 1883 2116 voci

279 2137 552 2203 angustos,
585 2131 881 2202 spernebat.
961 2132 1079 2187 Non
1108 2139 1284 2187 tamen
1302 2133 1499 2188 Romae
1524 2135 1761 2206 incipere
1780 2153 1884 2191 au-

191 2275 196 2282 ·
279 2221 394 2270 sua,
437 2205 735 2276 Neapolim,
775 2206 932 2278 quasi
961 2206 1216 2262 Graecam
1244 2208 1454 2275 urbem,
1496 2208 1715 2284 delegit:
1756 2215 1884 2266 inde

278 2284 486 2334 initium
501 2285 628 2349 sore,
657 2289 713 2335 ut
734 2290 1088 2352 tramyressus
1114 2287 1171 2337 in
1193 2283 1461 2348 Achaiam,
1484 2289 1809 2356 imiqnesque
1830 2296 1884 2342 et

277 2359 568 2423 antiquitus
591 2372 776 2410 sacrae
805 2373 1023 2412 coronas
1050 2361 1281 2426 adeptus,
1311 2363 1507 2414 maiore
1518 2395 1526 2402 ›
1530 2365 1675 2432 [ama
1698 2364 1885 2418 studia

280 2433 469 2483 civium
487 2433 711 2484 eliceret.
751 2429 892 2505 Ergo·
911 2439 1235 2488 contractum
1254 2433 1639 2505 oppidanorum
1651 2434 1897 2509 vulguS,‚

278 2510 330 2556 et
347 2521 484 2573 quos
511 2521 540 2558 e
559 2505 822 2576 proximis
840 2504 1063 2562 coloniis
1085 2514 1135 2561 et
1154 2509 1465 2580 municipiis
1493 2509 1609 2566 eius
1635 2511 1713 2566 rei
1733 2509 1883 2568 fama

278 2577 502 2647 civerat;
562 2580 767 2653 quique
816 2580 1093 2638 Caesarem
1137 2600 1233 2655 per
1278 2583 1531 2640 honorem
1569 2594 1661 2641 aut
1696 2588 1883 2644 varios

278 2667 415 2704 usus
451 2659 733 2720 sectantur,
773 2655 928 2711 etiam
967 2657 1204 2720 militum
1242 2659 1525 2734 manipuli,
1606 2659 1881 2724 theatrum

279 2723 744 2796 Neapolitanorum
759 2731 1042 2806 complent.
1614 2742 1626 2752 ’
