2081 3038
132 193 363 288 A.c.io.)
499 224 507 228 ’
546 219 706 266 mn.
744 221 783 265 1.
826 181 1003 266 cAP.
1045 221 1288 266 τι-τσ,
1659 215 1722 268 45

130 321 360 387 infectae,
402 321 471 378 ab
497 319 704 376 Othone
733 318 799 374 ad
821 317 1098 376 Vitellium
1127 319 1398 390 epistolae,
1438 321 1720 377 offerebant

126 401 389 467 pecuniam
418 405 468 450 et
494 400 723 464 qratiam
751 403 799 447 et
828 412 1178 462 quemcunque
1203 399 1390 462 quietis
1417 399 1581 450 locum
1597 415 1722 464 pro-

130 477 273 541 digae
298 477 437 525 vitae
464 473 681 538 legisset.
760 469 911 524 Paria
932 468 1178 524 Vitellius
1207 469 1515 533 ostentabat,
1549 473 1726 540 primo

132 546 359 609 molliuS,
372 544 825 615 stulta-utrimque
845 552 897 597 et
916 543 1162 615 indecora
1180 543 1547 598 simulatione:
1577 562 1724 612 mox,

130 620 280 694 quasi
307 619 561 684 rixanteS,
602 628 785 689 stupra
812 625 862 672 et
891 616 1088 690 flagitia
1118 618 1350 672 invicem
1369 618 1720 687 obiectavere;

129 704 305 750 neuter
328 693 477 748 falso,
558 691 715 758 Otho,
737 693 1015 757 revocatiS,
1040 710 1178 764 quos
1200 692 1368 749 Galba
1390 694 1624 756 miserat,
1652 692 1726 748 le-

127 771 278 845 gatia,
294 786 485 824 rursus
504 767 635 822 alios
653 767 721 822 ad
740 775 1031 840 utrumque
1039 767 1425 840 Germanicum·
1433 769 1726 823 exercitum

51 891 58 899 .
128 855 176 901 et
195 845 258 900 ad
279 844 539 918 legionem
564 841 797 900 Italicam
817 859 1033 915 easque,
1049 858 1189 914 quae
1203 843 1456 917 Lugduni
1477 843 1722 916 agebant,

127 921 300 992 copias
320 920 497 990 specie
516 928 731 974 senatus
752 919 919 972 misit.
977 919 1159 991 Legati
1181 919 1324 989 apud
1345 917 1619 974 Vitellium
1643 935 1728 974 re·

126 1000 385 1058 mansere,
397 995 717 1066 promptius„
731 1011 897 1065 quam
920 1002 980 1048 ut
997 995 1184 1048 retenti
1203 993 1526 1048 viderentur.
1570 995 1726 1049 Prae-

127 1069 332 1133 toriani,
354 1086 509 1141 quOS,
536 1086 629 1140 per
648 1068 1046 1126 simulationem
1066 1067 1248 1132 officii,
1274 1068 1458 1141 legatis
1475 1067 1726 1134 Othoad-

125 1147 387 1209 iunxerat,
430 1145 663 1208 remissi,
702 1153 989 1216 antequam
1021 1143 1322 1216 legionibus
1355 1145 1724 1199 miscerentur.

123 1220 283 1276 Addit
308 1218 555 1291 epistolas
584 1219 785 1274 Fabius
813 1217 1025 1283 Valens,
1060 1220 1276 1276 nomine
1300 1219 1605 1275 Germanici
1631 1235 1729 1274 ex-
1817 1221 1825 1227 ’

124 1296 339 1359 ercitus,
379 1294 447 1348 ad
474 1295 761 1366 praetorias
792 1302 843 1348 et
869 1294 1103 1350 urbanas
1130 1294 1388 1358 cohortes,
1429 1294 1495 1348 de
1516 1295 1726 1348 viribus

123 1371 357 1442 partium
385 1369 699 1442 magnificas
732 1376 783 1422 et
814 1367 1149 1422 concordiam
1177 1367 1472 1422 offerentes.
1553 1369 1730 1424 Incre-

120 1445 281 1518 pabat
300 1444 458 1509 ultro,
482 1447 618 1514 quod
639 1450 785 1497 tanto
807 1451 927 1498 ante
954 1446 1207 1496 traditum
1237 1442 1437 1496 Vitellio
1457 1446 1728 1510 imperium

121 1526 193 1577 ad
218 1519 465 1577 Othonem
482 1524 769 1575 vertissent.

230 1598 317 1650 75.
360 1595 435 1649 Ita
478 1592 761 1665 promissis
788 1590 955 1645 simul
984 1607 1047 1645 ac
1075 1591 1240 1645 minis
1267 1590 1628 1657 tentabantur,
1669 1602 1728 1646 ut

120 1675 253 1725 bello
276 1675 501 1737 inpares,
522 1673 579 1723 in
593 1684 727 1735 pace
745 1668 877 1719 nihil
894 1670 1160 1721 amissuri.
1231 1666 1420 1738 Neque
1440 1666 1557 1721 ideo
1576 1684 1728 1738 prae·-

120 1746 451 1802 torianorum
481 1741 613 1795 fides
642 1748 859 1795 mutata.
939 1738 1044 1795 Sed
1074 1740 1408 1796 insidiatores
1435 1741 1502 1796 ab
1523 1741 1728 1798 Othone

116 1823 178 1877 in
209 1815 577 1879 Germaniam,
608 1833 639 1869 a
666 1814 878 1871 Vitellio
905 1817 963 1870 in
998 1818 1188 1871 urbem
1221 1816 1396 1871 missi.
1478 1817 1729 1889 Utrisque

117 1896 325 1950 frustra
355 1888 483 1947 fuit:
526 1889 825 1945 Vitellianis
854 1890 1077 1961 inpune,
1109 1909 1204 1963 per
1225 1898 1424 1945 tantam
1442 1886 1724 1946 hominum

117 1964 529 2024 multitudinem
546 1974 735 2021 mutua
757 1966 1051 2037 ignorantia
1074 1966 1406 2022 fallentibus:
1441 1964 1725 2021 Othoniani

115 2043 356 2100 novitate
376 2040 579 2107 vultus,
602 2040 857 2097 omnibus
876 2040 1109 2097 invicem
1129 2042 1331 2115 gnatia,
1347 2040 1722 2113 prodebantur.

113 2117 371 2176 Vitellius
390 2115 590 2171 litteras
610 2115 679 2171 ad
696 2116 987 2179 Titianum,
1012 2115 1225 2171 fratrem
1248 2115 1491 2181 Othonis,
1513 2133 1730 2187 compo-

113 2196 253 2259 suit,
297 2196 517 2247 eoeitium
553 2196 657 2259 ipsi
682 2195 891 2260 filioque
920 2194 1031 2244 eius
1059 2192 1332 2257 minitanS,
1365 2197 1424 2246 m·
1450 2195 1729 2246 incolumes

110 2274 220 2325 sibi
239 2276 410 2323 mater
428 2284 493 2323 ac
515 2270 667 2321 liberi
690 2273 1048 2322 servarentur.
1124 2266 1191 2319 Et
1212 2267 1356 2321 stetit
1371 2266 1565 2321 domus
1585 2274 1730 2320 utra-

112 2360 261 2417 que:
305 2342 410 2397 sub
441 2339 665 2405 Othone,
698 2340 963 2402 incertum
988 2358 1057 2395 an
1080 2348 1254 2397 metu:
1298 2340 1543 2397 Vitellius
1565 2341 1739 2407 victor

111 2418 435 2475 clementiae
452 2416 676 2490 gloriam
698 2416 834 2471 tulit.

230 2496 321 2549 76.
346 2493 561 2547 Primus
571 2490 767 2547 Othoni
788 2490 1039 2547 fiduciam
1061 2490 1262 2547 addidit
1281 2489 1570 2563 exIllyrico
1589 2506 1731 2545 nun—

113 2572 251 2633 tius,
278 2573 481 2623 iurasse
500 2571 558 2623 in
582 2584 694 2621 eum
716 2566 1013 2623 Dalmatiae
1032 2584 1099 2621 uc
1118 2568 1416 2622 Pannoniae
1433 2575 1480 2619 et
1506 2566 1732 2620 Moesiae

112 2650 363 2714 leqiones.
424 2642 569 2697 Idem
590 2659 654 2697 ex
677 2642 932 2713 Hispania
953 2640 1218 2697 adlatum:
1264 2639 1618 2712 laudatusque
1637 2656 1732 2711 per

110 2720 363 2775 edictum
392 2716 619 2775 Cluvius
646 2716 849 2773 Rufus:
892 2724 943 2771 et
968 2718 1146 2773 statim
1173 2717 1448 2791 cognitum
1473 2723 1574 2781 est,
1603 2732 1732 2771 eon·-
