2081 3038
266 208 329 261 lo
742 209 1383 263 HI'STORIARUM
1584 205 1857 281 (A.u.823.

265 313 492 379 fortuna,
523 314 816 371 amicorum
837 316 1151 389 cupiditates
1176 316 1294 389 ipsa
1314 314 1513 372 Galbae
1531 312 1753 371 facilitas
1774 316 1859 372 in-

264 388 531 445 tendebat:
583 407 708 445 cum
745 392 890 464 apud
931 392 1207 447 infirmum
1248 400 1299 448 et
1335 391 1611 448 credulum
1652 392 1859 447 minore

263 473 408 519 metu
429 472 480 519 et
500 466 697 521 maiore
714 468 951 539 praemio
970 477 1289 539 peccaretur.

375 543 455 594 43.
498 541 729 598 Potentia
761 542 1091 614 principatus
1121 542 1293 598 divisa
1320 544 1377 598 in
1403 543 1466 597 T.
1488 541 1711 598 Vinium
1734 560 1858 598 con-

261 614 456 681 sulem,
498 623 549 671 et
585 617 892 673 Cornelium
931 618 1194 673 Laconem·
1232 618 1479 689 praetorii
1510 615 1853 691 praefectum.

262 690 372 745 Nec
409 691 583 747 minor
619 694 786 766 gratia
827 690 980 757 Icel0‚
1013 692 1214 749 Galbae·
1242 693 1444 758 liberto,
1486 710 1649 765 quem
1679 690 1859 747 anulis

262 765 536 832 donatum,
557 768 792 839 equestri
819 769 1034 823 nomine
1055 769 1374 823 Mattianum
1395 768 1712 825 vocitabant.
1790 768 1857 821 Hi

259 840 550 907 discordes,
593 849 643 897 et
669 842 829 897 rebus
857 840 1157 899 minoribus
1184 843 1287 898 sibi
1310 845 1545 915 quisque
1563 842 1855 904 tendentes,

262 916 400 970 circa
431 915 716 971 consilium
745 916 976 990 eligendi
1005 920 1327 973 successoris
1354 921 1410 972 in
1442 918 1576 973 duas
1606 916 1857 973 factiones

261 991 655 1047 scindebantur.
734 992 928 1047 Vinius
967 1008 1065 1063 pro
1109 992 1181 1048 Μ.
1224 992 1455 1049 Othone:
1524 994 1661 1048 Laco
1698 1002 1858 1065 atque

261 1066 432 1121 Icelus
480 1083 741 1121 consensu
793 1084 896 1122 non
942 1075 1049 1121 tam
1102 1086 1274 1123 unum
1312 1068 1546 1141 aliquem
1588 1068 1850 1133 fovebant,

261 1157 426 1212 quam
446 1139 632 1195 alium.
713 1142 898 1213 Neque
918 1151 1028 1197 erat
1049 1141 1248 1198 Galbae
1266 1144 1445 1217 ignota
1465 1141 1689 1199 Othonis
1708 1161 1769 1198 ac
1788 1142 1852 1198 Τ.

259 1216 405 1271 Vinii
427 1216 658 1270 amicitia
675 1234 687 1278 ς
711 1226 763 1271 et
781 1218 1089 1273 rumoribus
1110 1216 1245 1273 nihil
1267 1218 1476 1275 silentio
1493 1226 1570 1273 tra
1578 1220 1857 1274 nsmitten-

259 1291 395 1344 tium
415 1289 562 1361 (quia
583 1291 740 1346 Vinio
759 1292 921 1348 vidua
941 1292 1070 1357 filia,
1099 1292 1306 1349 caelebs
1326 1292 1480 1365 Otho)
1502 1310 1665 1368 gener
1690 1311 1751 1349 ac
1770 1312 1855 1349 so-

260 1383 346 1419 cer
365 1366 783 1422 destinabantur.
865 1367 1031 1423 Credo
1058 1374 1108 1423 et
1126 1370 1257 1441 reip.
1281 1386 1462 1423 curam
1486 1369 1716 1434 subisse,
1742 1368 1855 1423 fru-

259 1450 366 1495 stra
394 1459 424 1495 a
442 1442 650 1497 Nerone
679 1442 974 1508 translatae,
1008 1444 1055 1498 si
1087 1444 1229 1515 apud
1248 1442 1508 1499 Othonem
1529 1444 1857 1517 relinquere-

260 1527 366 1573 tur.
415 1518 662 1592 Namque
679 1516 818 1574 Otho
836 1521 1119 1591 pueritiam
1140 1521 1424 1585 incuriose,
1448 1519 1851 1576 adolescentiam

259 1593 556 1664 petulanter
599 1603 791 1668 egerat,
831 1604 1015 1669 gratus
1052 1595 1247 1651 Neroni
1285 1595 1633 1650 aemulatione
1668 1595 1850 1651 luxus.

257 1669 445 1740 quue
463 1669 570 1723 iam
593 1670 888 1741 Poppaeam
907 1670 1179 1735 Sabinam,
1207 1670 1497 1743 principale
1518 1679 1771 1737 scortum,
1793 1679 1856 1726 ut

258 1743 402 1815 apud
421 1745 693 1800 conscium
717 1745 1021 1811 libidinum,
1044 1746 1375 1816 deposuerat,
1398 1745 1564 1802 donec
1579 1745 1852 1801 Octaviam

259 1835 480 1873 uxorem
499 1819 822 1875 amoliretur.
865 1821 988 1876 Mox
1008 1829 1317 1892 suspectum
1338 1823 1395 1877 in
1414 1821 1593 1876 eadem
1615 1822 1852 1893 Poppaea

257 1895 315 1948 in
336 1895 664 1966 provinciam
686 1895 1034 1961 Lusitaniam,
1068 1897 1243 1967 specie
1274 1895 1567 1971 legationis,
1593 1899 1848 1967 seposuit.

259 1966 415 2035 Otho,
440 1969 658 2026 comiter
677 1970 1038 2026 administrata
1061 1971 1350 2041 provincia,
1372 1973 1581 2042 primus
1601 1973 1655 2026 in
1677 1980 1853 2043 partes

256 2053 643 2118 transgressus,
675 2061 774 2099 nec
801 2047 1001 2119 segniS,
1031 2054 1108 2111 et,
1138 2047 1304 2101 donec
1330 2045 1532 2102 bellum
1564 2045 1681 2111 fuit,
1716 2048 1855 2100 inter

256 2129 560 2193 praesentes
587 2119 1075 2192 splendidissimus,
1118 2137 1268 2192 spem
1307 2121 1602 2194 adoptionis
1617 2165 1631 2189 ,
1672 2123 1851 2177 statim

258 2205 582 2267 conceptam,
599 2196 788 2250 ⁴acrius
816 2197 873 2250 in
899 2194 1014 2250 dies
1036 2195 1297 2268 rapiebat:
1341 2195 1641 2253 faventibus
1660 2196 1856 2269 pleris-

258 2289 367 2344 que
384 2271 639 2336 militum,
663 2287 826 2342 prona
850 2273 902 2325 in
925 2288 1049 2326 eum
1070 2270 1192 2326 aula
1212 2272 1456 2336 Neronis,
1480 2279 1540 2326 ut
1557 2271 1811 2328 similem.

370 2349 452 2400 44.
493 2345 596 2400 Sed
616 2345 802 2411 Galba,
828 2355 946 2416 post
964 2347 1179 2401 nuntios
1190 2345 1535 2402 Germanicae
1554 2347 1851 2414 seditioniS,

259 2437 589 2492 quamquam
613 2420 748 2476 nihil
769 2421 945 2477 adhuc
963 2421 1249 2476 deVitellio
1266 2430 1489 2487 certum,
1502 2423 1698 2477 anxius
1718 2439 1856 2494 quo-

256 2512 381 2548 nam
403 2496 730 2550 exercituum
757 2497 836 2550 vis
858 2503 1176 2566 erumperet,
1200 2513 1266 2550 ne
1286 2497 1489 2553 urbano
1508 2497 1729 2570 quidem
1748 2498 1850 2551 m‘i-

258 2567 337 2621 liti
364 2569 615 2634 confisuS,
647 2571 790 2642 quod
812 2571 1106 2626 remedium
1135 2572 1357 2626 unicum
1377 2572 1609 2637 rebatur,
1642 2571 1853 2627 comitia

257 2642 473 2711 imperii
491 2646 764 2717 transigit:
807 2645 1045 2701 adhibito
1084 2662 1169 2709 ue,
1195 2647 1586 2718 superVinium
1607 2660 1669 2701 ac
1685 2647 1855 2701 Laco-

259 2730 402 2782 nem,
433 2717 599 2773 Mario
619 2717 790 2784 Celso,
818 2719 1037 2775 consule
1092 2721 1345 2794 esignato,
1375 2739 1436 2777 ac
1454 2721 1727 2777 Ducennio
1745 2719 1849 2776 Ge·-
