2081 3038
211 269 334 309 mc.
363 263 458 325 52.)
606 261 762 315 ΜΒ.
810 263 938 309 xn.
979 265 1158 311 car.
1198 249 1294 312 46)
1336 265 1418 310 47.
1718 257 1820 313 2¹73
1876 301 1905 322 ,

213 367 324 418 eius
347 366 408 417 in
423 365 755 418 matrimonio
772 367 980 419 haberet
987 386 1007 434 ;
1044 369 1307 445 quodjpso
1324 364 1659 421 Rhadamisto
1672 382 1822 420 socer

213 447 356 492 esset.
431 437 552 494 Non
567 440 792 494 abnuere
807 455 988 508 pacem
1006 441 1198 504 Iberos,
1222 457 1535 511 quamquam
1551 445 1822 510 intempo-

212 531 270 584 re
287 516 601 582 validiorem
639 523 689 569 et
712 518 844 570 satis
863 520 1121 584 coquitam
1144 514 1505 571 Armeniorum
1514 518 1821 587 perfidiam,-

211 605 306 643 που
333 591 487 644 aliud
509 591 746 654 subsidii,
787 607 946 659 quam
965 593 1259 654 castellum,
1294 599 1575 647 commotu
1594 608 1820 661 egenum.

215 665 294 720 Ne
313 666 580 719 dubitaret
601 668 768 720 amnis
789 669 1095 722 incruentas
1126 669 1442 722 conditiones
1465 669 1649 721 mlle:
1688 683 1824 722 cun-

215 745 388 794 ctante
411 737 481 793 ad
503 755 564 793 ea
591 739 914 806 Mithridate,
937 749 989 796 et
1007 741 1273 814 suspectis
1290 737 1540 814 praefecti
1560 738 1819 806 consiliis,

216 813 364 888 quod
390 812 640 886 pellicem
667 815 870 888 regiam
899 815 1178 888 polluerat,
1207 818 1375 890 inque
1397 832 1614 874 omnem
1642 813 1827 870 libidi-

217 906 342 945 nem
363 887 574 946 venalis
602 889 916 947 habebatur.
996 891 1282 965 Casperius
1302 891 1516 948 interim
1537 890 1605 946 ad
1625 889 1827 945 Phara-

219 982 445 1021 smanen
472 964 734 1036 pervadit,
766 975 933 1040 utque
960 966 1101 1023 Iberi
1128 965 1336 1025 obsidio
1359 967 1633 1033 decedant,
1661 982 1828 1038 expo-

219 1039 400 1096 stulat.
479 1039 576 1095 Ille
603 1039 878 1113 propalam
907 1043 1127 1109 incerta,
1158 1050 1209 1098 et
1236 1044 1452 1116 saepius
1480 1041 1723 1100 molliora
1741 1057 1825 1097 re-

220 1115 511 1189 spondens,
543 1116 759 1172 secretis
787 1118 992 1182 nuntiis
1019 1126 1199 1173 monet
1225 1118 1631 1174 Rhadamistum
1650 1134 1827 1191 oppu-

219 1193 527 1266 gnationem
573 1209 794 1264 quoquo
841 1192 998 1248 modo
1037 1191 1283 1249 celerare.
1361 1196 1445 1249 Au
1484 1203 1601 1250 etur
1638 1191 1827 1269 flagitii

201 1285 446 1333 merces,
469 1274 520 1322 et
537 1265 707 1324 Pollio
725 1267 927 1323 occulta
951 1268 1286 1340 corruptione
1306 1268 1447 1342 inpel
1472 1271 1513 1324 it
1535 1269 1753 1335 milites,
1766 1275 1827 1324 ut

220 1359 408 1415 pacem
439 1341 753 1417 flagitarent,
782 1360 950 1416 seque
970 1343 1239 1416 praesidio
1258 1343 1493 1400 abituros
1514 1345 1827 1400 minitaren-

222 1428 326 1474 tur.
409 1416 526 1484 Qua
553 1418 864 1474 necessitate
887 1417 1221 1476 Mithridates
1250 1418 1393 1474 diem
1413 1419 1698 1492 locumque
1718 1417 1828 1474 foe-

220 1494 334 1550 deri
355 1493 575 1567 accepit‚
599 1493 920 1569 castelloque
939 1493 1229 1571 egreditur.

334 1572 419 1626 47.
461 1570 541 1625 Ac
565 1570 742 1643 primo
769 1570 1151 1627 Rhadamistus
1176 1569 1235 1625 in
1254 1568 1535 1642 amplexus
1555 1570 1672 1625 eius
1694 1568 1831 1625 effu-

219 1664 338 1713 suS,
369 1644 629 1701 simulare
653 1646 999 1720 obsequium,
1024 1664 1262 1703 socerum
1285 1662 1347 1701 ac
1361 1655 1629 1715 parentem
1647 1640 1830 1719 adpel-

221 1722 349 1777 lare.
432 1720 632 1777 Adiicit
647 1722 1050 1788 iusiurandum,
1082 1739 1187 1785 non
1204 1727 1366 1793 ferm,
1388 1739 1492 1777 non
1514 1739 1705 1777 veneno
1723 1727 1831 1777 vim

218 1800 554 1855 adlaturum:
593 1796 761 1852 simul
781 1798 840 1853 in
858 1796 1044 1855 lucum
1062 1798 1430 1871 propinquum
1449 1796 1628 1863 trahit,
1644 1802 1830 1867 provi-

217 1890 334 1929 sum
353 1876 468 1929 illic
487 1876 809 1943 sacrificium
829 1878 1138 1945 imperatum
1148 1872 1415 1939 dictitans,
1428 1877 1601 1929 utdiis
1618 1876 1831 1928 testibus

215 1967 332 2018 pam
351 1942 672 2019 limaretur.
749 1946 864 2004 Mos
893 1955 974 2003 est
999 1948 1239 2023 regibus,
1260 1948 1509 2023 quotiens
1526 1949 1586 2003 in
1610 1948 1831 2003 societa-

221 2034 328 2079 tem
347 2031 558 2089 coeant,
579 2020 838 2097 inplicare
857 2022 1066 2079 dextras
1082 2066 1097 2090 ,
1126 2022 1455 2097 pollicesque
1472 2024 1612 2078 inter
1628 2038 1691 2077 se
1708 2022 1833 2079 vin-

219 2102 375 2166 cire,
392 2098 640 2171 nodoque
665 2100 1078 2173 praestringere:
1122 2116 1275 2167 mox,
1307 2098 1404 2155 ubi
1430 2096 1653 2172 sanguis
1680 2103 1831 2152 artus

221 2184 490 2231 extremos
517 2170 801 2231 suffuderit
815 2217 828 2241 ,
871 2174 978 2230 levi
1001 2174 1114 2230 ictu
1140 2192 1385 2231 cruorem
1421 2172 1643 2230 eliciunt
1671 2180 1832 2244 atque

219 2252 456 2309 invicem
478 2248 742 2306 lambunt.
821 2248 882 2304 Id
901 2248 1086 2305 foedus
1106 2266 1359 2306 arcanum
1386 2248 1613 2305 habetur
1626 2289 1640 2313 ,
1672 2248 1833 2319 quasi

223 2335 412 2383 mutuo
431 2342 621 2382 cruore
639 2332 924 2381 sacratum.
1002 2324 1108 2380 Sed
1128 2333 1255 2381 tunc
1271 2368 1287 2391 ,
1308 2325 1404 2397 qui
1424 2341 1485 2380 ea
1504 2321 1720 2381 vincula
1738 2322 1834 2378 ad-

223 2402 500 2469 movebat,
529 2401 794 2458 decidisse
812 2398 1078 2457 simulans
1092 2443 1105 2467 ,
1129 2417 1313 2531 penna
1332 2398 1653 2457 Mithridatis
1680 2397 1834 2455 inva-

220 2477 316 2545 dit,
328 2481 628 2551 ipsumque
645 2476 958 2550 prosternit:
981 2475 1127 2532 simu
1150 2493 1277 2548 que,
1288 2492 1553 2531 concursu
1566 2473 1806 2546 plurium
1817 2516 1830 2539 ,

221 2554 547 2609 inficiuntur
565 2560 806 2608 catenae:
831 2568 894 2607 ac
910 2550 1166 2625 compede
1183 2549 1349 2625 (quod
1373 2548 1691 2605 dedecorum
1710 2549 1835 2604 bar-

221 2628 388 2703 baris)
407 2627 745 2683 trahebatur:
776 2643 1014 2701 moxque
1032 2627 1233 2702 vulgus
1250 2669 1263 2693 ,
1285 2624 1421 2681 duro
1438 2626 1664 2698 imperio
1678 2626 1836 2683 habi-

219 2712 338 2757 tum
357 2747 369 2771 ,
403 2703 600 2775 probra
631 2720 694 2759 ac
719 2703 938 2759 verbera
967 2703 1275 2758 intentabat.
1354 2700 1423 2754 Et
1452 2709 1601 2758 erant
1631 2711 1831 2769 contra,

219 2779 322 2851 qui
373 2786 578 2835 tantam
628 2776 868 2834 fortunae
916 2779 1419 2896 commutationem,q
1433 2778 1831 2834 miserarentur.

297 2854 517 2911 Tacitus
561 2854 600 2909 1.
1382 2885 1409 2905 ι.
