2081 3038
270 215 272 218 >
337 199 402 252 46
597 193 606 206 ’
815 199 1467 256 ῌιετοιιιΔΒυιι
1665 189 1943 263 (ι.σ.823.

339 319 548 358 versam
576 300 646 358 ad
669 300 945 358 Vitellium
975 301 1307 372 Hispaniam.
1388 301 1466 354 Ne
1495 297 1782 371 Aquitania
1815 301 1951 372 qui-

335 379 479 444 dem,
500 394 830 450 quamquam
854 394 892 432 a
904 376 1040 431 lulio
1060 375 1263 431 Cordo
1248 393 1305 430 m
1323 375 1483 429 verba
1506 373 1729 430 Othonis
1746 374 1949 431 obstri-

335 462 437 518 cta,
479 451 575 506 diu
601 453 818 508 mansit.
898 453 1182 522 Nusquam
1212 449 1343 504 fides
1368 457 1459 504 aut
1484 467 1661 518 amor;
1708 459 1853 504 metu
1882 467 1947 504 ac

338 530 648 584 necessitate
668 527 777 582 huc
797 526 926 586 illuc
944 525 1308 580 mutabantur.
1348 523 1549 578 Eadem
1570 523 1797 579 formido
1817 542 1947 597 pro-

337 602 571 659 vinciam
599 601 997 656 Narbonensem
1025 599 1095 654 ad
1112 598 1385 655 Vitellium
1406 600 1579 664 vertit,
1602 597 1744 653 facili
1766 607 1947 654 trans-

335 680 414 733 itu
436 676 502 732 ad
523 679 796 748 proximos
815 683 868 730 et
886 674 1188 731 validiores.
1246 674 1593 747 Longinquae
1610 674 1939 744 provinciae,

336 760 388 807 et
417 751 684 824 quidquid
711 767 982 805 armorum
1011 750 1149 804 mari
1177 749 1470 814 dirimitur,
1490 765 1653 820 penes
1674 747 1942 804 Othonem

337 826 652 881 manebant.
703 843 810 880 non
841 825 1075 896 partium
1100 823 1305 892 studic;
1347 823 1443 877 sed
1469 831 1578 877 erat
1602 822 1806 897 grande
1825 841 1944 879 mo-

337 909 580 956 mentum
605 900 662 955 in
692 901 910 955 nomine
937 899 1089 953 urbis
1120 916 1181 953 ac
1199 906 1472 970 praetextu
1490 907 1737 953 senatus:
1780 905 1833 952 et
1852 916 1943 954 oc—

337 983 623 1047 cupaverat
640 975 848 1028 animos
867 975 1012 1046 prior
1029 973 1267 1028 auditus,
1346 973 1623 1027 Iudaicum
1644 973 1937 1029 exercitum

337 1051 729 1120 Vespasianus,
781 1047 967 1121 Syriae
1013 1047 1249 1122 legiones
1291 1048 1573 1102 Mucianus
1612 1059 1942 1104 sacramento

339 1123 564 1179 Othonis
585 1123 825 1196 adegere.
875 1121 1050 1177 Simul
1071 1122 1348 1196 Aegyptus
1366 1139 1662 1194 omnesque
1677 1140 1865 1178 versae
1883 1125 1942 1178 in

338 1197 608 1252 Orientem
637 1198 943 1268 provinciae
969 1198 1187 1253 nomine
1224 1198 1341 1252 eius
1380 1197 1711 1253 tenebantur.
1794 1198 1939 1253 Idem

337 1271 546 1327 Africae
582 1272 926 1345 obsequium,
966 1273 1123 1328 initio
1150 1290 1179 1326 a
1206 1271 1524 1345 Carthagine
1542 1281 1673 1328 orto·
1754 1273 1943 1345 Neque

339 1355 636 1418 exspectata
654 1348 898 1419 Vipstani
916 1347 1230 1418 Aproniani,
1244 1346 1598 1418 proconsuliS,
1612 1349 1938 1413 auctoritate,

338 1423 614 1489 Crescens,
635 1423 860 1478 Neronis
881 1421 1106 1478 libertus
1120 1420 1266 1494 (nam
1286 1429 1338 1477 et
1355 1421 1413 1476 hi
1434 1421 1589 1478 malis
1610 1422 1942 1492 temporibus

339 1507 540 1572 partem
553 1515 611 1553 se
629 1497 952 1569 reipublicae
967 1495 1186 1571 faciunt)
1196 1495 1417 1569 epulum
1428 1497 1591 1569 plebi,
1605 1497 1674 1553 ob
1687 1495 1942 1553 laetitiam

339 1575 563 1629 recentis
592 1574 834 1645 imperii,
875 1572 1161 1637 obtulerat,
1203 1579 1254 1627 et
1279 1572 1511 1645 populus
1540 1571 1799 1661 pleraque
1826 1574 1944 1628 sine

341 1648 499 1704 modo
518 1647 802 1704 festinavit.
835 1648 1209 1721 CarthagInem
1230 1657 1429 1702 ceterae
1448 1648 1688 1702 civitates
1708 1656 1937 1703 secutae.

339 1722 428 1779 Sic
446 1722 711 1777 distractis
735 1724 1059 1777 exercitibus
1077 1740 1141 1777 ac
1156 1723 1467 1794 provinciis,
1488 1721 1700 1778 Vitellio
1718 1718 1941 1795 quidem

347 1797 412 1851 ad
439 1798 816 1869 capessendam
847 1798 1179 1885 principatus
1197 1796 1463 1853 fortunam
1484 1792 1623 1852 bello
1638 1814 1779 1885 opus
1800 1806 1938 1867 erat3

447 1874 533 1927 77.
577 1872 732 1937 Otho,
767 1874 901 1928 utin
922 1872 1091 1927 multa
1111 1889 1258 1943 pace,
1290 1874 1475 1927 munia
1498 1872 1711 1943 imperii
1730 1872 1941 1929 obibat:

337 1948 601 2020 quaedam
633 1965 698 2001 ex
727 1947 982 2020 dignitate
1009 1947 1353 2018 reipublicae,
1376 1946 1631 2019 pleraque
1648 1956 1831 2001 contra
1850 1948 1947 2003 de-

339 2040 435 2077 cus
455 2040 522 2077 ex
541 2022 804 2093 praesenti
824 2040 928 2077 usu
951 2022 1301 2094 properando.
1369 2021 1567 2077 Consul
1587 2038 1713 2076 cum
1733 2022 1948 2079 Titiano

340 2095 497 2152 fratre
525 2098 582 2151 in
611 2095 835 2151 Kalend.
865 2098 1079 2151 Martias
1100 2100 1246 2168 ipse:
1288 2099 1561 2169 proximos
1580 2114 1795 2152 menses
1811 2098 1949 2153 Ver-

337 2172 486 2245 ginio
513 2171 760 2236 destinat,
792 2179 852 2225 ut
877 2171 1097 2243 aliquod
1126 2172 1394 2227 exercitui
1406 2172 1721 2228 Germanico
1748 2171 1947 2228 delini-

341 2253 600 2300 mentum.
651 2246 898 2318 Iungitur
915 2246 1171 2321 Verginio
1189 2247 1463 2319 Poppaeus
1481 2248 1766 2319 Vopiscus,
1788 2265 1946 2319 prae-

339 2328 484 2375 textu
507 2320 700 2375 veteris
719 2321 1012 2389 amicitiae3
1020 2289 1317 2393 ‘’plerique‚
1341 2322 1731 2377 Viennensium
1752 2322 1946 2379 honori

337 2396 542 2461 datum,
576 2395 1077 2467 interpretabantur.
1155 2396 1325 2451 Ceteri
1355 2395 1663 2453 consulatus
1690 2414 1761 2452 ex
1778 2397 1947 2452 desti-

339 2471 549 2525 natione
576 2470 801 2526 Neronis
829 2478 922 2525 aut
948 2470 1150 2526 Galbae
1175 2488 1436 2536 mansere,
1470 2470 1647 2527 Caelio
1674 2488 1737 2526 ac
1756 2472 1949 2527 Flavio

338 2544 552 2599 Sabinis
570 2548 628 2600 in
649 2545 832 2611 iulias,
864 2545 1020 2601 Arrio
1044 2545 1312 2601 Antonino
1330 2556 1381 2601 et
1404 2547 1571 2602 Mario
1596 2545 1788 2601 Celso
1772 2564 1830 2602 ιιι
1854 2547 1951 2603 Se-

338 2619 636 2703 ptembres:
677 2638 911 2692 quorum
939 2619 1128 2676 honori
1156 2638 1224 2675 ne
1250 2621 1495 2677 Vitellius
1524 2620 1749 2693 quidem
1778 2625 1951 2678 victor

339 2691 652 2748 intercessit.
717 2693 820 2749 Sed
841 2694 979 2751 Otho
996 2694 1335 2766 pontificatus
1354 2704 1761 2779 auguratusque
1778 2696 1955 2753 hono-
