2081 3038
286 230 383 288 ⁴72
850 239 1026 287 ΑΝΝ
1049 237 1262 317 Anto
1279 243 1326 286 m
1614 232 1684 306 (A.
1711 253 1760 288 u.
1787 244 1898 290 ⁷79.

282 338 634 404 ostentabant,
672 338 991 412 bellumque
1026 339 1367 414 impeditum,
1409 339 1660 408 arduum,
1696 359 1903 410 cruenr

282 424 400 472 tum
424 411 829 485 minitabantur.
1773 416 1778 427 “
1853 462 1880 488 ‚.

394 493 483 548 47..
516 489 585 545 At
602 487 855 556 Sabinus,
875 490 1048 548 donec
1068 492 1334 548 exercitus
1351 492 1408 548 in
1430 509 1604 548 unum
1625 491 1897 560 conduce-

285 575 379 632 ret,
392 565 531 621 datis
541 565 765 622 mitibus
774 566 1068 638 responsis,
1079 575 1366 639 postquam
1374 567 1702 640 Pomponius
1710 567 1894 626 Labeo

282 658 313 696 e
332 641 529 700 Moesia
558 658 683 697 cum
708 639 935 714 legione,
969 658 1066 698 rex
1087 641 1488 702 Rhoemetalces
1514 659 1642 698 cum
1665 642 1892 701 auxiliis

282 715 645 788 popularium,
659 716 757 788 qui
776 715 936 772 {idem
962 733 1074 775 non
1097 726 1449 783 mutaverant,
1475 735 1685 784 venere,
1707 717 1889 774 addita

280 793 548 865 praesenti
568 791 738 862 copia,
764 791 833 846 ad
850 792 1060 848 hostem
1077 794 1273 866 pergit,
1285 794 1641 864 compositum
1659 794 1768 850 iam
1789 810 1890 864 per

282 867 559 940 angustias
576 865 833 922 saltuum.
913 866 1146 934 Quidam
1173 867 1458 924 audentius
1481 869 1680 940 apertis
1697 871 1756 924 in
1775 868 1890 924 col-

284 939 427 997 libus
451 941 783 998 visebantur:
809 960 949 1013 quos
964 942 1082 1000 dux
1098 944 1392 1009 Romanus,
1405 945 1519 1002 acie
1535 960 1882 1018 suggressus,

282 1016 430 1072 haud
454 1033 611 1089 aegre
640 1016 865 1088 pepulit,
896 1019 1163 1091 sanguine
1187 1017 1538 1074 barbarorum
1563 1019 1791 1086 modico,
1813 1019 1886 1078 ob

282 1091 585 1163 propinqua
608 1091 859 1164 suffugia.
938 1093 1068 1149 Mox
1101 1095 1290 1149 castris
1311 1095 1370 1148 in
1401 1093 1513 1163 loco
1535 1095 1885 1152 communitis

287 1165 457 1220 valida
500 1183 665 1220 manu
704 1174 937 1222 montem
974 1177 1218 1240 occupat,
1259 1177 1550 1242 angustum
1585 1177 1640 1224 et
1669 1168 1884 1242 aequali

280 1241 439 1296 dorso
458 1241 773 1296 continuum
795 1258 971 1313 usque
987 1242 1058 1298 ad
1075 1241 1387 1316 proximum
1407 1243 1708 1312 castellum,
1735 1244 1885 1316 quod

284 1331 478 1389 magna
508 1316 593 1374 vis
618 1324 839 1382 armata,
870 1326 963 1373 aut
993 1318 1285 1384 incondita,
1317 1319 1590 1376 tuebatur:
1631 1319 1796 1378 simul
1824 1321 1883 1374 in

284 1389 664 1456 ferocissimos,
696 1391 794 1463 qui
823 1400 945 1449 ante
970 1391 1198 1460 vallum,
1221 1411 1371 1450 more
1397 1395 1592 1468 gentis,
1615 1412 1740 1452 cum
1765 1412 1882 1450 car-

281 1465 522 1523 minibus
540 1473 593 1523 et
611 1466 861 1539 tripudiis
877 1468 1264 1540 persultabant,
1287 1470 1449 1527 mittit
1467 1469 1698 1541 delectos
1717 1471 1883 1544 sagit-

282 1544 555 1599 tariorum.
637 1543 678 1597 li
706 1542 838 1599 dum
866 1545 1080 1599 eminus
1103 1546 1503 1619 grassabantur,
1525 1546 1708 1606 crebra
1727 1554 1778 1603 et
1795 1547 1884 1601 in-

279 1618 389 1673 ulta
421 1616 643 1673 vulnera
673 1617 866 1688 fecere;
906 1621 1133 1691 propius
1160 1621 1464 1679 incedentes
1489 1622 1766 1694 eruptione
1785 1640 1882 1677 su-

280 1693 388 1747 bita
417 1693 613 1748 turbati
640 1702 788 1759 sunt,
819 1696 1124 1769 receptique
1156 1696 1402 1753 subsidio
1426 1696 1756 1771 Sugambrae
1786 1714 1882 1753 co·-

279 1767 467 1832 hortis,
487 1784 655 1840 quam
673 1768 947 1825 Romanus
964 1780 1270 1843 promptam
1289 1771 1358 1827 ad
1375 1771 1634 1844 pericula,
1655 1789 1756 1840 nec
1775 1774 1892 1841 mi·-

278 1859 384 1897 nus
405 1850 659 1899 cantuum
680 1851 733 1897 et
750 1861 1023 1901 armorum
1043 1846 1280 1905 tumultu
1289 1855 1515 1914 trucem,
1528 1846 1674 1905 haud
1691 1846 1878 1920 procul

278 1918 618 1973 instruxerat.

385 1996 473 2049 48.
516 1992 787 2050 Translata
807 1993 1002 2059 dehinc
1019 2005 1190 2053 castra
1209 1998 1416 2055 bostem
1432 2006 1666 2071 propter,
1679 1997 1880 2055 relictis

276 2067 423 2140 apud
440 2068 618 2140 priora
636 2070 970 2125 munimenta
980 2071 1296 2140 Thracibus,
1309 2092 1447 2148 quos
1469 2074 1625 2131 nobis
1641 2073 1880 2141 adfuisse

279 2144 597 2202 memoravi:
642 2144 820 2217 iisque
846 2148 1173 2216 permissum
1200 2158 1425 2215 vastare,
1463 2166 1636 2216 urere,
1671 2148 1882 2205 trahere

276 2218 519 2290 praedm,
530 2219 662 2277 dum
685 2218 956 2291 populatio
978 2221 1151 2278 lucem
1169 2225 1307 2283 intra
1326 2224 1621 2291 sisteretur,
1642 2232 1882 2279 noctem-

275 2310 386 2366 que
407 2294 466 2349 in
484 2294 672 2351 castris
698 2303 860 2355 tutam
883 2304 934 2351 et
954 2297 1174 2370 vigilem
1194 2308 1546 2371 capesserent.
1623 2299 1682 2357 Id
1699 2300 1882 2371 primo

274 2376 575 2427 servatum:
638 2385 765 2427 mox
804 2371 943 2427 versi
982 2372 1042 2430 in
1078 2371 1292 2440 luxum,
1329 2383 1384 2429 et
1419 2375 1588 2447 raptis
1613 2373 1876 2447 opulenti,

273 2444 515 2499 omittere
532 2445 801 2510 stationeS,
828 2444 1047 2502 lascivia
1069 2448 1349 2519 epularum
1370 2456 1462 2505 aut
1480 2467 1671 2507 somno
1689 2448 1882 2505 etvino

274 2518 643 2588 procumbere.
720 2521 889 2594 Igitur
918 2520 1115 2589 hostes,
1146 2524 1352 2581 incuria
1377 2542 1564 2581 eorum
1585 2532 1878 2597 comperta,

273 2592 381 2647 duo
410 2594 625 2666 agmina
656 2603 869 2666 parant3
911 2613 1144 2668 quorum
1172 2598 1335 2655 altero
1358 2599 1695 2673 populatore’s
1721 2600 1882 2656 inva-

272 2666 541 2733 derentur,
572 2668 665 2724 alii
688 2678 857 2727 castra
875 2672 1114 2728 Romana
1132 2672 1518 2747 adpugnare'nt,
1540 2693 1646 2731 non
1665 2692 1763 2748 spe
1788 2693 1883 2731 ca-

272 2739 475 2810 piendi,
506 2742 603 2805 sed
626 2753 687 2799 ut
714 2744 962 2823 clamore,
990 2747 1132 2813 telis,
1159 2764 1262 2805 suo
1277 2750 1516 2822 quisque
1531 2749 1772 2823 periculo
1793 2751 1882 2807 in-
