2081 3038
218 189 267 227 A.
290 187 340 227 c.
365 168 465 245 το.)
629 177 790 223 mn.
827 174 921 224 lv.
963 176 1141 223 car.
1183 177 1423 224 20—22.
1720 170 1819 223 483

216 285 360 337 viam
385 284 700 334 inventuros.
779 276 1123 332 Cunctantem
1152 275 1385 350 legatum
1406 276 1603 333 milites
1623 294 1823 351 perpu-

221 354 407 418 lerant,
431 353 698 409 fortunam
716 351 902 423 proelii
924 353 1271 423 experiretur.
1323 354 1443 407 Tria
1466 352 1634 408 millia
1658 354 1825 427 legio-

222 432 492 485 nariorum
533 437 584 483 et
621 427 998 483 tumultuariae
1033 426 1317 501 Belgarum
1357 428 1614 491 cohortere,
1656 427 1820 484 simul

221 522 549 577 paganorum
583 502 968 575 lixarumque
952 520 1167 577 ignava,
1198 502 1292 557 sed
1317 520 1514 574 procax
1540 514 1661 558 ante
1681 506 1825 576 peri-

221 580 426 642 culum,
460 597 672 643 manus,
702 578 958 634 omnibus
985 580 1151 650 portis
1179 586 1489 650 erumpunt,
1522 588 1583 633 ut
1601 580 1823 635 Batavos

223 673 446 711 numero
465 656 678 726 inpares
698 653 1147 709 circumfundant.
1227 653 1331 719 Illi,
1356 664 1558 709 veteres
1578 655 1821 718 militiae,

223 732 278 786 in
300 748 498 787 cuneos
525 738 934 803 congregantur,
965 729 1121 784 densi
1140 729 1384 801 undique
1402 738 1455 785 et
1476 728 1699 785 frontem
1720 738 1822 783 ter·

221 824 398 879 gaque
416 822 478 861 ac
497 805 636 861 latus
655 806 773 860 tuti.
853 803 942 859 Sic
958 814 1174 861 tenuem
1196 815 1496 861 nostrorum
1516 806 1682 860 aciem
1704 822 1825 877 per-

223 883 482 955 fringunt.
562 880 886 936 Cedentibus
905 879 1102 955 Belgis,
1126 880 1343 952 pellitur
1368 880 1523 955 legio,
1547 889 1599 935 et
1616 878 1822 934 vallum

221 968 506 1029 portasque
523 956 714 1028 trepidi
735 957 996 1027 petebant.
1061 956 1139 1011 Ibi
1161 955 1458 1027 plurimum
1480 954 1665 1011 cladis.
1714 954 1825 1010 Cu-

221 1032 450 1088 mulatae
470 1032 782 1104 corporibus
803 1031 1004 1088 fossae:
1043 1048 1147 1087 nec
1160 1032 1319 1087 caede
1335 1040 1542 1087 tantum
1562 1040 1616 1087 et
1631 1030 1827 1086 vulne*

220 1109 392 1172 ribus,
414 1108 508 1163 sed
531 1110 686 1163 ruina
706 1116 758 1163 et
775 1109 890 1163 suis
911 1106 1157 1181 plerique
1176 1107 1297 1163 telis
1318 1109 1579 1163 interiere.
1644 1108 1824 1163 Victo-

219 1202 324 1249 res,
356 1184 560 1242 colonia
589 1184 1069 1271 Agrippinensium
1102 1184 1283 1248 vitata,
1313 1183 1446 1239 nihil
1466 1192 1639 1239 cetero
1657 1184 1714 1238 in
1735 1184 1824 1237 iti-

221 1276 345 1313 nere
367 1258 556 1315 hostile
573 1260 712 1323 ausi,
727 1260 1004 1314 Bonnense
1020 1258 1284 1329 proelium
1302 1259 1652 1317 excusabant:
1686 1268 1823 1313 tam-
1916 1318 1923 1323 ,

219 1352 384 1406 quam
425 1335 584 1405 petita
621 1351 778 1405 pace,
821 1342 1105 1404 postquam
1144 1333 1454 1407 negabatur,
1499 1334 1825 1405 sibimetipsi

219 1407 634 1465 consuluissent.

329 1486 415 1540 2⁴.
461 1481 669 1548 Civilis,
703 1480 932 1537 adventu
958 1488 1324 1538 veteranarum
1353 1480 1671 1545 cohortium,
1693 1482 1851 1538 iusti·

220 1560 330 1614 iam
351 1559 614 1614 exercitus
633 1525 839 1622 ductor,
861 1556 958 1612 sed
971 1555 1181 1612 consilii
1200 1556 1490 1630 ambiguus
1516 1565 1567 1611 et
1586 1558 1699 1612 vim
1722 1558 1825 1613 Ro-

221 1651 436 1691 manam
457 1641 728 1705 reputans,
741 1641 980 1697 cunctos,
993 1632 1091 1704 qui
1111 1631 1344 1697 aderant,
1362 1633 1419 1686 in
1441 1632 1607 1686 verba
1623 1633 1825 1705 Vespa-

220 1710 359 1764 siani
387 1707 580 1782 adigit:
623 1708 894 1780 mittitque
921 1707 1117 1781 legatos
1142 1706 1362 1762 adduas
1383 1707 1637 1781 legionem
1659 1725 1818 1781 quae,

221 1786 396 1856 priore
432 1785 544 1839 acie
581 1782 770 1854 pulsae
783 1824 796 1848 ‚
837 1785 895 1838 in
923 1783 1110 1838 Vetera
1138 1791 1306 1838 castra
1335 1792 1721 1848 concesserant,
1764 1793 1823 1839 ut

219 1864 354 1914 idem
380 1867 763 1914 sacramentum
789 1863 1103 1927 acciperent.
1183 1857 1440 1913 Redditur
1477 1875 1819 1930 responsum,

217 1951 380 2004 nequo
396 1938 682 2002 proditoris
701 1950 863 2002 neque
879 1937 1100 1988 hostium
1118 1951 1175 1988 se
1194 1937 1428 1989 consiliis
1444 1937 1539 1988 uti.
1581 1934 1707 1988 Esse
1723 1938 1826 1989 sibi

229 2012 484 2066 Vitellium
498 2012 806 2078 principem,
826 2025 926 2077 pro
943 2026 1047 2078 quo
1064 2011 1215 2080 fidem
1235 2020 1284 2064 et
1300 2027 1455 2066 arma
1474 2026 1635 2078 usque
1652 2014 1724 2064 ad
1730 2027 1825 2064 su·

212 2103 448 2156 premum
463 2089 712 2152 spiritum
727 2092 1031 2138 retenturos.
1111 2085 1331 2140 Proinde
1346 2090 1567 2155 porsuqa
1592 2087 1823 2140 Batavus

215 2165 476 2218 arbitrum
501 2177 678 2216 rerum
695 2161 1048 2216 Romanarum
1067 2175 1131 2214 ne
1147 2170 1339 2230 afferet,
1368 2164 1459 2215 sed
1477 2165 1691 2214 meritas
1710 2177 1823 2214 sce-

217 2240 344 2292 leris
356 2252 554 2305 poenas
565 2243 912 2324 exspectaret.
969 2232 1119 2301 Quae
1137 2235 1232 2292 ubi
1252 2234 1411 2290 relata
1432 2233 1615 2297 Civili
1638 2237 1825 2290 incen-

215 2330 312 2368 sus
341 2313 442 2376 ira
483 2311 794 2366 universam
822 2311 1140 2366 Batavorum
1166 2319 1377 2385 gentem
1406 2311 1465 2365 in
1492 2325 1638 2364 arma
1660 2311 1816 2381 rapit.

137 2421 142 2428 ·
217 2389 521 2461 iunguntur
546 2385 784 2442 Bructeri
811 2386 1163 2458 Tencterique
1189 2394 1241 2442 et
1266 2387 1437 2486 excita
1458 2386 1666 2441 nuntiis
1684 2385 1822 2441 Ger-

215 2463 396 2519 mania
411 2462 482 2518 ad
499 2460 752 2534 praedam
769 2459 1095 2533 famamque.

325 2541 412 2594 22.
452 2536 728 2594 Adversus
765 2535 866 2592 has
900 2537 1263 2594 concurrentis
1300 2533 1431 2592 belli
1458 2535 1634 2592 minas
1660 2534 1678 2591 l
1746 2537 1818 2590 ati

306 2611 518 2678 ‘‚onum
559 2613 858 2670 Mummius
895 2613 1175 2685 Lupercus
1212 2619 1265 2667 et
1296 2611 1581 2666 Numisius
1620 2612 1701 2668 Ru
1729 2627 1813 2677 us,

217 2705 284 2745 va
305 2686 420 2746 lum
449 2705 743 2762 munusque
771 2688 1073 2744 firmabant.
1150 2687 1421 2744 Subvem
1454 2685 1641 2762 longae
1668 2688 1815 2760 pacis
