2081 3038
307 201 404 252 106
783 202 1431 251 msa-calanum
1630 193 1911 268 (mmm.

303 323 456 361 rens:
499 322 530 359 a
566 321 676 376 quo
714 303 1007 378 neglectus,
1048 305 1107 360 in
1130 302 1285 358 nullo
1304 301 1597 360 Othoniani
1633 303 1760 359 belli
1798 321 1909 362 usu

305 380 423 436 ruit.
481 377 810 434 Labantibus
831 378 1030 434 Vitellii
1052 377 1233 444 rebus,
1258 379 1650 450 Vespasianum
1669 389 1913 448 secutus,

302 455 504 531 grande
541 462 874 510 momentum
901 453 1124 518 addidit,
1162 462 1417 508 strennus
1438 471 1625 519 manu,
1664 471 1913 511 sermone

301 538 602 603 promptus,
633 530 887 586 serendae
912 529 968 584 in
989 529 1123 583 alios
1142 528 1379 584 invidiae
1396 528 1604 594 artifex,
1626 529 1912 586 discordiis

303 615 354 661 et
373 606 727 662 seditionibus
756 613 962 676 potens,
986 613 1180 674 raptor,
1205 602 1441 677 largitor,
1464 621 1595 676 pace
1612 605 1909 676 pessimus,

301 682 441 737 bello
472 699 578 738 non
607 680 963 752 spernendus.
1042 679 1214 733 luncti
1241 679 1367 734 inde
1386 680 1601 735 Moesici
1619 697 1682 734 ac
1702 679 1914 735 Panno-

305 759 412 812 nici
429 757 714 821 exercitus,
727 755 1077 810 Dalmaticum
1098 752 1323 809 militem
1336 762 1561 819 traxere,
1572 771 1909 826 quamquam

303 831 676 887 consularibus
697 831 884 904 legatis
903 828 1039 884 nihil
1065 828 1426 884 turbantibus.
1507 830 1660 884 Titus
1679 830 1914 901 Ampius

304 906 596 962 Flavianus
621 905 971 970 Pannoniam,
1008 905 1287 975 Poppaeus
1314 903 1571 959 Silvanus
1596 904 1910 960 Dalmatiam

306 983 571 1046 tenebant,
591 981 786 1036 divites
805 997 980 1035 senes.
1058 980 1164 1034 Sed
1191 988 1497 1050 procurator
1516 979 1695 1035 aderat
1714 981 1915 1036 Corne-

305 1057 414 1112 lius
450 1059 681 1120 Fuscus,
722 1057 912 1128 vigens
951 1062 1137 1119 aetate,
1178 1055 1335 1110 claris
1364 1053 1651 1110 natalibus.
1730 1056 1917 1110 Prima

304 1133 518 1187 iuventa
547 1131 746 1202 quietis
773 1130 1026 1201 cupidine
1055 1130 1382 1185 senatorium
1402 1129 1644 1186 ordinem
1670 1139 1913 1186 exuerat.

306 1206 452 1260 Idem
472 1223 569 1276 pro
587 1205 755 1261 Galba
776 1206 890 1260 dux
913 1204 1153 1260 coloniae
1172 1223 1324 1270 suae,
1353 1221 1523 1278 eaque
1540 1220 1699 1276 opera
1718 1221 1917 1277 procu-

307 1280 563 1336 rationem
583 1281 827 1352 adeptus,
851 1281 1125 1352 susceptis·
1142 1280 1458 1351 Vespasiani
1476 1280 1742 1360 partibus,
1767 1297 1917 1336 acer-

307 1356 500 1410 rimam
532 1355 669 1411 bello
700 1355 866 1410 facem
896 1355 1175 1427 praetulit:
1219 1373 1324 1411 non
1354 1365 1461 1410 tam
1490 1357 1744 1426 praemiis
1769 1357 1917 1427 peri-

307 1431 573 1496 culorum,
611 1449 777 1504 quam
814 1431 950 1503 ipsis
985 1429 1262 1502 periculis,
1304 1429 1501 1485 laetus:
1544 1446 1641 1501 pro
1674 1432 1835 1486 certis
1864 1441 1917 1485 et

306 1506 437 1563 olim
465 1507 630 1580 partis
657 1526 814 1574 nova,
843 1505 1117 1579 ambigua,
1146 1506 1395 1578 ancipitia
1418 1504 1663 1561 malebat.
1743 1506 1914 1581 Igitur

307 1600 521 1639 movere
539 1591 590 1639 et
608 1592 844 1655 quatere,
865 1582 1137 1656 quidquid
1158 1599 1391 1653 usquam
1412 1597 1633 1655 aegrum
1655 1580 1806 1646 foret,
1820 1582 1917 1636 ad-

304 1659 642 1732 grediuntur.
721 1658 957 1731 Scriptae
972 1658 1032 1713 in
1054 1657 1381 1712 Britanniam
1403 1656 1469 1727 ad
1488 1657 1917 1728 quartadecima-

306 1752 424 1799 nos,
455 1734 513 1788 in
544 1733 856 1804 Hispaniam
886 1732 956 1789 ad
979 1732 1255 1804 primanos
1284 1731 1561 1803 epistolae3
1602 1732 1749 1804 quod
1768 1740 1915 1787 utra-

306 1826 412 1880 que
440 1808 580 1883 legio
607 1826 705 1881 pro
731 1808 956 1874 Othone,
987 1808 1213 1863 adversa
1241 1807 1457 1863 Vitellio
1482 1806 1669 1862 suerat.
1749 1806 1916 1879 Spar-

305 1894 507 1957 guntur
551 1902 650 1956 per
693 1883 894 1940 Gallias
943 1882 1172 1939 litterae:
1234 1890 1611 1954 momentoque
1654 1884 1914 1955 temporis

305 1959 560 2035 flagrabat
595 1960 787 2033 ingens
823 1957 1028 2013 bellum
1045 1998 1059 2023 ,
1103 1959 1333 2032 illyricis
1370 1956 1695 2013 exercitibus
1730 1958 1910 2029 palam

305 2035 744 2099 desciscentibus,
767 2035 954 2089 ceteris
974 2032 1243 2089 fortunam
1260 2033 1547 2089 secuturis.

415 2113 502 2165 87.
543 2111 682 2165 Dum
725 2109 855 2163 haec
889 2126 986 2181 per
1019 2109 1325 2180 provincias
1350 2125 1383 2163 a
1400 2106 1731 2179 Vespasiano
1754 2107 1917 2163 duci-

306 2187 520 2257 busque
537 2186 770 2257 partium
791 2191 1072 2259 geruntur,
1085 2182 1335 2239 Vitellius
1351 2184 1701 2254 contemptior
1716 2184 1775 2238 in
1794 2183 1915 2237 dies

306 2262 656 2335 segnior-que,
715 2259 780 2315 ad
842 2261 1018 2314 omnis
1078 2258 1495 2331 municipiorum
1546 2257 1918 2331 villarumque

307 2337 647 2391 amoenitates
687 2335 959 2399 resistens,
1001 2334 1156 2407 gravi
1198 2334 1388 2389 urbem
1427 2333 1643 2407 agmine
1677 2333 1911 2404 petebat.

306 2410 589 2484 Sexaginta
609 2409 779 2464 millia
799 2417 1123 2464 armatorum
1142 2408 1524 2480 sequebantur,
1554 2406 1763 2462 licentia
1786 2424 1918 2463 con-

307 2493 490 2557 ruptaz
515 2484 762 2539 calonum
784 2500 1045 2540 numerus
1064 2484 1321 2554 amplior:
1343 2482 1739 2555 procacissimis
1748 2484 1915 2537 etiam

305 2561 444 2613 inter
482 2576 666 2615 servos
705 2558 936 2613 lixarum
977 2558 1239 2631 ingeniis:
1292 2565 1365 2613 tot
1392 2556 1683 2629 legatorum
1712 2557 1919 2613 amico-

307 2650 541 2703 rumque
574 2634 882 2698 comitatus,
923 2632 1183 2688 inhabilis
1221 2633 1289 2687 ad
1330 2632 1659 2703 parendum,
1700 2633 1919 2687 etiamsi

307 2721 521 2760 summa
539 2707 799 2763 modestia
819 2716 1108 2781 regeretur.
1187 2706 1491 2764 Onerabant
1508 2705 1919 2764 multitudinem
