2081 3038
764 223 1029 266 mnan
1077 225 1168 266 tv.
1673 219 1766 285 143

155 326 281 376 patre
297 324 451 364 necato
469 323 617 367 fama„
644 322 707 359 12.
734 321 887 368 Populi
908 321 1025 360 favor
1046 321 1143 360 liliis
1165 321 1405 361 Germanici
1429 324 1601 366 noxius.
1649 325 1705 363 Iis
1724 329 1766 365 et
1812 314 1822 322 ”

156 392 421 444 Agrippinae
448 389 629 430 Seianus
654 387 833 428 insidias
865 388 1007 427 struit.

258 461 322 500 13.
351 458 547 506 Tiberius
571 457 808 508 legationes
834 457 879 495 et
902 455 1198 498 accusationes
1217 456 1438 500 civitatum
1457 461 1500 499 et
1521 462 1744 510 provincia

156 538 255 568 rum
273 526 407 566 audit.
439 525 504 565 14.
518 525 587 564 De
606 523 737 572 asylis
756 524 921 571 βοωπις
941 523 1172 562 histriones
1189 522 1316 562 ltalia
1331 525 1458 573 puisi.
1495 528 1558 566 15.
1571 526 1693 569 Alter
1710 540 1764 567 ex

156 596 291 636 Drusi
308 593 457 636 liberis
475 591 581 631 obit.
616 591 727 630 Item
743 590 936 631 Lucilius
952 590 1146 640 Longus,
1169 591 1379 640 principis
1401 593 1577 636 amicus.
1613 594 1764 644 Capito

158 663 401 702 damnatus.
440 661 505 700 16.
523 659 617 698 Lex
632 658 719 698 lata
737 657 791 698 de
808 657 979 714 flamine
997 657 1129 702 Diali.
1157 658 1405 698 Vestalibus
1423 660 1596 701 habitus
1613 663 1750 704 honos

259 731 324 771 17.
352 727 567 768 solemnia
599 728 703 766 vota
727 737 807 776 pro
837 727 1045 776 principe.
1093 726 1154 766 lis
1184 727 1337 766 inserti
1366 726 1480 766 Nero
1511 729 1556 766 et
1581 728 1760 769 Drusus.

154 799 269 840 Hine
288 797 433 836 odium
452 793 625 842 Tiberii,
642 803 768 843 quem
786 791 965 837 Seianus
982 791 1190 854 stimulat.
1226 794 1290 834 18.
1306 793 1388 834 Hic
1405 793 1646 836 Germanici
1663 798 1765 836 ami-

156 874 232 904 cos
251 863 512 910 adgreditur.
547 861 611 902 19.
632 861 761 902 Silius
780 862 1022 902 damnatur.
1056 862 1121 902 20.
1137 861 1258 902 Uxor
1275 861 1369 902 eius
1389 861 1512 902 Sosia
1528 863 1574 903 iu
1591 864 1768 904 exilium

155 931 341 980 pellitur.
393 929 451 968 M.
485 929 638 978 Lepidi
663 929 915 970 moderatio.
968 929 1034 987 21.
1061 929 1160 968 Piso
1189 931 1417 969 accusatus
1449 929 1554 970 obit.
1593 929 1768 971 Cassius

157 999 341 1038 Severus
359 998 404 1038 iu
420 1007 570 1037 saxum
588 995 830 1047 Seriphium
847 995 1077 1045 relegatur.
1121 997 1185 1036 22.
1205 997 1399 1038 Plautius
1419 997 1619 1043 Silvanus
1641 1001 1766 1047 perit.

257 1065 319 1106 23.
348 1063 673 1112 Tacfarinatem,
692 1063 808 1105 bella
823 1073 971 1116 rursus
990 1066 1250 1123 mergentem,
1293 1065 1358 1104 24.
1378 1065 1604 1106 Dolabella
1621 1067 1766 1116 oppri-

152 1134 232 1174 mit
265 1133 329 1173 25.
348 1135 392 1172 et
410 1131 563 1172 caedit.
607 1132 673 1171 26.
698 1129 992 1180 Triumphalla
1009 1142 1096 1171 non
1122 1133 1336 1180 impetrat.
1378 1133 1651 1174 Ptolemaeus
1673 1145 1767 1174 mu-

151 1211 256 1242 nera
274 1201 443 1250 accipit.
486 1201 551 1241 27.
578 1199 755 1239 Servilia
770 1201 911 1239 motus
930 1201 1098 1239 semina
1114 1211 1192 1249 per
1207 1199 1374 1240 Italiam
1393 1211 1610 1251 oppressa.

252 1269 317 1308 28.
346 1267 401 1318 Q.
418 1267 517 1308 vib.
538 1266 737 1314 Serenus,
760 1277 785 1306 a
803 1266 891 1306 filio
910 1270 1154 1316 accusatus,
1189 1269 1254 1308 29.
1273 1269 1339 1307 30.
1357 1267 1592 1319 Amorgum
1617 1281 1758 1320 repor-

150 1337 283 1375 tatur.
318 1333 515 1374 Praemia
532 1334 794 1374 delatoribus
814 1335 990 1374 statuta.
1034 1336 1099 1374 31.
1126 1335 1174 1373 P.
1195 1334 1354 1374 Suilius
1374 1336 1633 1384 deportatur.
1669 1337 1761 1378 Fir·

150 1405 263 1443 mius
280 1403 433 1442 senatu
450 1404 664 1442 movetur.
699 1391 768 1441 32.
784 1400 848 1440 38.
867 1401 1080 1440 Iudicium
1100 1399 1152 1440 de
1171 1402 1237 1440 his
1255 1401 1495 1442 annalibus.
1515 1406 1523 1413 ·

252 1469 317 1509 34.
346 1467 592 1510 Cremutius
618 1465 807 1516 Gordus,
841 1469 1051 1507 historiae
1085 1469 1289 1516 scriptor,
1325 1469 1381 1507 ob
1408 1469 1531 1509 Bruti
1557 1473 1602 1510 et
1625 1469 1764 1512 Cassii

153 1538 307 1579 nudes
331 1539 581 1585 accusatus,
609 1536 745 1577 ubere
762 1522 810 1578 ἑο
829 1535 1021 1574 defendit
1038 1537 1082 1573 et
1121 1536 1187 1574 35.
1213 1536 1348 1575 vitam
1373 1536 1630 1576 abstinentia
1655 1540 1762 1580 snit.

148 1603 273 1643 Libri
297 1602 389 1645 eius
414 1602 606 1641 cremati.
649 1600 717 1639 36.
739 1598 969 1648 Cyzicenis
992 1598 1168 1645 ademta
1189 1598 1379 1639 libertas.
1424 1601 1486 1640 37.
1499 1601 1570 1645 38.
1597 1602 1765 1653 Tempu

148 1674 373 1717 honorem,
392 1670 447 1709 ab
464 1667 673 1719 Hispanis
688 1666 893 1717 oblatum,
911 1666 1106 1710 Tiberius
1125 1667 1298 1716 spernit.
1337 1667 1402 1707 32.
1420 1666 1614 1717 Seianus,
1631 1670 1766 1709 nimia

150 1740 329 1780 fortuna
360 1747 529 1795 socors,
553 1735 723 1777 Liviam
746 1734 831 1776 sibi
858 1744 1031 1793 uxorem
1058 1744 1084 1773 a
1107 1734 1299 1786 principe
1323 1736 1444 1785 petit.
1470 1737 1544 1784 qui
1585 1737 1649 1777 40.
1669 1747 1762 1777 mo·

152 1807 277 1849 desta
301 1790 453 1853 negat,
481 1807 525 1843 et
550 1803 693 1843 Seiani
717 1803 904 1845 rationes
929 1802 1100 1846 refellit.
1144 1802 1338 1850 41.1110,
1369 1803 1590 1855 augendae
1613 1807 1764 1853 poten-

150 1874 261 1919 tiae,
288 1870 457 1910 Tiberio
484 1880 698 1910 secessum
726 1870 779 1911 ab
807 1870 912 1910 urbe
936 1870 1110 1916 suadet,
1153 1868 1218 1908 42.
1245 1868 1402 1909 auditis
1428 1872 1476 1911 in
1500 1881 1653 1913 caussa
1677 1872 1763 1913 Vo-

154 1936 263 1976 tieni
281 1932 473 1974 Montani
492 1935 775 1981 contumeliis,
796 1934 1039 1983 persuadet.

257 2003 322 2041 43.
349 2002 509 2040 Romae
542 2002 778 2049 legationes
814 2000 1072 2043 Graecorum
1109 1998 1279 2041 auditae
1315 2002 1368 2041 de
1403 2002 1494 2041 iure
1529 2004 1762 2052 asylorum.

151 2072 219 2111 44.
247 2070 365 2109 Mors
390 2064 579 2117 Lentuli,
606 2068 799 2114 Domitii,
823 2066 1018 2107 Antonii.
1060 2069 1124 2107 45.
1151 2070 1203 2108 L.
1222 2070 1322 2108 Piso
1347 2072 1521 2117 praetor
1537 2080 1564 2108 a
1581 2070 1765 2118 quodam

150 2138 321 2187 agreste
338 2136 608 2177 mtsrficitur.
644 2136 709 2176 46.
728 2134 915 2175 'thraces
932 2137 1126 2175 montani
1143 2136 1398 2175 rebellantes
1435 2134 1616 2175 47-51.
1644 2146 1670 2175 a
1687 2136 1764 2177 Sa-

150 2207 263 2247 bino·
280 2204 521 2254 pelluntur,
549 2204 803 2254 caeduntur,
830 2202 1104 2249 obsidatum
1139 2204 1295 2243 frustra
1321 2204 1542 2263 eruptione
1570 2204 1696 2249 faeta.
1717 2214 1765 2245 ss

152 2269 333 2375 ᾱωῗξ.
357 2332 535 2373 Claudia
568 2334 775 2380 Pulchra,
819 2333 980 2374 Romae
1014 2331 1212 2374 adulterii
1247 2334 1469 2379 accusata,
1524 2332 1762 2374 damnatur.

152 2401 218 2454 53.
247 2396 485 2447 Agrippina
503 2397 703 2436 maritum
722 2396 845 2445 petit,
866 2406 946 2435 nee
964 2395 1179 2452 impetrat.
1217 2396 1269 2435 Ei
1305 2397 1368 2435 5ης
1391 2395 1568 2435 Seianus
1587 2396 1765 2435 insidias

152 2466 296 2507 struit.
333 2448 399 2505 55.
412 2464 619 2507 Undecim
638 2464 765 2503 urbes
783 2461 913 2503 Asiae
931 2464 983 2503 de
1002 2464 1161 2512 templo
1180 2462 1349 2503 Tiberio
1367 2463 1570 2504 struendo
1585 2466 1762 2503 certant.

152 2535 219 2574 56.
246 2532 432 2572 Praelati
452 2529 689 2582 Smyrnaei.
732 2532 799 2571 57.
825 2532 890 2571 58.
910 2532 1108 2571 Tiberius
1128 2530 1260 2570 dubia
1279 2531 1332 2569 de
1351 2540 1504 2569 caussa
1522 2532 1566 2569 in
1587 2530 1766 2580 Campa-

150 2602 271 2641 niam
287 2598 501 2650 abscedit,
528 2601 646 2640 arcto
665 2600 885 2639 comitatu.
930 2599 996 2639 59.
1023 2598 1075 2638 In
1094 2598 1301 2647 spelunca
1327 2598 1548 2645 repentino
1573 2599 1764 2648 lapidum

150 2670 279 2719 lapsu
304 2668 567 2717 periclitatus
585 2678 613 2707 a
629 2667 781 2709 Seiano
802 2669 1009 2709 servatur.
1060 2666 1174 2705 Hinc
1191 2664 1328 2703 maior
1353 2665 1449 2704 eius
1463 2666 1585 2706 fides.
1632 2667 1764 2707 Nero-

152 2746 257 2776 nem
280 2734 520 2777 Germanici
550 2735 799 2785 adgreditur
826 2738 873 2778 et
922 2737 989 2777 60.
1018 2733 1244 2775 calumniis
1275 2731 1500 2774 subvertit.
1553 2732 1616 2774 61.
1648 2734 1765 2775 Mors

150 2804 297 2847 Asinii
312 2804 527 2855 Agrippae
546 2808 590 2846 et
607 2804 660 2856 Q·
680 2806 860 2847 Haterii.
1291 2830 1294 2837 -
