2081 3038
200 202 447 278 1.c.r1.)
670 212 829 258 mn.
868 212 933 259 v.
976 214 1154 260 cAP.
1197 216 1243 260 o.
1285 216 1337 260 τ.
1707 212 1808 265 233

198 315 353 373 dores
372 332 600 386 opacum
621 313 901 387 fidumque
919 314 1162 371 nivibus.
1232 314 1378 369 Idem
1396 332 1609 371 amnem
1630 317 1810 373 lorda-

200 409 305 446 nen
326 389 421 445 alit
439 389 741 463 funditque.
811 390 921 444 Nec
941 390 1190 445 Iordanes
1210 390 1398 464 pelago
1415 392 1690 464 accipitur,
1713 393 1809 449 sed

198 484 375 525 unum
394 473 553 538 atque
572 465 796 521 alterum
823 464 1001 522 lacum
1020 466 1228 540 integer
1247 465 1480 538 perfluit,
1513 470 1664 523 tertio
1684 470 1810 524 reti-

198 549 374 597 netur.
455 542 627 595 Lacus
660 542 907 597 inmenso
930 542 1158 606 ambitu,
1191 542 1369 613 specie
1395 543 1579 608 maris,
1621 562 1808 615 sapore

198 618 522 688 conruptior,
541 618 799 690 gravitate
814 616 991 673 odoris
1010 616 1210 673 adcolis
1231 616 1466 689 pestifer,
1484 636 1658 691 neque
1679 637 1809 673 ven-

202 701 252 747 to
291 692 584 763 inpellitur,
628 709 806 765 neque
842 694 1019 763 pisces
1058 699 1150 747 aut
1170 701 1348 748 suetas
1377 695 1536 765 aquis
1565 692 1808 749 volucres

173 769 415 838 patitur.
496 768 729 823 Incertae
754 769 932 823 undae
959 770 1276 839 superiacta,
1308 776 1368 823 ut
1385 768 1574 834 solide,
1599 764 1803 824 ferunt:

196 845 353 915 periti
396 844 607 914 inperiti
648 860 718 898 ue
762 843 927 899 nandi
970 843 1192 915 perinde
1229 843 1574 900 adtolluntur.
1655 844 1808 901 Certo

198 920 327 975 anni
370 916 625 994 [tempore
686 919 931 975 bitumen
970 920 1164 994 egerit:
1207 920 1364 975 cuius
1387 920 1598 995 legendi
1621 938 1804 989 usum,

198 1001 259 1049 ut
278 1004 474 1050 ceteras
495 1003 653 1061 arteS,
675 996 999 1067 experientia
1019 995 1216 1051 docuit.
1266 995 1392 1052 Ater
1410 1004 1598 1068 suapte
1617 1006 1806 1052 natura

197 1068 393 1143 liquor,
417 1079 469 1127 et
487 1089 675 1143 sparso
695 1079 839 1127 aceto
855 1079 1154 1137 concretus,
1181 1071 1400 1127 innatat.
1462 1073 1618 1127 Hunc
1637 1090 1803 1129 manu

198 1156 429 1218 captum,
453 1148 657 1220 quibus
677 1165 737 1202 ea
755 1165 902 1213 cura,
925 1148 985 1202 in
1004 1165 1220 1203 summa
1241 1148 1397 1204 navis
1417 1148 1651 1205 trahunt.
1717 1150 1805 1203 In-

195 1222 281 1288 de,
314 1222 462 1278 nullo
492 1224 729 1288 iuvante,
758 1221 954 1288 influit,
976 1222 1476 1296 oneratque,'donec
1497 1224 1800 1279 abscindas

193 1296 307 1352 Nec
326 1298 637 1353 abscindere
664 1315 783 1353 aere
816 1298 1018 1353 ferrove
1043 1300 1247 1369 possis:
1290 1298 1428 1373 fugit
1447 1317 1690 1355 cruorem
1711 1318 1807 1356 ve-

197 1380 444 1443 stemque
472 1371 722 1427 infectam
751 1373 1035 1445 sanguine,
1075 1389 1184 1443 quo
1213 1372 1442 1427 feminae
1469 1391 1564 1444 per
1593 1392 1805 1429 menses

197 1445 568 1502 exsolvuntur.
630 1446 720 1501 Sic
738 1456 943 1502 veteres
962 1452 1220 1501 auctores.
1270 1446 1376 1502 Sed
1393 1449 1546 1521 gnari
1569 1446 1806 1504 locorum

198 1522 431 1588 tradunt,
454 1522 715 1578 undantes
735 1523 1003 1578 bitumine
1022 1519 1191 1576 moles
1209 1522 1358 1594 pelli,
1374 1540 1648 1595 manuque
1668 1525 1807 1578 trahi

196 1598 265 1654 ad
287 1597 441 1654 litus:
486 1615 630 1665 mox,
664 1599 758 1653 ubi
796 1615 984 1670 vapore
1013 1605 1199 1662 terrae,
1231 1599 1288 1653 vi
1314 1597 1463 1664 solie,
1488 1601 1802 1665 inaruerint,

196 1675 481 1729 securibus
500 1673 817 1746 cuneisque,
841 1682 901 1730 ut
918 1673 1096 1729 trabes
1117 1681 1210 1730 aut
1228 1691 1376 1739 saxa,
1399 1674 1650 1730 discindi.

306 1751 358 1804 7.
404 1748 558 1806 Haud
576 1749 760 1821 procul
782 1750 905 1805 inde
924 1751 1121 1822 campi,
1145 1768 1284 1823 quos
1303 1749 1500 1816 ferunt,
1523 1751 1652 1806 olim
1672 1751 1804 1806 ube-

195 1841 281 1880 res
309 1824 633 1900 magnisque
658 1825 889 1881 urbibus
916 1826 1198 1892 habitatos,
1232 1824 1527 1881 fulminum
1556 1828 1695 1882 iactu
1721 1845 1807 1882 ar·-

194 1902 334 1957 sisse
349 1919 362 1970 ;
406 1908 458 1956 et
476 1917 693 1956 manere
711 1902 954 1975 vestigia,
969 1910 1274 1975 terramque
1291 1903 1486 1974 ipsam,
1500 1904 1678 1973 specie
1701 1911 1806 1958 tor-

196 1977 389 2042 ridam,
414 1977 527 2033 vim
546 1975 855 2050 frugiferam
877 1977 1194 2048 perdidisse.
1249 1978 1387 2032 Nam
1409 1987 1596 2033 cuncta
1617 1985 1806 2049 sponte

194 2053 332 2108 edita
354 2060 447 2108 aut
464 2068 631 2108 manu
650 2061 781 2118 sata,
806 2053 923 2107 sive
942 2053 1106 2108 herba
1123 2061 1282 2108 tenus
1301 2061 1393 2108 aut
1413 2052 1558 2119 flore,
1589 2071 1687 2108 seu
1716 2071 1804 2108 so-

193 2128 359 2184 lidam
389 2130 449 2184 in
478 2129 711 2200 speciem
743 2128 1048 2194 adolevere,
1072 2135 1182 2183 atra
1213 2135 1264 2183 et
1281 2131 1462 2185 inania
1485 2129 1706 2185 velutin
1729 2131 1806 2184 ci-

194 2221 377 2261 nerem
400 2212 711 2260 vanescunt.
792 2205 925 2279 Ego,
940 2205 1080 2259 sicut
1099 2203 1328 2259 inclutas
1347 2205 1618 2277 quondam
1639 2205 1804 2261 urbes

193 2281 318 2354 igne
342 2279 555 2336 coelesti
584 2277 837 2354 flagrasse
862 2281 1236 2346 concesserim,
1262 2281 1332 2335 ita
1360 2279 1529 2336 halitu
1551 2280 1699 2335 lacus
1719 2282 1808 2334 in·-

194 2356 281 2411 fici
301 2363 517 2422 terram,
537 2357 821 2428 conrumpi
842 2355 1191 2427 superfusum
1213 2357 1486 2428 spiritum,
1505 2373 1675 2428 eoque
1697 2355 1806 2412 soe-

195 2440 282 2487 tus
306 2440 551 2506 segetum
584 2437 635 2486 et
660 2432 908 2487 autumni
936 2441 1240 2504 putrescere
1259 2449 1394 2496 reor,
1420 2431 1533 2488 solo
1551 2431 1804 2504 coeloque

194 2509 341 2563 iuxta
362 2507 534 2581 gravi.
613 2506 681 2561 Et
704 2506 863 2562 Belus
892 2508 1068 2562 amnis
1096 2508 1310 2562 Iudaico
1341 2508 1477 2562 mari
1515 2505 1797 2563 inlabitur:

194 2583 331 2636 circa
364 2583 522 2639 cuius
548 2601 609 2638 os
638 2581 901 2638 conlectae
926 2600 1137 2649 arenae,
1180 2581 1416 2638 admixto
1441 2583 1596 2649 nitro,
1641 2585 1698 2638 in
1720 2584 1804 2638 vi·-

192 2663 338 2712 trum
378 2666 771 2732 excoquuntur.
850 2658 1120 2716 Modicum
1149 2657 1208 2714 id
1228 2657 1356 2714 litus
1386 2665 1436 2712 et
1463 2659 1803 2733 egerentibus

195 2731 599 2790 inexhaustum.
