2081 3038
225 232 348 272 uc.
373 215 468 289 64.)
628 224 669 267 L
686 223 712 267 1
730 225 783 268 Β.
825 224 943 270 xv.
985 225 1023 270 c
1045 225 1092 272 A
1112 227 1167 272 P.
1208 227 1287 273 25.
1329 228 1415 275 26.
1724 222 1823 277 373

335 326 421 382 25.
464 322 684 381 Talibus
705 323 978 400 Vologesis
999 325 1209 392 litteris,
1228 328 1359 399 quia
1380 328 1568 385 Paetus
1586 330 1821 395 diversa,

223 410 500 473 tamquam
521 400 684 456 rebus
702 401 946 475 integris,
965 401 1249 469 scribebat,
1270 403 1621 479 interrogatus
1636 412 1825 462 centu-

221 476 616 609 &3¹:55ssae
629 474 1823 611 iffffss‘issss‘lssssffsssszssssffiimssmf‘i'

1362 572 1391 608 r
1638 596 1653 611 .

222 625 488 683 intellecto
502 625 850 684 barbarorum
868 627 1064 693 inrisu,
1084 629 1183 700 qui
1200 571 1625 701 peterentpgtliod
1640 574 1821 702 οτίἒιῗ

221 709 393 768 erant,
413 701 690 759 consuluit
722 702 860 758 inter
895 703 1158 775 primores
1184 704 1413 761 civitatis
1440 704 1599 769 Nero,
1619 704 1821 761 bellum

221 795 442 851 anceps,
471 796 541 833 an
567 795 678 851 pax
707 778 986 834 inhonesta
1010 776 1273 850 placeret?
1308 780 1417 835 Nec
1435 778 1737 837 dubitatum
1756 781 1825 835 de

223 853 383 911 bello.
427 902 435 912 .
463 853 532 910 Et
549 852 798 918 Corbulo,
830 852 1067 909 militum
1087 860 1246 925 atque
1264 853 1499 910 hostium
1520 861 1595 911 tot
1610 872 1708 928 per
1726 873 1825 911 an-

224 948 324 987 nos
352 946 574 1004 gnarus,
607 928 870 1003 gerendae
891 928 968 983 rei
990 928 1313 1000 praeficitur,
1336 946 1407 985 ne
1422 930 1581 992 cuius
1604 929 1823 987 alterius

223 1006 437 1063 inscitia
455 1022 673 1061 rursum
691 1012 1014 1075 peccaretur,
1036 1006 1167 1076 quia
1185 1005 1325 1060 Paeti
1345 1004 1607 1079 piguerat.
1655 1006 1824 1083 Igitur

223 1081 374 1139 inriti
401 1081 764 1143 remittuntur,
793 1095 922 1135 cum
945 1078 1101 1134 donis
1122 1086 1318 1145 tamen,
1346 1081 1491 1137 unde
1507 1098 1633 1153 spes
1653 1082 1820 1147 fieret,

223 1175 332 1213 non
373 1156 566 1211 frustra
605 1152 790 1209 eadem
817 1159 1093 1210 oraturum
1120 1154 1408 1221 Tiridaten,
1434 1156 1485 1211 si
1503 1173 1689 1229 preces
1704 1157 1823 1229 ipse

221 1231 520 1289 adtulisset.
598 1228 891 1305 Syriaeque
907 1230 1177 1286 exsecutio
1192 1229 1395 1297 Cincio,
1424 1234 1606 1304 copiae
1624 1229 1823 1288 milita-

221 1325 312 1363 res
340 1304 629 1363 Corbuloni
653 1306 973 1378 permissae;
1025 1311 1079 1359 et
1100 1304 1493 1377 quintadecima
1524 1305 1691 1381 legio,
1718 1308 1823 1363 du-

220 1390 376 1440 cante
401 1382 568 1439 Mario
595 1380 770 1445 Celso,
809 1380 1139 1443 ePanuonia
1164 1380 1365 1436 adiecta
1382 1387 1483 1437 est.
1560 1380 1847 1439 Sci-ibitur·

221 1458 501 1515 tetrarchis
525 1474 588 1513 ac
611 1455 852 1531 regibus,
878 1453 1267 1530 praefectisque
1293 1463 1347 1511 et
1366 1458 1819 1530 procuratoribus,

221 1530 1825 1680 &mumma-,¹2⁸3

207 1693 424 1751 testate,
455 1701 620 1758 quem
647 1682 882 1756 populus
910 1684 1185 1739 Romanus
1213 1683 1312 1739 Cn.
1344 1683 1592 1756 Pompeio
1618 1683 1821 1740 bellum

221 1761 511 1818 Piraticum
539 1767 756 1835 gesturo
779 1757 1008 1815 dederat.
1088 1759 1411 1834 Regressum
1429 1760 1667 1824 Paetum,
1694 1777 1822 1816 oum

220 1837 466 1912 graviora
487 1839 762 1899 metueret,
777 1833 977 1892 facetiis
996 1834 1245 1890 insectari
1264 1835 1394 1890 satis
1410 1832 1598 1890 habuit
1606 1834 1818 1900 Caesar,

221 1913 310 1970 his
331 1911 498 1968 ferme
516 1909 722 1966 verbis:
765 1911 1036 1980 Iynoscore
1063 1927 1117 1966 aa
1134 1915 1327 1974 atatim,
1349 1927 1413 1964 m
1434 1919 1540 1964 tam
1552 1919 1822 1980 promptus

222 1995 280 2044 in
291 2003 544 2060 pavorem
563 1989 793 2056 lonqiore
810 1988 1158 2040 sollicitudine
1176 1993 1510 2055 myrsaceret.

329 2067 418 2121 26.
460 2062 529 2117 At
545 2060 794 2128 Corbulo,
833 2068 1021 2133 quarta
1056 2066 1109 2114 et
1142 2059 1455 2116 duodecima
1497 2057 1832 2132 legionibus,

223 2155 379 2212 quae,
421 2137 712 2194 fortissimo
747 2153 965 2210 quoque
1000 2134 1199 2191 amisso
1236 2143 1287 2190 et
1323 2133 1511 2190 ceteris
1534 2135 1818 2199 exterritis,

223 2231 416 2288 parum
444 2212 654 2270 habiles
679 2212 878 2286 praelio
907 2209 1247 2276 videbantur,
1275 2211 1335 2266 in
1362 2208 1573 2284 Syriam
1597 2206 1823 2265 transla-

221 2291 312 2357 tis,
343 2296 551 2346 sextam
571 2287 697 2345 inde
725 2305 788 2344 ac
803 2286 1009 2343 tertiam
1030 2285 1047 2340 1
1119 2285 1285 2351 ‘ones,
1305 2286 1575 2360 integrum
1594 2283 1821 2340 militem

223 2375 276 2422 et
301 2365 504 2423 crebris
532 2381 594 2420 ac
621 2361 888 2437 prosperis
912 2301 1188 2416 Ῑαδοι-ἷιιιο
1215 2360 1529 2426 exercitum,
1555 2361 1613 2415 in
1632 2359 1824 2414 Arme-

225 2443 370 2498 niam
389 2441 557 2498 ducit.
633 2437 960 2510 Addiditque
977 2435 1525 2510 legionemquintam,
1546 2451 1704 2507 quae,
1725 2451 1823 2506 per

225 2513 452 2573 Pontum
477 2529 662 2588 agens,
693 2529 885 2585 expers
909 2511 1077 2568 cladis
1096 2510 1285 2576 fuerat,
1305 2509 1471 2565 simul
1488 2509 1823 2582 quintadeci-

223 2609 432 2657 manos,
455 2605 639 2646 reoens
658 2587 938 2645 adductos:
981 2593 1032 2642 et
1050 2584 1247 2642 vexilla
1264 2583 1587 2645 delectorum
1606 2601 1677 2639 ex
1692 2582 1823 2658 nly-

221 2668 335 2723 rico
369 2673 423 2722 et
460 2663 720 2740 Aegypto,
759 2662 1012 2738 quodque
1037 2660 1247 2718 alarum
1278 2657 1707 2732 cohortiumque:
1768 2666 1823 2716 et

217 2741 427 2808 auxilia
455 2755 644 2820 regum
673 2741 734 2796 in
759 2754 936 2808 unum
951 2736 1210 2800 eonducta
1226 2731 1689 2809 apudMelitenen.
1712 2750 1821 2808 qua
