<?xml version="1.0" encoding="UTF-8"?>
<!DOCTYPE html PUBLIC "-//W3C//DTD XHTML 1.0 Transitional//EN"
    "http://www.w3.org/TR/xhtml1/DTD/xhtml1-transitional.dtd">
<html xmlns="http://www.w3.org/1999/xhtml" xml:lang="en" lang="en">
 <head>
  <title>
</title>
<meta http-equiv="Content-Type" content="text/html;charset=utf-8" />
  <meta name='ocr-system' content='tesseract 3.04.00' />
  <meta name='ocr-capabilities' content='ocr_page ocr_carea ocr_par ocr_line ocrx_word'/>
</head>
<body>
  <div class='ocr_page' id='page_1' title='image "./operaquoadextan03tacigoog_0270.png"; bbox 0 0 2081 3038; ppageno 0'>
   <div class='ocr_carea' id='block_1_1' title="bbox 303 232 1908 305">
    <p class='ocr_par' dir='ltr' id='par_1_1' title="bbox 303 232 1908 305">
     <span class='ocr_line' id='line_1_1' title="bbox 303 232 1908 305; baseline 0.002 -20"><span class='ocrx_word' id='word_1_1' title='bbox 303 237 402 292; x_wconf 76' lang='lat'><strong>27⁶2.</strong></span> <span class='ocrx_word' id='word_1_2' title='bbox 872 241 1346 286; x_wconf 76' lang='grc' dir='ltr'><strong>ΑΝΝΑι.ιιιιι</strong></span> <span class='ocrx_word' id='word_1_3' title='bbox 1636 232 1706 305; x_wconf 66' lang='grc' dir='ltr'><strong>(Α.</strong></span> <span class='ocrx_word' id='word_1_4' title='bbox 1731 252 1783 288; x_wconf 80' lang='lat' dir='ltr'>u.</span> <span class='ocrx_word' id='word_1_5' title='bbox 1810 245 1908 290; x_wconf 74' lang='lat'><strong>8⁰5.</strong></span> 
     </span>
    </p>
   </div>
   <div class='ocr_carea' id='block_1_2' title="bbox 280 341 1921 2817">
    <p class='ocr_par' dir='ltr' id='par_1_2' title="bbox 301 341 1915 866">
     <span class='ocr_line' id='line_1_2' title="bbox 305 341 1911 416; baseline -0.001 -14"><span class='ocrx_word' id='word_1_6' title='bbox 305 345 607 402; x_wconf 68' lang='lat' dir='ltr'><strong><em>Mithridate</em></strong></span> <span class='ocrx_word' id='word_1_7' title='bbox 630 361 664 396; x_wconf 90' lang='lat' dir='ltr'>a</span> <span class='ocrx_word' id='word_1_8' title='bbox 692 351 862 406; x_wconf 80' lang='lat' dir='ltr'>semet,</span> <span class='ocrx_word' id='word_1_9' title='bbox 896 341 1266 397; x_wconf 85' lang='lat' dir='ltr'>memorando:</span> <span class='ocrx_word' id='word_1_10' title='bbox 1310 341 1403 395; x_wconf 90' lang='lat' dir='ltr'>sed</span> <span class='ocrx_word' id='word_1_11' title='bbox 1429 347 1529 398; x_wconf 84' lang='lat' dir='ltr'>vim</span> <span class='ocrx_word' id='word_1_12' title='bbox 1548 345 1911 416; x_wconf 77' lang='lat' dir='ltr'>differendam,</span> 
     </span>
     <span class='ocr_line' id='line_1_3' title="bbox 302 406 1913 488; baseline -0.001 -14"><span class='ocrx_word' id='word_1_13' title='bbox 302 429 349 474; x_wconf 82' lang='lat' dir='ltr'>et</span> <span class='ocrx_word' id='word_1_14' title='bbox 363 423 618 488; x_wconf 82' lang='lat' dir='ltr'>potiorem</span> <span class='ocrx_word' id='word_1_15' title='bbox 637 419 828 482; x_wconf 88' lang='lat' dir='ltr'>dolum,</span> <span class='ocrx_word' id='word_1_16' title='bbox 851 434 954 487; x_wconf 83' lang='lat' dir='ltr'>quo</span> <span class='ocrx_word' id='word_1_17' title='bbox 973 422 1243 473; x_wconf 77' lang='lat' dir='ltr'>incautum</span> <span class='ocrx_word' id='word_1_18' title='bbox 1262 411 1747 486; x_wconf 76' lang='lat' dir='ltr'>opprimerent.1ta</span> <span class='ocrx_word' id='word_1_19' title='bbox 1769 406 1913 472; x_wconf 76' lang='lat' dir='ltr'>Rha-</span> 
     </span>
     <span class='ocr_line' id='line_1_4' title="bbox 302 491 1912 564; baseline -0.003 -14"><span class='ocrx_word' id='word_1_20' title='bbox 302 493 586 558; x_wconf 84' lang='lat' dir='ltr'>damistus,</span> <span class='ocrx_word' id='word_1_21' title='bbox 629 491 879 547; x_wconf 89' lang='lat' dir='ltr'>simulata</span> <span class='ocrx_word' id='word_1_22' title='bbox 918 492 1177 550; x_wconf 86' lang='lat' dir='ltr'>adversus</span> <span class='ocrx_word' id='word_1_23' title='bbox 1214 493 1427 564; x_wconf 82' lang='lat' dir='ltr'>patrem</span> <span class='ocrx_word' id='word_1_24' title='bbox 1450 491 1731 558; x_wconf 83' lang='lat' dir='ltr'><strong>discordia,</strong></span> <span class='ocrx_word' id='word_1_25' title='bbox 1774 501 1912 558; x_wconf 81' lang='lat' dir='ltr'>tam-</span> 
     </span>
     <span class='ocr_line' id='line_1_5' title="bbox 302 559 1913 644; baseline -0.001 -21"><span class='ocrx_word' id='word_1_26' title='bbox 302 585 466 642; x_wconf 83' lang='lat' dir='ltr'><strong>quam</strong></span> <span class='ocrx_word' id='word_1_27' title='bbox 490 584 746 625; x_wconf 87' lang='lat' dir='ltr'>novercae</span> <span class='ocrx_word' id='word_1_28' title='bbox 761 567 938 624; x_wconf 74' lang='lat' dir='ltr'>odiis·</span> <span class='ocrx_word' id='word_1_29' title='bbox 922 585 1097 640; x_wconf 76' lang='lat' dir='ltr'>inpar,</span> <span class='ocrx_word' id='word_1_30' title='bbox 1120 583 1217 639; x_wconf 90' lang='lat' dir='ltr'>per</span> <span class='ocrx_word' id='word_1_31' title='bbox 1258 567 1296 621; x_wconf 88' lang='lat' dir='ltr'>t</span> <span class='ocrx_word' id='word_1_32' title='bbox 1314 565 1401 622; x_wconf 85' lang='lat' dir='ltr'>ad</span> <span class='ocrx_word' id='word_1_33' title='bbox 1394 573 1681 638; x_wconf 87' lang='lat' dir='ltr'>patruum:</span> <span class='ocrx_word' id='word_1_34' title='bbox 1696 559 1913 644; x_wconf 80' lang='lat' dir='ltr'>m&#39;u&#39;lta-</span> 
     </span>
     <span class='ocr_line' id='line_1_6' title="bbox 301 637 1914 716; baseline -0.001 -18"><span class='ocrx_word' id='word_1_35' title='bbox 301 661 410 716; x_wconf 88' lang='lat' dir='ltr'>que</span> <span class='ocrx_word' id='word_1_36' title='bbox 428 642 496 698; x_wconf 87' lang='lat' dir='ltr'>ab</span> <span class='ocrx_word' id='word_1_37' title='bbox 516 661 578 699; x_wconf 90' lang='lat' dir='ltr'>eo</span> <span class='ocrx_word' id='word_1_38' title='bbox 597 645 860 708; x_wconf 82' lang='lat' dir='ltr'>comitate,</span> <span class='ocrx_word' id='word_1_39' title='bbox 883 643 939 698; x_wconf 88' lang='lat' dir='ltr'>in</span> <span class='ocrx_word' id='word_1_40' title='bbox 963 643 1260 716; x_wconf 79' lang='lat' dir='ltr'>speciemi</span> <span class='ocrx_word' id='word_1_41' title='bbox 1242 641 1473 706; x_wconf 85' lang='lat' dir='ltr'>iberum,</span> <span class='ocrx_word' id='word_1_42' title='bbox 1486 639 1684 706; x_wconf 79' lang='lat' dir='ltr'>cultus,</span> <span class='ocrx_word' id='word_1_43' title='bbox 1709 637 1914 714; x_wconf 82' lang='lat' dir='ltr'>primo-</span> 
     </span>
     <span class='ocr_line' id='line_1_7' title="bbox 301 684 1915 814; baseline 0 -41"><span class='ocrx_word' id='word_1_44' title='bbox 301 736 388 774; x_wconf 86' lang='lat' dir='ltr'>res</span> <span class='ocrx_word' id='word_1_45' title='bbox 409 717 788 774; x_wconf 80' lang='lat' dir='ltr'>Armeniorum</span> <span class='ocrx_word' id='word_1_46' title='bbox 817 684 885 773; x_wconf 60' lang='lat' dir='ltr'>a’d</span> <span class='ocrx_word' id='word_1_47' title='bbox 904 735 989 797; x_wconf 81' lang='lat' dir='ltr'>res</span> <span class='ocrx_word' id='word_1_48' title='bbox 1014 733 1181 774; x_wconf 82' lang='lat' dir='ltr'>novas</span> <span class='ocrx_word' id='word_1_49' title='bbox 1200 715 1392 814; x_wconf 82' lang='lat' dir='ltr'>inlicit,</span> <span class='ocrx_word' id='word_1_50' title='bbox 1414 712 1603 792; x_wconf 81' lang='lat' dir='ltr'>ignaro</span> <span class='ocrx_word' id='word_1_51' title='bbox 1622 723 1675 772; x_wconf 87' lang='lat' dir='ltr'>et</span> <span class='ocrx_word' id='word_1_52' title='bbox 1692 721 1915 809; x_wconf 80' lang='lat' dir='ltr'>ornante</span> 
     </span>
     <span class='ocr_line' id='line_1_8' title="bbox 303 794 863 866; baseline 0 -18"><span class='ocrx_word' id='word_1_53' title='bbox 303 795 526 866; x_wconf 78' lang='lat' dir='ltr'>insuper</span> <span class='ocrx_word' id='word_1_54' title='bbox 543 794 863 850; x_wconf 81' lang='lat' dir='ltr'>Mithridate.</span> 
     </span>
    </p>

    <p class='ocr_par' dir='ltr' id='par_1_3' title="bbox 301 857 1915 1090">
     <span class='ocr_line' id='line_1_9' title="bbox 416 857 1915 957; baseline 0.001 -32"><span class='ocrx_word' id='word_1_55' title='bbox 416 871 500 925; x_wconf 75' lang='lat'>45.</span> <span class='ocrx_word' id='word_1_56' title='bbox 542 867 1006 926; x_wconf 86' lang='lat' dir='ltr'>Reconciliationis</span> <span class='ocrx_word' id='word_1_57' title='bbox 1021 869 1200 942; x_wconf 88' lang='lat' dir='ltr'>specie</span> <span class='ocrx_word' id='word_1_58' title='bbox 1217 857 1520 941; x_wconf 69' lang='lat' dir='ltr'>adsumpta,</span> <span class='ocrx_word' id='word_1_59' title='bbox 1546 876 1833 957; x_wconf 79' lang='lat' dir='ltr'>regressus</span> <span class='ocrx_word' id='word_1_60' title='bbox 1847 871 1915 926; x_wconf 89' lang='lat' dir='ltr'>ad</span> 
     </span>
     <span class='ocr_line' id='line_1_10' title="bbox 301 944 1910 1018; baseline -0.001 -19"><span class='ocrx_word' id='word_1_61' title='bbox 301 951 526 1018; x_wconf 85' lang='lat' dir='ltr'>patrem,</span> <span class='ocrx_word' id='word_1_62' title='bbox 550 962 682 1014; x_wconf 75' lang='lat' dir='ltr'>quae</span> <span class='ocrx_word' id='word_1_63' title='bbox 699 949 888 1016; x_wconf 71' lang='lat' dir='ltr'>[raude</span> <span class='ocrx_word' id='word_1_64' title='bbox 909 948 1093 1015; x_wconf 75' lang='lat' dir='ltr'>confici</span> <span class='ocrx_word' id='word_1_65' title='bbox 1104 948 1388 1014; x_wconf 74' lang='lat' dir='ltr'>potuerint,</span> <span class='ocrx_word' id='word_1_66' title='bbox 1476 952 1663 1012; x_wconf 79' lang='lat' dir='ltr'>ompta</span> <span class='ocrx_word' id='word_1_67' title='bbox 1677 944 1910 1007; x_wconf 87' lang='lat' dir='ltr'>nuntiat,</span> 
     </span>
     <span class='ocr_line' id='line_1_11' title="bbox 303 1017 1911 1090; baseline -0.001 -16"><span class='ocrx_word' id='word_1_68' title='bbox 303 1029 475 1075; x_wconf 77' lang='lat' dir='ltr'>cetera</span> <span class='ocrx_word' id='word_1_69' title='bbox 502 1024 668 1074; x_wconf 78' lang='lat' dir='ltr'>armis</span> <span class='ocrx_word' id='word_1_70' title='bbox 693 1024 1036 1090; x_wconf 73' lang='lat' dir='ltr'>exsequenda</span> <span class='ocrx_word' id='word_1_71' title='bbox 1117 1018 1336 1074; x_wconf 78' lang='lat' dir='ltr'>Interim</span> <span class='ocrx_word' id='word_1_72' title='bbox 1362 1017 1405 1072; x_wconf 89' lang='lat' dir='ltr'><strong>P</strong></span> <span class='ocrx_word' id='word_1_73' title='bbox 1444 1032 1752 1077; x_wconf 71' lang='lat' dir='ltr'>erasmanes</span> <span class='ocrx_word' id='word_1_74' title='bbox 1780 1018 1911 1074; x_wconf 86' lang='lat' dir='ltr'>belli</span> 
     </span>
    </p>

    <p class='ocr_par' dir='ltr' id='par_1_4' title="bbox 280 1092 1915 1239">
     <span class='ocr_line' id='line_1_12' title="bbox 280 1092 1915 1168; baseline 0 -18"><span class='ocrx_word' id='word_1_75' title='bbox 280 1111 520 1150; x_wconf 80' lang='lat' dir='ltr'>·caussas</span> <span class='ocrx_word' id='word_1_76' title='bbox 541 1093 820 1168; x_wconf 82' lang='lat' dir='ltr'>confingit:</span> <span class='ocrx_word' id='word_1_77' title='bbox 857 1097 1145 1165; x_wconf 79' lang='lat' dir='ltr'>proelianti</span> <span class='ocrx_word' id='word_1_78' title='bbox 1169 1097 1272 1150; x_wconf 75' lang='lat' dir='ltr'>sibi</span> <span class='ocrx_word' id='word_1_79' title='bbox 1288 1092 1539 1164; x_wconf 68' lang='lat' dir='ltr'>adversus</span> <span class='ocrx_word' id='word_1_80' title='bbox 1559 1111 1731 1165; x_wconf 73' lang='lat' dir='ltr'>reyem</span> <span class='ocrx_word' id='word_1_81' title='bbox 1748 1095 1915 1150; x_wconf 76' lang='lat' dir='ltr'>Alba-</span> 
     </span>
     <span class='ocr_line' id='line_1_13' title="bbox 301 1169 1914 1239; baseline -0.001 -13"><span class='ocrx_word' id='word_1_82' title='bbox 301 1186 504 1232; x_wconf 80' lang='lat' dir='ltr'>norum,</span> <span class='ocrx_word' id='word_1_83' title='bbox 535 1177 584 1223; x_wconf 77' lang='lat' dir='ltr'>ot</span> <span class='ocrx_word' id='word_1_84' title='bbox 613 1169 868 1225; x_wconf 75' lang='lat' dir='ltr'>Romanos</span> <span class='ocrx_word' id='word_1_85' title='bbox 897 1171 1112 1224; x_wconf 75' lang='lat' dir='ltr'>auxilio</span> <span class='ocrx_word' id='word_1_86' title='bbox 1138 1173 1368 1236; x_wconf 76' lang='lat' dir='ltr'>vocanti,</span> <span class='ocrx_word' id='word_1_87' title='bbox 1404 1172 1639 1239; x_wconf 68' lang='lat' dir='ltr'>fratrem</span> <span class='ocrx_word' id='word_1_88' title='bbox 1660 1173 1914 1231; x_wconf 78' lang='lat' dir='ltr'>adversa-</span> 
     </span>
    </p>

    <p class='ocr_par' dir='ltr' id='par_1_5' title="bbox 303 1239 1916 1544">
     <span class='ocr_line' id='line_1_14' title="bbox 303 1239 1916 1332; baseline 0.001 -33"><span class='ocrx_word' id='word_1_89' title='bbox 303 1253 428 1308; x_wconf 79' lang='lat' dir='ltr'>tum,</span> <span class='ocrx_word' id='word_1_90' title='bbox 451 1259 664 1313; x_wconf 80' lang='lat' dir='ltr'>eamque</span> <span class='ocrx_word' id='word_1_91' title='bbox 683 1247 934 1300; x_wconf 76' lang='lat' dir='ltr'>iniuriam</span> <span class='ocrx_word' id='word_1_92' title='bbox 950 1249 1160 1299; x_wconf 74' lang='lat' dir='ltr'>excidio</span> <span class='ocrx_word' id='word_1_93' title='bbox 1178 1249 1345 1332; x_wconf 73' lang='lat' dir='ltr'>ipsius</span> <span class='ocrx_word' id='word_1_94' title='bbox 1361 1241 1529 1300; x_wconf 69' lang='lat' dir='ltr'>ultum</span> <span class='ocrx_word' id='word_1_95' title='bbox 1548 1249 1762 1300; x_wconf 75' lang='lat' dir='ltr'>iturum.</span> <span class='ocrx_word' id='word_1_96' title='bbox 1826 1239 1916 1300; x_wconf 88' lang='lat' dir='ltr'>Si-</span> 
     </span>
     <span class='ocr_line' id='line_1_15' title="bbox 303 1315 1911 1393; baseline 0 -19"><span class='ocrx_word' id='word_1_97' title='bbox 303 1317 420 1374; x_wconf 90' lang='lat' dir='ltr'>mul</span> <span class='ocrx_word' id='word_1_98' title='bbox 441 1335 664 1393; x_wconf 86' lang='lat' dir='ltr'>magnas</span> <span class='ocrx_word' id='word_1_99' title='bbox 683 1318 861 1390; x_wconf 88' lang='lat' dir='ltr'>copias</span> <span class='ocrx_word' id='word_1_100' title='bbox 883 1315 994 1373; x_wconf 78' lang='lat' dir='ltr'>filio</span> <span class='ocrx_word' id='word_1_101' title='bbox 1011 1318 1258 1374; x_wconf 82' lang='lat' dir='ltr'>tradidit.</span> <span class='ocrx_word' id='word_1_102' title='bbox 1294 1316 1389 1378; x_wconf 84' lang='lat' dir='ltr'>llle</span> <span class='ocrx_word' id='word_1_103' title='bbox 1406 1318 1712 1392; x_wconf 83' lang='lat' dir='ltr'>inruptione</span> <span class='ocrx_word' id='word_1_104' title='bbox 1732 1319 1911 1375; x_wconf 86' lang='lat' dir='ltr'>subita</span> 
     </span>
     <span class='ocr_line' id='line_1_16' title="bbox 303 1391 1914 1466; baseline 0.001 -18"><span class='ocrx_word' id='word_1_105' title='bbox 303 1394 566 1459; x_wconf 87' lang='lat' dir='ltr'>territum,</span> <span class='ocrx_word' id='word_1_106' title='bbox 589 1399 922 1466; x_wconf 88' lang='lat' dir='ltr'>exutumque</span> <span class='ocrx_word' id='word_1_107' title='bbox 940 1395 1147 1465; x_wconf 84' lang='lat' dir='ltr'>campis</span> <span class='ocrx_word' id='word_1_108' title='bbox 1166 1391 1545 1460; x_wconf 78' lang='lat' dir='ltr'>Mithridatem,</span> <span class='ocrx_word' id='word_1_109' title='bbox 1568 1394 1871 1466; x_wconf 80' lang='lat' dir='ltr'>compulit</span> <span class='ocrx_word' id='word_1_110' title='bbox 1854 1413 1914 1449; x_wconf 88' lang='grc' dir='ltr'>ιιι</span> 
     </span>
     <span class='ocr_line' id='line_1_17' title="bbox 303 1465 1911 1544; baseline 0.001 -19"><span class='ocrx_word' id='word_1_111' title='bbox 303 1467 582 1525; x_wconf 88' lang='lat' dir='ltr'>castellum</span> <span class='ocrx_word' id='word_1_112' title='bbox 612 1469 868 1535; x_wconf 76' lang='lat' dir='ltr'>Gorneae,</span> <span class='ocrx_word' id='word_1_113' title='bbox 911 1476 1089 1525; x_wconf 90' lang='lat' dir='ltr'>tutum</span> <span class='ocrx_word' id='word_1_114' title='bbox 1129 1467 1243 1525; x_wconf 91' lang='lat' dir='ltr'>loco</span> <span class='ocrx_word' id='word_1_115' title='bbox 1278 1487 1340 1525; x_wconf 91' lang='lat' dir='ltr'>ac</span> <span class='ocrx_word' id='word_1_116' title='bbox 1355 1469 1621 1544; x_wconf 87' lang='lat' dir='ltr'>praesidio</span> <span class='ocrx_word' id='word_1_117' title='bbox 1647 1465 1911 1537; x_wconf 84' lang='lat' dir='ltr'>militum,</span> 
     </span>
    </p>

    <p class='ocr_par' dir='ltr' id='par_1_6' title="bbox 301 1540 1919 2217">
     <span class='ocr_line' id='line_1_18' title="bbox 301 1540 1914 1621; baseline -0.001 -20"><span class='ocrx_word' id='word_1_118' title='bbox 301 1546 430 1618; x_wconf 90' lang='lat' dir='ltr'>quis</span> <span class='ocrx_word' id='word_1_119' title='bbox 479 1543 693 1600; x_wconf 88' lang='lat' dir='ltr'>Caelius</span> <span class='ocrx_word' id='word_1_120' title='bbox 747 1544 913 1600; x_wconf 89' lang='lat' dir='ltr'>Pollio</span> <span class='ocrx_word' id='word_1_121' title='bbox 961 1540 1285 1617; x_wconf 77' lang='lat' dir='ltr'>praefectus,</span> <span class='ocrx_word' id='word_1_122' title='bbox 1346 1547 1584 1601; x_wconf 85' lang='lat' dir='ltr'>centurio</span> <span class='ocrx_word' id='word_1_123' title='bbox 1620 1544 1914 1621; x_wconf 73' lang='lat' dir='ltr'>Casperius</span> 
     </span>
     <span class='ocr_line' id='line_1_19' title="bbox 301 1617 1916 1701; baseline 0.001 -26"><span class='ocrx_word' id='word_1_124' title='bbox 301 1627 560 1693; x_wconf 79' lang='lat' dir='ltr'>praeerat</span> <span class='ocrx_word' id='word_1_125' title='bbox 638 1619 787 1675; x_wconf 89' lang='lat' dir='ltr'>Nihil</span> <span class='ocrx_word' id='word_1_126' title='bbox 816 1628 925 1676; x_wconf 88' lang='lat' dir='ltr'>tam</span> <span class='ocrx_word' id='word_1_127' title='bbox 953 1620 1206 1694; x_wconf 83' lang='lat' dir='ltr'>ignarum</span> <span class='ocrx_word' id='word_1_128' title='bbox 1230 1620 1493 1701; x_wconf 78' lang='lat' dir='ltr'>barbarie,</span> <span class='ocrx_word' id='word_1_129' title='bbox 1516 1636 1681 1695; x_wconf 86' lang='lat' dir='ltr'>quam</span> <span class='ocrx_word' id='word_1_130' title='bbox 1702 1617 1916 1680; x_wconf 77' lang='lat' dir='ltr'>machi-</span> 
     </span>
     <span class='ocr_line' id='line_1_20' title="bbox 305 1696 1915 1769; baseline 0 -19"><span class='ocrx_word' id='word_1_131' title='bbox 305 1702 554 1750; x_wconf 87' lang='lat' dir='ltr'>namenta</span> <span class='ocrx_word' id='word_1_132' title='bbox 594 1702 646 1749; x_wconf 89' lang='lat' dir='ltr'>et</span> <span class='ocrx_word' id='word_1_133' title='bbox 681 1701 828 1749; x_wconf 87' lang='lat' dir='ltr'>astus</span> <span class='ocrx_word' id='word_1_134' title='bbox 863 1696 1356 1769; x_wconf 85' lang='lat' dir='ltr'>oppugnationum:</span> <span class='ocrx_word' id='word_1_135' title='bbox 1398 1704 1459 1757; x_wconf 83' lang='lat' dir='ltr'>at</span> <span class='ocrx_word' id='word_1_136' title='bbox 1494 1696 1648 1752; x_wconf 83' lang='lat' dir='ltr'>nobis</span> <span class='ocrx_word' id='word_1_137' title='bbox 1684 1698 1745 1751; x_wconf 75' lang='lat' dir='ltr'>ea</span> <span class='ocrx_word' id='word_1_138' title='bbox 1785 1714 1915 1769; x_wconf 89' lang='lat' dir='ltr'>pars</span> 
     </span>
     <span class='ocr_line' id='line_1_21' title="bbox 301 1766 1914 1844; baseline 0 -19"><span class='ocrx_word' id='word_1_139' title='bbox 301 1768 526 1825; x_wconf 86' lang='lat' dir='ltr'>militiae</span> <span class='ocrx_word' id='word_1_140' title='bbox 553 1770 789 1824; x_wconf 85' lang='lat' dir='ltr'>maxime</span> <span class='ocrx_word' id='word_1_141' title='bbox 814 1786 980 1844; x_wconf 81' lang='lat' dir='ltr'>gnara</span> <span class='ocrx_word' id='word_1_142' title='bbox 1008 1777 1107 1826; x_wconf 84' lang='lat' dir='ltr'>est.</span> <span class='ocrx_word' id='word_1_143' title='bbox 1185 1772 1263 1825; x_wconf 85' lang='lat' dir='ltr'>Ita</span> <span class='ocrx_word' id='word_1_144' title='bbox 1284 1770 1690 1837; x_wconf 83' lang='lat' dir='ltr'>Rhadamistus,</span> <span class='ocrx_word' id='word_1_145' title='bbox 1712 1766 1914 1826; x_wconf 65' lang='lat' dir='ltr'>flustra</span> 
     </span>
     <span class='ocr_line' id='line_1_22' title="bbox 303 1843 1917 1913; baseline 0.001 -14"><span class='ocrx_word' id='word_1_146' title='bbox 303 1843 388 1899; x_wconf 82' lang='lat' dir='ltr'>vel</span> <span class='ocrx_word' id='word_1_147' title='bbox 417 1860 543 1899; x_wconf 86' lang='lat' dir='ltr'>cum</span> <span class='ocrx_word' id='word_1_148' title='bbox 572 1844 769 1900; x_wconf 91' lang='lat' dir='ltr'>damno</span> <span class='ocrx_word' id='word_1_149' title='bbox 795 1846 1004 1900; x_wconf 85' lang='lat' dir='ltr'>tentatis</span> <span class='ocrx_word' id='word_1_150' title='bbox 1035 1844 1449 1913; x_wconf 84' lang='lat' dir='ltr'>munitionibus,</span> <span class='ocrx_word' id='word_1_151' title='bbox 1482 1844 1793 1904; x_wconf 83' lang='lat' dir='ltr'>obsidium&#39;</span> <span class='ocrx_word' id='word_1_152' title='bbox 1772 1846 1917 1901; x_wconf 83' lang='lat' dir='ltr'>mci-</span> 
     </span>
     <span class='ocr_line' id='line_1_23' title="bbox 302 1919 1915 1995; baseline 0.002 -22"><span class='ocrx_word' id='word_1_153' title='bbox 302 1920 410 1993; x_wconf 86' lang='lat' dir='ltr'>pit·</span> <span class='ocrx_word' id='word_1_154' title='bbox 473 1926 552 1985; x_wconf 83' lang='lat' dir='ltr'>et,</span> <span class='ocrx_word' id='word_1_155' title='bbox 603 1936 729 1974; x_wconf 89' lang='lat' dir='ltr'>cum</span> <span class='ocrx_word' id='word_1_156' title='bbox 768 1922 853 1975; x_wconf 85' lang='lat' dir='ltr'>vis</span> <span class='ocrx_word' id='word_1_157' title='bbox 898 1919 1286 1995; x_wconf 76' lang='lat' dir='ltr'>negligeretur,</span> <span class='ocrx_word' id='word_1_158' title='bbox 1338 1919 1615 1978; x_wconf 82' lang='lat' dir='ltr'>avaritiam</span> <span class='ocrx_word' id='word_1_159' title='bbox 1658 1920 1915 1993; x_wconf 85' lang='lat' dir='ltr'>praefecti</span> 
     </span>
     <span class='ocr_line' id='line_1_24' title="bbox 303 1964 1919 2067; baseline 0.001 -18"><span class='ocrx_word' id='word_1_160' title='bbox 303 2001 618 2059; x_wconf 83' lang='lat' dir='ltr'>emereatur,</span> <span class='ocrx_word' id='word_1_161' title='bbox 619 1995 922 2050; x_wconf 83' lang='lat' dir='ltr'>obtestante</span> <span class='ocrx_word' id='word_1_162' title='bbox 941 1964 1212 2067; x_wconf 90' lang='lat' dir='ltr'>Casperio,</span> <span class='ocrx_word' id='word_1_163' title='bbox 1234 2014 1299 2051; x_wconf 76' lang='lat' dir='ltr'>ne</span> <span class='ocrx_word' id='word_1_164' title='bbox 1317 2002 1491 2051; x_wconf 76' lang='lat' dir='ltr'>socius</span> <span class='ocrx_word' id='word_1_165' title='bbox 1507 1993 1625 2061; x_wconf 65' lang='lat' dir='ltr'>raa),</span> <span class='ocrx_word' id='word_1_166' title='bbox 1644 2012 1711 2051; x_wconf 77' lang='lat' dir='ltr'>ne</span> <span class='ocrx_word' id='word_1_167' title='bbox 1726 1996 1919 2051; x_wconf 73' lang='lat' dir='ltr'>Arme-</span> 
     </span>
     <span class='ocr_line' id='line_1_25' title="bbox 302 2072 1918 2140; baseline 0.001 -16"><span class='ocrx_word' id='word_1_168' title='bbox 302 2075 412 2133; x_wconf 85' lang='lat' dir='ltr'>m&#39;a,</span> <span class='ocrx_word' id='word_1_169' title='bbox 444 2074 635 2124; x_wconf 82' lang='lat' dir='ltr'>donum</span> <span class='ocrx_word' id='word_1_170' title='bbox 648 2073 833 2139; x_wconf 81' lang='lat' dir='ltr'>populi</span> <span class='ocrx_word' id='word_1_171' title='bbox 852 2072 1087 2135; x_wconf 81' lang='lat' dir='ltr'>Romani,</span> <span class='ocrx_word' id='word_1_172' title='bbox 1116 2074 1308 2126; x_wconf 73' lang='lat' dir='ltr'>scelere</span> <span class='ocrx_word' id='word_1_173' title='bbox 1335 2081 1383 2125; x_wconf 83' lang='lat' dir='ltr'>et</span> <span class='ocrx_word' id='word_1_174' title='bbox 1396 2078 1623 2140; x_wconf 77' lang='lat' dir='ltr'>pecunia</span> <span class='ocrx_word' id='word_1_175' title='bbox 1646 2080 1918 2126; x_wconf 78' lang='lat' dir='ltr'>verteren-</span> 
     </span>
     <span class='ocr_line' id='line_1_26' title="bbox 307 2141 1913 2217; baseline 0.001 -17"><span class='ocrx_word' id='word_1_176' title='bbox 307 2154 412 2201; x_wconf 81' lang='lat' dir='ltr'>tur.</span> <span class='ocrx_word' id='word_1_177' title='bbox 489 2144 790 2211; x_wconf 84' lang='lat' dir='ltr'>Postremo,</span> <span class='ocrx_word' id='word_1_178' title='bbox 829 2146 962 2217; x_wconf 85' lang='lat' dir='ltr'>quia</span> <span class='ocrx_word' id='word_1_179' title='bbox 1002 2144 1404 2201; x_wconf 87' lang='lat' dir='ltr'>multitudinem</span> <span class='ocrx_word' id='word_1_180' title='bbox 1445 2146 1683 2201; x_wconf 82' lang='lat' dir='ltr'>hostium</span> <span class='ocrx_word' id='word_1_181' title='bbox 1720 2141 1913 2209; x_wconf 86' lang='lat' dir='ltr'>Pollio,</span> 
     </span>
    </p>

    <p class='ocr_par' dir='ltr' id='par_1_7' title="bbox 303 2219 1917 2352">
     <span class='ocr_line' id='line_1_27' title="bbox 303 2219 1917 2293; baseline -0.003 -18"><span class='ocrx_word' id='word_1_182' title='bbox 303 2221 452 2276; x_wconf 88' lang='lat' dir='ltr'>iussa</span> <span class='ocrx_word' id='word_1_183' title='bbox 470 2220 639 2291; x_wconf 87' lang='lat' dir='ltr'>patris</span> <span class='ocrx_word' id='word_1_184' title='bbox 658 2219 1039 2288; x_wconf 85' lang='lat' dir='ltr'>Rhadamistus</span> <span class='ocrx_word' id='word_1_185' title='bbox 1060 2220 1434 2286; x_wconf 82' lang='lat' dir='ltr'>obtendebant,</span> <span class='ocrx_word' id='word_1_186' title='bbox 1458 2231 1645 2293; x_wconf 82' lang='lat' dir='ltr'>pactus</span> <span class='ocrx_word' id='word_1_187' title='bbox 1664 2220 1917 2276; x_wconf 80' lang='lat' dir='ltr'>inducias</span> 
     </span>
     <span class='ocr_line' id='line_1_28' title="bbox 303 2292 1915 2362; baseline -0.001 -12"><span class='ocrx_word' id='word_1_188' title='bbox 303 2295 557 2361; x_wconf 80' lang='lat' dir='ltr'>abscedit,</span> <span class='ocrx_word' id='word_1_189' title='bbox 589 2299 669 2362; x_wconf 84' lang='lat' dir='ltr'>ut,</span> <span class='ocrx_word' id='word_1_190' title='bbox 700 2297 806 2350; x_wconf 89' lang='lat' dir='ltr'>nisi</span> <span class='ocrx_word' id='word_1_191' title='bbox 835 2294 1229 2352; x_wconf 82' lang='lat' dir='ltr'>Pharasmanen</span> <span class='ocrx_word' id='word_1_192' title='bbox 1256 2292 1401 2351; x_wconf 89' lang='lat' dir='ltr'>bello</span> <span class='ocrx_word' id='word_1_193' title='bbox 1428 2295 1824 2361; x_wconf 80' lang='lat' dir='ltr'>absterruisset,</span> <span class='ocrx_word' id='word_1_194' title='bbox 1848 2296 1915 2349; x_wconf 87' lang='grc' dir='ltr'>Τ.</span> 
     </span>
    </p>

    <p class='ocr_par' dir='ltr' id='par_1_8' title="bbox 302 2338 1919 2502">
     <span class='ocr_line' id='line_1_29' title="bbox 302 2338 1919 2451; baseline 0.001 -26"><span class='ocrx_word' id='word_1_195' title='bbox 302 2370 639 2425; x_wconf 88' lang='lat' dir='ltr'>Ummidium</span> <span class='ocrx_word' id='word_1_196' title='bbox 657 2338 1010 2437; x_wconf 87' lang='lat' dir='ltr'>Quadratum,</span> <span class='ocrx_word' id='word_1_197' title='bbox 1031 2370 1333 2445; x_wconf 89' lang='lat' dir='ltr'>praesidem</span> <span class='ocrx_word' id='word_1_198' title='bbox 1354 2370 1539 2445; x_wconf 85' lang='lat' dir='ltr'>Syriae</span> <span class='ocrx_word' id='word_1_199' title='bbox 1554 2370 1783 2451; x_wconf 86' lang='lat' dir='ltr'>doceret,</span> <span class='ocrx_word' id='word_1_200' title='bbox 1802 2388 1919 2443; x_wconf 91' lang='lat' dir='ltr'>quc</span> 
     </span>
     <span class='ocr_line' id='line_1_30' title="bbox 305 2445 1034 2502; baseline 0.003 -3"><span class='ocrx_word' id='word_1_201' title='bbox 305 2446 360 2500; x_wconf 85' lang='lat' dir='ltr'>in</span> <span class='ocrx_word' id='word_1_202' title='bbox 381 2452 520 2500; x_wconf 86' lang='lat' dir='ltr'>statu</span> <span class='ocrx_word' id='word_1_203' title='bbox 542 2445 828 2501; x_wconf 79' lang='lat' dir='ltr'>Armeniae</span> <span class='ocrx_word' id='word_1_204' title='bbox 845 2446 1034 2502; x_wconf 82' lang='lat' dir='ltr'>forent.</span> 
     </span>
    </p>

    <p class='ocr_par' dir='ltr' id='par_1_9' title="bbox 303 2478 1921 2817">
     <span class='ocr_line' id='line_1_31' title="bbox 415 2478 1920 2595; baseline 0.002 -22"><span class='ocrx_word' id='word_1_205' title='bbox 415 2522 498 2574; x_wconf 73' lang='lat'>46.</span> <span class='ocrx_word' id='word_1_206' title='bbox 539 2521 796 2595; x_wconf 85' lang='lat' dir='ltr'>Digressu</span> <span class='ocrx_word' id='word_1_207' title='bbox 827 2523 1173 2588; x_wconf 84' lang='lat' dir='ltr'>centurionis,</span> <span class='ocrx_word' id='word_1_208' title='bbox 1210 2520 1357 2577; x_wconf 82' lang='lat' dir='ltr'>velut</span> <span class='ocrx_word' id='word_1_209' title='bbox 1387 2520 1605 2577; x_wconf 84' lang='lat' dir='ltr'>custode</span> <span class='ocrx_word' id='word_1_210' title='bbox 1632 2478 1920 2576; x_wconf 82' lang='lat' dir='ltr'>exsolutus</span> 
     </span>
     <span class='ocr_line' id='line_1_32' title="bbox 304 2593 1917 2665; baseline 0.003 -18"><span class='ocrx_word' id='word_1_211' title='bbox 304 2593 619 2665; x_wconf 74' lang='lat' dir='ltr'>praefectae,</span> <span class='ocrx_word' id='word_1_212' title='bbox 645 2596 842 2652; x_wconf 84' lang='lat' dir='ltr'>hortari</span> <span class='ocrx_word' id='word_1_213' title='bbox 862 2596 1221 2653; x_wconf 84' lang='lat' dir='ltr'>Mithridatem</span> <span class='ocrx_word' id='word_1_214' title='bbox 1242 2596 1311 2651; x_wconf 87' lang='lat' dir='ltr'>ad</span> <span class='ocrx_word' id='word_1_215' title='bbox 1330 2595 1680 2652; x_wconf 87' lang='lat' dir='ltr'>sanciendum</span> <span class='ocrx_word' id='word_1_216' title='bbox 1694 2594 1917 2662; x_wconf 65' lang='lat' dir='ltr'>foedus,</span> 
     </span>
     <span class='ocr_line' id='line_1_33' title="bbox 303 2672 1918 2743; baseline 0.003 -23"><span class='ocrx_word' id='word_1_217' title='bbox 303 2672 713 2725; x_wconf 69' lang='lat' dir='ltr'>coniunctionem</span> <span class='ocrx_word' id='word_1_218' title='bbox 729 2674 978 2741; x_wconf 67' lang='lat' dir='ltr'>fratrum,</span> <span class='ocrx_word' id='word_1_219' title='bbox 997 2690 1063 2727; x_wconf 81' lang='lat' dir='ltr'>ac</span> <span class='ocrx_word' id='word_1_220' title='bbox 1077 2677 1309 2740; x_wconf 71' lang='lat' dir='ltr'>priorem</span> <span class='ocrx_word' id='word_1_221' title='bbox 1326 2680 1496 2727; x_wconf 76' lang='lat' dir='ltr'>aetate</span> <span class='ocrx_word' id='word_1_222' title='bbox 1506 2672 1918 2743; x_wconf 56' lang='lat' dir='ltr'>Pharasmanen,</span> 
     </span>
     <span class='ocr_line' id='line_1_34' title="bbox 303 2744 1921 2817; baseline 0.004 -22"><span class='ocrx_word' id='word_1_223' title='bbox 303 2749 354 2795; x_wconf 79' lang='lat' dir='ltr'>ot</span> <span class='ocrx_word' id='word_1_224' title='bbox 393 2752 564 2799; x_wconf 76' lang='lat' dir='ltr'>cetera</span> <span class='ocrx_word' id='word_1_225' title='bbox 587 2750 1019 2801; x_wconf 72' lang='lat' dir='ltr'>necessitudinum</span> <span class='ocrx_word' id='word_1_226' title='bbox 1046 2751 1258 2802; x_wconf 74' lang='lat' dir='ltr'>nomina</span> <span class='ocrx_word' id='word_1_227' title='bbox 1286 2744 1539 2813; x_wconf 80' lang='lat' dir='ltr'>referens,</span> <span class='ocrx_word' id='word_1_228' title='bbox 1581 2748 1729 2817; x_wconf 70' lang='lat' dir='ltr'>quod·</span> <span class='ocrx_word' id='word_1_229' title='bbox 1750 2748 1921 2803; x_wconf 67' lang='lat' dir='ltr'>aliam</span> 
     </span>
    </p>
   </div>
  </div>
 </body>
</html>
