2081 3038
285 277 350 330 32
848 277 1317 326 ANNALIUM
1610 268 1879 343 (A.u.⁷6?.

282 383 397 438 dies
413 423 425 447 ‚
446 378 614 436 simul
636 379 843 452 quietos
864 397 970 435 nox
990 380 1246 436 habuerat
1263 421 1275 444 ,
1307 375 1590 433 discedunt
1607 379 1664 432 in
1684 386 1880 450 partem,

284 460 537 530 ingerunt
554 453 682 511 tela:
707 454 922 520 clamor,
946 455 1190 520 vulnera,
1214 454 1436 526 sanguis
1455 453 1661 524 palam:
1697 470 1884 508 caussa

285 535 342 586 in
364 531 599 586 occulto:
622 537 787 584 cetera
812 530 917 585 fors
939 530 1101 604 regit:
1125 538 1176 584 et
1194 529 1417 601 quidam
1438 529 1700 600 bonorum
1723 531 1881 592 caesi,

286 615 591 678 postquam,
615 605 897 670 intellect0‚
920 607 977 660 in
998 623 1136 677 quos
1156 605 1450 659 saeviretur
1464 645 1476 669 ‚
1507 604 1730 675 pessimi
1751 621 1888 677 quo-

286 699 395 754 que
414 699 559 736 arma
580 682 881 751 rapuerant.
962 681 1150 752 Neque
1169 680 1374 752 legatus
1393 683 1484 733 aut
1502 678 1753 734 tribunus
1773 695 1888 733 mo-

286 757 491 813 derator
516 755 715 811 adfuit:
756 756 1017 828 permissa
1049 755 1212 828 vulgo
1243 754 1451 808 licentia
1481 762 1640 826 atque
1669 753 1800 808 ultio
1839 762 1889 808 et

287 833 518 888 satietas,
597 832 721 886 Mox
750 833 1029 904 ingressus
1063 838 1232 884 castra
1251 829 1632 894 Germanicus,
1661 847 1766 883 non
1785 845 1890 881 nie-

286 913 515 962 dicinam
546 909 704 969 illud,
736 904 987 978 plurimis
1020 923 1146 960 cum
1179 904 1440 969 lacrimis,
1471 907 1560 958 sed
1580 907 1776 958 cladem
1797 903 1880 957 ad-

290 982 512 1054 pellans‚
538 987 764 1036 cremari
784 995 1005 1049 corpora
1022 981 1190 1035 iubet.
1241 979 1439 1034 Truces
1458 979 1616 1034 etiam
1637 987 1753 1032 tum
1774 979 1891 1033 ani-

291 1075 405 1112 mos
426 1055 620 1128 cupido
639 1055 839 1111 involat
858 1055 1020 1110 eundi
1039 1057 1098 1110 in
1115 1055 1342 1119 hostem,
1366 1052 1641 1127 piaculum
1662 1053 1886 1109 furoris:

290 1149 387 1187 nec
404 1131 555 1187 aliter
571 1147 727 1202 posse
745 1130 944 1204 placari
962 1129 1388 1188 commilitonum
1407 1146 1591 1184 manes
1607 1172 1619 1194 ,
1651 1145 1816 1200 quam
1843 1129 1890 1184 si

292 1206 590 1278 pectoribus
608 1207 793 1279 impiis
815 1205 1030 1261 honesta
1055 1205 1274 1261 vulnera
1295 1205 1638 1276 accepissent.
1699 1203 1893 1276 Sequi-

291 1292 377 1336 tur
398 1281 637 1337 ardorem
658 1281 891 1336 militum
912 1281 1104 1336 Caesar
1121 1323 1135 1347 ‚
1163 1283 1454 1353 iunctoque
1471 1287 1630 1352 ponte
1649 1280 1893 1333 tramittit

290 1357 569 1412 duodecim
593 1356 759 1411 millia
780 1374 810 1410 e
830 1355 1132 1430 legionibus
1148 1398 1160 1422 ‚
1193 1373 1290 1412 sex
1317 1364 1368 1410 et
1395 1355 1590 1428 viginti
1615 1355 1784 1410 socias
1806 1372 1894 1408 co-

291 1433 488 1504 hortes,
510 1439 624 1487 octo
642 1431 887 1504 equitum
906 1431 1037 1498 alas,
1056 1448 1290 1506 quarum
1310 1448 1370 1486 ea
1389 1429 1647 1486 seditione
1664 1430 1890 1486 inteme-

293 1514 401 1563 rata
420 1505 677 1563 modestia
699 1505 818 1563 fuit.

402 1588 487 1640 50.
530 1584 703 1649 Laeti,
728 1600 902 1657 neque
920 1580 1137 1656 procul,
1160 1582 1414 1639 Germani
1435 1582 1730 1657 agitabant,
1761 1581 1894 1637 dum

292 1660 495 1715 iustitio
513 1658 581 1714 ob
601 1660 864 1714 amissum
884 1661 1214 1733 Augustum,
1235 1665 1356 1731 post
1373 1656 1653 1713 discordiis
1670 1700 1682 1723 ‚
1707 1658 1898 1712 attine-

296 1752 436 1789 mur.
515 1733 583 1788 At
611 1734 882 1789 Romanus
912 1734 1126 1808 agmine
1159 1750 1381 1805 propero
1420 1732 1614 1789 silvam
1653 1732 1896 1787 Caesiam

294 1808 631 1880 limitemque
650 1826 679 1861 a
698 1808 908 1871 Tiberio
927 1818 1172 1881 coeptum
1195 1808 1416 1863 scindit:
1461 1816 1628 1863 castra
1647 1808 1706 1863 in
1727 1807 1900 1864 limite

296 1885 455 1951 locat3
510 1882 733 1938 frontem
772 1900 834 1937 ac
870 1890 1081 1957 tergum
1121 1882 1262 1939 vallo
1278 1924 1293 1948 ,
1346 1883 1504 1939 latera
1543 1882 1898 1939 concaedibus

296 1958 489 2013 munit.
568 1957 697 2013 Inde
724 1956 892 2022 saltus
920 1959 1174 2014 obscuros
1201 1968 1464 2029 permeat,
1505 1957 1896 2031 consultatque,

296 2052 363 2105 ex
382 2032 595 2088 duobus
615 2032 897 2091 itineribus
917 2034 1080 2091 breve
1098 2042 1147 2088 et
1167 2034 1383 2089 solitum
1405 2042 1679 2107 sequatur,
1703 2052 1771 2089 an
1792 2035 1901 2089 im-

298 2109 529 2181 peditius
549 2115 600 2163 et
618 2109 956 2175 intentatum,
980 2126 1152 2183 eoque
1171 2109 1416 2165 hostibus
1437 2109 1736 2165 incautum.
1796 2109 1900 2163 De-

298 2184 427 2239 lecta
457 2182 692 2257 longiore
720 2185 808 2240 via
823 2225 839 2250 ‚
868 2192 1040 2241 cetera
1068 2182 1449 2240 adcelerantur.
1526 2184 1740 2240 Etenim
1761 2191 1904 2239 attu-

297 2260 465 2326 lerant
492 2258 847 2331 exploratores
873 2266 1058 2331 sestam
1086 2278 1199 2315 eam
1225 2259 1498 2315 Germanis
1516 2269 1713 2315 noctem
1731 2278 1796 2317 ac
1814 2276 1904 2315 so·-

299 2338 531 2389 lennibus
565 2337 731 2403 epulis
758 2338 1035 2391 ludicram.
1114 2334 1339 2391 Caecina
1369 2352 1494 2389 cum
1522 2334 1784 2407 expeditis
1814 2352 1906 2389 co-

298 2409 540 2465 hortibus
557 2409 781 2481 praeire‚
798 2418 848 2465 et
865 2410 1126 2465 obstantia
1145 2410 1406 2467 silvarum
1425 2408 1634 2466 amoliri
1653 2410 1901 2466 iubetur:

299 2485 532 2557 legiones
552 2485 761 2541 modico
781 2484 1060 2541 intervallo
1079 2494 1402 2559 sequuntur.
1472 2485 1612 2541 Iuvit
1633 2502 1739 2540 nox
1759 2484 1907 2541 side-

298 2560 451 2616 ribus
469 2558 742 2617 inlustris:
777 2568 1110 2635 ventumque
1129 2562 1197 2616 ad
1217 2561 1364 2616 vicos
1383 2560 1702 2627 Marsorum,
1727 2568 1780 2615 et
1799 2560 1910 2615 cir-

298 2634 583 2703 cumdatae,
592 2637 868 2705 stationes,
892 2639 1070 2693 stratis
1091 2637 1250 2693 etiam
1270 2644 1386 2691 tum
1405 2652 1502 2707 per
1521 2634 1720 2692 cubilia
1735 2678 1748 2701 ‚
1781 2652 1912 2708 pro-

300 2718 525 2782 pterque
555 2730 767 2767 mensas
785 2756 797 2778 ‚
832 2713 979 2769 nullo
998 2722 1144 2767 metu
1162 2754 1174 2777 ‚
1209 2728 1313 2767 non
1345 2712 1654 2782 antepositis
1673 2710 1906 2783 vigiliis.

314 2784 445 2841 &deo
464 2794 651 2840 cuncta
674 2788 877 2843 incuria
898 2790 1115 2845 disiecta
1137 2793 1311 2843 erant:
1353 2803 1530 2859 neque
1558 2785 1684 2842 belli
1715 2788 1907 2855 tinini-3
