2081 3038
338 265 438 322 224
903 265 1384 319 ANNALIUM
1669 261 1947 337 (audeo.

341 385 463 427 nem
488 367 702 439 dabant,
725 370 964 428 invalido
985 389 1048 428 ac
1066 370 1286 428 fortasse
1306 371 1511 447 ignaro,
1526 370 1645 428 ficta
1662 369 1945 446 pleraque,

337 447 404 503 ob
423 446 733 504 inimicitias
753 447 1016 504 Macronis
1036 456 1187 505 notas
1204 450 1264 504 in
1284 447 1622 504 Arruntium.

449 525 532 578 48.
576 523 743 597 Igitur
771 523 1034 580 Domitius
1051 564 1065 590 ,
1095 522 1458 581 defensionem
1476 522 1769 590 meditans,
1802 523 1952 580 Mar-

333 615 454 672 sus,
465 604 742 672 tamquam
759 597 995 655 inediam
1015 597 1410 666 destinavisset,
1426 599 1726 674 produxere
1744 599 1946 658 vitam:

337 673 656 742 Arruntius,
687 674 1075 732 cunctationem
1096 682 1148 730 et
1166 692 1342 732 moras
1362 674 1711 731 suadentibus
1732 675 1948 740 amicis,

336 751 457 808 Non
485 753 661 807 eadem
688 753 922 808 omnibus
942 755 1134 806 decora
1148 793 1161 817 ,
1197 749 1487 826 respondit.
1566 749 1683 806 Sibi
1703 755 1839 806 satis
1857 767 1954 808 ae-

339 831 492 892 tatis.-
528 844 692 898 neque
717 829 868 902 aliud
886 830 1277 898 poenitendum,
1309 844 1466 898 qtmm
1491 829 1629 898 quod
1645 831 1784 882 inter
1806 828 1954 881 ludi-

339 905 458 958 bria
485 911 534 956 et
556 905 798 972 pericula
822 905 1044 960 anxiam
1070 911 1327 958 senectam
1354 905 1698 966 toleravisset,
1730 904 1825 955 diu
1853 899 1955 956 Se-

337 981 486 1042 iano,
515 994 654 1033 nunc
679 979 949 1044 Macroni,
989 994 1191 1048 semper
1214 980 1384 1034 alicui
1406 981 1691 1047 potentium
1718 978 1952 1044 invisus,-

338 1069 442 1107 non
471 1053 626 1121 culpa
639 1091 653 1116 ,
683 1055 776 1108 sed
802 1061 861 1109 ut
889 1056 1211 1124 flagitiorum
1235 1055 1513 1123 inpatiens.
1592 1050 1734 1110 Sane
1749 1068 1954 1120 paucos

338 1136 389 1182 et
413 1143 680 1196 supremos
694 1132 959 1198 principie
985 1132 1098 1184 dies
1120 1144 1273 1198 posse
1289 1133 1482 1186 vitari:
1520 1130 1951 1198 quemadmodum

339 1217 615 1257 evasurum
636 1202 931 1259 inminentis
950 1201 1253 1260 iuventam?
1289 1203 1387 1268 An,
1418 1220 1534 1258 cum
1558 1203 1811 1267 Tiberius,
1834 1210 1953 1272 post
2048 1243 2050 1254 .

339 1285 539 1332 tantam
567 1295 744 1333 rerum
771 1283 1175 1349 emperientiam,
1204 1284 1260 1333 vi
1284 1282 1653 1334 dominationis
1672 1280 1951 1334 convulsus

337 1359 388 1407 et
405 1361 636 1408 mutatus
652 1357 738 1418 sit,
763 1354 822 1409 0.
841 1353 1130 1418 Caesarem,
1153 1357 1249 1408 vim
1268 1357 1418 1424 finita
1434 1356 1682 1423 pueritia,
1703 1356 1951 1422 ignarum

339 1433 582 1492 omnium,
603 1438 697 1485 aut
709 1433 948 1498 pessimis
967 1433 1297 1495 innutritum,
1310 1432 1527 1484 meliora
1548 1431 1945 1498 capessiturum,
2049 1437 2050 1497 Q

341 1503 588 1561 Macrone
604 1503 771 1560 duce?
809 1509 924 1575 qui,
947 1513 1007 1560 ut
1025 1507 1268 1570 deterior,
1296 1507 1369 1560 ad
1387 1507 1777 1575 opprimendum
1796 1502 1951 1561 Seia-

337 1597 464 1635 num
497 1583 747 1646 delectus,
782 1582 943 1649 ptura
973 1596 1077 1650 per
1106 1584 1306 1637 scelera
1343 1597 1501 1650 remp.
1534 1582 1949 1647 conflictavieset.

341 1655 674 1724 &aspectare
692 1660 800 1710 iam
817 1672 874 1711 se
890 1661 1073 1711 aerius
1090 1661 1383 1721 servitium,
1414 1673 1571 1726 eoque
1588 1660 1774 1727 [ωροτε
1792 1658 1953 1711 simul
2047 1716 2048 1734 χ

338 1736 461 1784 acta
481 1736 529 1784 et
546 1728 820 1785 instantia.
861 1728 1001 1785 Haec
1017 1730 1155 1787 vatis
1175 1732 1233 1786 in
1253 1730 1469 1787 modum
1491 1729 1951 1797 dictitans,'venas

338 1802 573 1861 resolvit.
634 1804 956 1862 Documento
977 1808 1254 1878 sequentia
1275 1812 1449 1872 erunt,
1474 1805 1613 1861 bene
1627 1805 1950 1863 Arruntium

339 1885 508 1935 morte
533 1888 717 1935 usum.
797 1878 1065 1936 Albucilla
1092 1881 1254 1939 inrito
1280 1882 1391 1937 ictu
1410 1899 1440 1937 a
1460 1887 1629 1937 semet
1646 1878 1949 1946 vulnerata,
2045 1876 2046 1881 ’

339 1954 497 2010 iussu
540 1961 758 2013 senatus
804 1957 862 2012 in
899 1972 1164 2011 carcerem
1204 1956 1387 2013 fertur.
1467 1956 1791 2029 Stuprorum
1832 1957 1951 2013 eius

341 2029 597 2097 ministri,
621 2028 896 2086 Carsidius
915 2030 1187 2099 Sacerdos,
1209 2033 1504 2103 praetorius
1520 2073 1536 2098 ,
1554 2034 1691 2087 utin
1710 2030 1951 2087 insulam

339 2103 728 2177 deportaretur3
767 2105 989 2162 Pontius
1017 2105 1365 2181 Fregellanus
1405 2108 1668 2163 amitteret
1703 2106 1951 2165 ordiuem

337 2180 693 2251 senatorium3
736 2188 786 2236 et
814 2180 1028 2237 eaedem
1046 2198 1248 2256 poenae
1268 2182 1322 2237 in
1343 2182 1586 2238 Laelium
1605 2179 1837 2239 Balbum
1858 2182 1954 2238 de-
2040 2222 2042 2241 ε

339 2262 657 2325 cernuntur-3
698 2254 755 2311 id
786 2256 1007 2329 quidem
1027 2274 1059 2311 a
1078 2256 1415 2324 laetantibus,
1439 2258 1568 2330 quia
1585 2256 1786 2313 Balbus
1811 2259 1951 2313 truci
2040 2253 2042 2265 '

339 2328 639 2405 eloquentia
660 2330 970 2397 habebatur,
993 2339 1276 2405 promptus
1296 2331 1583 2389 adversum
1607 2333 1871 2389 insontes.

450 2408 536 2463 49.
575 2404 772 2461 Iisdem
799 2406 991 2462 diebus
1021 2406 1147 2463 Sex.
1180 2407 1465 2479 Papinius,
1496 2406 1766 2464 consulari
1791 2406 1954 2464 fami-

341 2477 410 2534 lia
427 2520 440 2545 ,
471 2481 810 2552 repentinum
842 2491 893 2538 et
918 2480 1203 2538 informem
1230 2484 1433 2539 exitum
1460 2481 1683 2558 delegit,
1726 2482 1865 2539 iacto
1895 2485 1951 2539 in

339 2568 590 2627 praeceps
635 2572 872 2630 corpore.
949 2556 1153 2615 Caussa
1199 2557 1267 2614 ad
1314 2565 1538 2615 matrem
1590 2556 1950 2629 referebatur-3

339 2642 479 2697 quae
494 2670 508 2695 ,
538 2630 748 2702 pridem
775 2632 1080 2706 repudiata,
1121 2632 1574 2691 adsentationibus
1610 2639 1773 2706 atque
1813 2633 1953 2690 luxu
2009 2667 2022 2678 -

339 2702 662 2771 perpulisset
682 2708 932 2764 iuvenem
954 2708 1021 2763 ad
1042 2724 1101 2763 ea
1118 2750 1130 2774 ,
1161 2722 1394 2781 quorum
1424 2706 1682 2782 effugium
1710 2726 1820 2765 non
1844 2711 1952 2764 nisi

342 2782 506 2830 morte
525 2777 807 2837 inveniret.
849 2784 1019 2854 Igitur
1039 2791 1282 2839 accusata
1300 2783 1357 2839 in
1378 2790 1586 2851 senatu,
1610 2799 1953 2859 quamquam
