2081 3038
136 231 381 306 A.c.19.)
556 241 713 288 ΜΒ.
754 241 824 285 11.
866 241 1044 288 CAP.
1085 241 1324 289 ‘zo—72.
1649 237 1731 290 .9t

135 345 257 397 deri
272 345 546 411 veneficia.-
584 345 836 411 festinare
852 349 903 395 et
921 357 1124 410 urqere,
1145 351 1204 396 ut
1215 345 1560 411 provinciam,
1588 353 1647 398 ut
1668 347 1726 398 le·

133 422 316 487 ,aiones
341 419 483 472 salus
510 419 711 470 habeat.
788 415 893 470 Sed
917 433 1021 470 nen
1046 433 1208 485 usque
1233 434 1292 472 eo
1326 422 1577 488 defectum
1608 418 1740 474 Ger-

135 495 427 556 manicam,
486 493 671 560 neque
688 493 932 558 praemia
968 495 1143 545 caedis
1179 495 1322 559 apud
1366 496 1744 563 interfectorem

134 583 409 622 mansura.
486 563 770 636 Componit
795 563 1046 637 epistolas
1060 607 1073 630 ‚
1115 566 1254 636 quis·
1269 567 1556 622 amicitiam
1583 568 1634 624 ei
1658 585 1744 623 re·-

140 640 451 697 nunciabat.
531 639 750 695 Addunt
767 638 1039 713 plerique,
1063 640 1278 696 iussum
1297 641 1572 712 provincia
1590 642 1744 698 dece-

138 717 289 774 dere.
368 716 479 770 Nec
496 715 619 772 Piso
636 721 872 770 moratus
891 715 1028 770 ultra
1051 716 1205 772 navis
1223 714 1411 772 solvit·
1435 715 1745 772 moderaba-

139 800 341 863 turque
359 790 573 856 cursui,
593 807 703 862 quo
720 790 943 862 propius
963 790 1359 864 regrederetur,
1379 791 1428 847 si
1449 808 1592 846 mors
1611 791 1748 847 Ger-

140 865 343 922 manioi
362 863 401 921 S
466 865 573 920 ism
590 865 905 936 aperuisset.

256 939 342 996 Ἦ.
428 957 594 1006 a,esar
614 939 909 1014 paullisper
926 939 993 996 ad
1010 956 1164 1011 spem
1183 946 1410 1006 erectus,
1431 939 1577 1007 dein,
1605 939 1748 997 fesso

140 1033 387 1088 corpore,
428 1015 523 1071 ubi
550 1015 676 1070 finis
704 1014 909 1081 aderat,
948 1015 1264 1071 adsistentes
1292 981 1494 1072 ami’cos
1518 1016 1578 1071 in
1597 1015 1746 1073 hunc

141 1091 365 1148 modum
402 1090 738 1164 adloquitur:
778 1090 841 1147 Si
877 1096 989 1162 [ato
1026 1095 1375 1158 concederem,
1415 1096 1585 1148 iustus
1619 1095 1747 1148 mihi

138 1170 318 1233 dolor,
350 1170 507 1222 etiam
526 1170 776 1222 adversus
794 1169 938 1231 deos,
968 1174 1123 1230 esset,
1163 1169 1301 1236 qued
1327 1170 1742 1236 meparentibus,

138 1246 343 1308 liberis,
354 1245 599 1311 patriae,
628 1246 775 1298 intra
790 1246 1054 1297 iuventam
1064 1251 1406 1311 praematuro
1423 1247 1571 1298 exitu
1588 1260 1747 1312 rape-

138 1327 271 1374 rent.
350 1318 529 1381 Nunc,
569 1319 761 1373 scelere
784 1317 985 1372 Pisonis
1011 1325 1063 1371 et
1091 1318 1374 1372 Plancinae
1411 1320 1742 1387 interceptus.

138 1397 354 1449 ultimas
364 1409 549 1461 preces
560 1393 857 1462 pectoribus
875 1396 1062 1447 vestris
1078 1394 1316 1462 relinquo
1326 1411 1344 1446 .·
1384 1397 1624 1463 referatis
1642 1410 1747 1461 pa-

139 1472 215 1525 tri
243 1485 309 1526 ac
336 1472 526 1540 tratri,
569 1469 755 1537 quibus
778 1468 1150 1523 acerbitatibus
1177 1469 1520 1531 dilaceratus,
1561 1470 1746 1537 quibus

140 1549 353 1601 insidiis
372 1547 777 1616 circumventus,
799 1545 1149 1596 miserrimam
1164 1545 1328 1597 vitam
1340 1544 1567 1609 pessima
1585 1550 1748 1597 morte

140 1622 388 1690 finierim.
466 1616 531 1672 Si
556 1632 685 1686 quos
713 1632 830 1684 spes
856 1632 1024 1679 meae,
1065 1619 1116 1671 si
1140 1632 1268 1685 quos
1277 1618 1605 1686 propinquus
1621 1634 1749 1672 san-

141 1699 277 1765 quis,
290 1695 450 1749 eliam
466 1708 597 1761 quos
613 1694 816 1747 invidia
834 1708 961 1761 erya
979 1694 1229 1746 viventem
1245 1694 1504 1761 mowbat;
1523 1692 1749 1747 inlacri-

142 1772 376 1831 mabunt,
398 1769 659 1837 quondam
674 1769 953 1835 florentem,
977 1774 1026 1821 et
1047 1774 1119 1821 tet
1139 1768 1386 1822 bellorum
1403 1770 1744 1835 superstitem,

142 1846 388 1899 muliebri
419 1844 607 1911 [raude
646 1845 903 1899 cecidisse.
976 1841 1099 1897 Erit
1132 1844 1278 1897 vobis
1311 1844 1456 1909 loeus
1499 1846 1749 1913 querendi

144 1920 291 1987 apud
319 1924 580 1981 senatum,
610 1920 888 1975 invocandi
906 1919 1059 1987 leqes.
1136 1916 1256 1973 Non
1285 1920 1380 1973 hoc
1402 1922 1748 1987 praecipuum

146 1997 436 2049 amicorum
464 2008 650 2047 munus
676 1999 777 2057 est,
808 1996 1058 2063 prosequi
1082 1996 1378 2063 defunctum
1403 1996 1592 2061 iqnavo
1619 2010 1748 2062 que-

144 2076 260 2138 stu‚·
296 2070 413 2132 sed,
452 2083 587 2136 quae
612 2070 859 2132 voluerit,
888 2071 1205 2133 meminisse,
1241 2084 1377 2137 quae
1399 2070 1746 2131 mandaverit,

149 2146 378 2214 exsequi.
454 2142 675 2197 Flebant
704 2140 1070 2198 Germanicum
1095 2147 1251 2199 etiam
1276 2145 1470 2211 iuneti.-
1506 2143 1749 2197 vindica-

148 2222 267 2275 bitis
286 2234 401 2283 vos,
430 2221 481 2273 si
498 2234 577 2271 me
589 2221 765 2285 potius
778 2258 791 2280 ‚
820 2232 977 2287 quam
999 2223 1268 2287 fortunam
1297 2234 1465 2272 meam
1479 2218 1747 2287 fovebatis.

151 2296 413 2351 ostendite
422 2294 619 2363 populo
637 2294 867 2348 Romano
884 2296 935 2347 d.
955 2292 1177 2362 Auyusti
1192 2301 1415 2361 neptem,
1437 2296 1748 2363 eandemque

151 2372 414 2439 coniuqem
437 2385 630 2424 meam.-
670 2376 937 2422 numerate
970 2384 1068 2422 sex
1102 2370 1302 2422 liberos.
1379 2368 1749 2423 Misericordia

152 2463 266 2500 cum
284 2446 651 2501 accusantibus
670 2447 798 2497 eril:
838 2445 1244 2512 fingentibusque
1259 2444 1478 2499 scelesta
1495 2444 1747 2497 mandata

149 2529 363 2575 autnon
384 2522 589 2575 credent
608 2520 859 2581 homines,
900 2526 993 2571 aut
1020 2534 1126 2571 non
1142 2521 1425 2585 iqnescent.
1501 2516 1748 2573 Iun-avere

150 2594 335 2660 amici,
368 2594 609 2650 dextram
628 2592 902 2649 morientis
921 2593 1287 2665 contingentes
1300 2630 1316 2657 ‚
1345 2594 1589 2661 spiritum
1605 2601 1744 2656 ante,

152 2688 305 2743 quam
322 2673 583 2733 ultionem,
605 2672 905 2725 amissuros.

260 2746 345 2805 72.
387 2744 547 2813 Tum,
562 2742 627 2800 ad
647 2760 868 2803 uxorem
890 2757 1102 2808 verene,
1111 2758 1208 2813 per
1225 2745 1521 2798 memoriam
1538 2746 1639 2807 sui,
1647 2756 1747 2812 per
