2081 3038
285 233 371 271 ..c
396 213 490 285 το.)
675 222 812 269 Lis
850 221 924 269 11.
967 223 1127 268 GAP.
1168 223 1413 268 12—14.
1787 221 1851 272 65

248 323 640 378 maritimarum
669 320 910 410 Alpium.
989 321 1202 388 Quibus
1243 322 1505 377 tentandis
1540 323 1851 397 adgredien-

247 399 453 469 daeque
491 397 796 468 provinciae
834 397 1164 452 Narbonensi
1204 395 1460 452 Suedium
1490 365 1847 464 Clementem,

250 474 539 528 Antonium
563 471 865 536 Novellum,
890 472 1180 526 Aemilium
1202 473 1485 528 Pacensem
1509 473 1671 528 duces
1691 475 1852 530 dede-

247 558 347 603 rat.
425 546 531 602 Sed
551 547 799 600 Pacensis
821 565 914 618 per
933 547 1201 602 licentiam
1222 547 1454 602 militum
1476 551 1715 604 vinctus:
1739 551 1852 606 An-

246 625 392 680 tonio
409 621 631 678 Novello
653 621 799 676 nulla
819 624 1129 676 auctoritas:
1160 623 1391 676 Suedius
1412 621 1657 677 Clemens
1678 625 1851 680 ambi-

249 701 382 754 tioso
411 697 636 768 imperio
656 696 886 770 regebat,
915 705 978 750 ut
993 696 1253 751 adversus
1274 697 1582 752 modestiam
1610 699 1853 770 discipli-

248 790 348 828 nae
369 781 683 842 conruptus,
705 773 774 824 ita
797 770 1119 842 proeliorum
1140 772 1351 826 avidus,
1388 773 1504 828 Non
1528 773 1669 828 ltalia
1692 774 1851 844 adiri,

249 865 350 902 nec
370 847 482 901 loca
499 847 760 918 sedesque
777 844 978 918 patria-e
995 847 1341 902 videbantur:
1384 855 1657 920 tamquam
1679 859 1851 904 exter-

251 941 319 977 na
349 920 498 976 litora
537 930 588 976 et
618 921 776 976 urbes
805 921 1043 976 hos-tium
1071 939 1245 986 urere,
1288 933 1512 986 vastare,
1533 942 1745 995 rapere:
1788 941 1851 980 eo

249 997 500 1060 atrocius,
532 996 678 1068 quod
707 995 842 1051 nihil
875 1013 1107 1068 usquam
1128 997 1406 1069 provisum
1426 998 1711 1054 adversum
1735 1017 1850 1054 me-

249 1082 356 1127 tue.
437 1069 585 1147 Pleni
605 1072 740 1145 agri,
764 1080 974 1144 apertae
991 1071 1205 1127 domus.
1252 1069 1621 1129 occursantes
1642 1075 1847 1132 domini

245 1150 396 1202 iuxta
422 1148 678 1220 coniuges
706 1155 756 1201 et
783 1147 978 1202 liberos
1007 1149 1287 1202 securitate
1311 1151 1457 1218 pacis
1484 1159 1535 1204 et
1562 1149 1685 1204 belli
1708 1149 1847 1205 malo

245 1223 820 1278 circumveniebantur.
861 1223 1155 1277 Maritimas
1182 1231 1295 1276 tum
1317 1223 1479 1294 Alpes
1498 1226 1706 1279 tenebat
1727 1243 1848 1296 pro-

241 1307 456 1353 curator
489 1298 692 1352 Marius
728 1297 988 1352 Maturus.
1069 1297 1121 1351 Is
1156 1299 1358 1352 concita
1384 1311 1538 1370 gente
1568 1303 1683 1372 (nec
1702 1302 1850 1356 deest

207 1371 218 1376 ’
245 1371 520 1460 iuventus)
537 1388 714 1426 arcere
732 1373 1036 1442 provinciae
1054 1371 1253 1426 finibus
1262 1371 1587 1430 Othonianos
1601 1376 1839 1431 intendit.

200 1455 208 1470 '
245 1449 351 1505 Sed
370 1450 551 1521 primo
567 1449 750 1518 inpetu
775 1448 914 1502 caesi
935 1446 1251 1517 disiectique
1272 1449 1527 1510 montani,
1540 1458 1600 1502 ut
1620 1450 1841 1521 quibuS‚

246 1534 444 1579 temere
463 1522 731 1587 conlectiS,
757 1540 862 1577 non
883 1532 1073 1587 castra,
1104 1540 1209 1577 non
1227 1522 1418 1577 ducem
1440 1525 1843 1590 noscitantibu8‚

247 1617 426 1672 neque
452 1599 509 1653 in
529 1599 744 1653 victoria
774 1598 938 1653 decus
965 1606 1123 1661 esset,
1150 1614 1323 1668 neque
1341 1598 1397 1651 in
1420 1597 1543 1673 fuga
1562 1597 1842 1673 flagitium.

359 1678 444 1730 ⁴3.
486 1674 736 1729 Inritatus
764 1691 824 1729 eo
843 1672 1045 1745 proelio
1064 1671 1289 1728 Othonis
1310 1639 1511 1727 miles=³
1487 1676 1641 1729 vertit
1662 1676 1767 1729 iras
1788 1678 1842 1730 in
1881 1673 1889 1679 ’

246 1750 604 1821 municipium
627 1748 847 1803 Albium
869 1748 1236 1803 Intemelium.
1280 1749 1481 1820 quippe
1502 1750 1556 1803 in
1578 1752 1688 1804 acie
1710 1750 1843 1805 nihil

244 1824 497 1897 praedae.
540 1826 725 1895 inopes
754 1832 986 1897 agrestes
1011 1832 1064 1878 et
1083 1823 1211 1878 vilia
1230 1840 1403 1879 arma:
1448 1841 1545 1878 nec
1564 1827 1681 1896 capi
1701 1834 1847 1897 pote-

246 1911 385 1964 rant,
415 1899 603 1970 pernix
630 1915 804 1971 genus
830 1906 882 1952 et
903 1900 1057 1972 gnari
1081 1898 1335 1955 locorum.
1414 1897 1513 1953 Sed
1535 1898 1847 1955 calamitati-

245 1976 352 2030 bus
373 1975 666 2027 insontium
687 1972 894 2043 expleta
913 1974 1154 2029 avaritia.
1170 1974 1395 2051 Auxit
1412 1974 1672 2029 invidiam
1692 1992 1847 2046 prae-

245 2050 388 2105 claro
413 2046 658 2119 exemplo
684 2047 882 2103 femina
903 2048 1091 2121 Ligus,
1118 2067 1257 2122 quae
1278 2049 1387 2105 filio
1408 2049 1602 2113 abdite,
1624 2066 1750 2104 cum
1770 2051 1847 2104 si-

245 2124 360 2179 mul
383 2125 665 2195 pecuniam
683 2121 934 2179 occultari
957 2124 1153 2179 milites
1171 2124 1540 2188 credidissent
1564 2141 1733 2196 eoque
1752 2142 1847 2196 per

245 2202 514 2255 cruciatus
542 2201 940 2273 interrogarent,
971 2202 1062 2253 ubi
1090 2202 1259 2267 filium
1294 2197 1584 2253 occuleret?
1632 2208 1846 2255 uterum

243 2275 549 2337 ostendenS,
583 2240 772 2328 latere&
775 2273 1064 2345 respondit.
1143 2272 1255 2327 Nec
1280 2272 1407 2328 ullis
1425 2273 1615 2328 deinde
1635 2275 1847 2330 terrori-

245 2352 374 2415 bus,
395 2358 488 2404 aut
507 2356 693 2413 morte,
713 2349 1060 2405 constantiam
1080 2350 1227 2403 vocis
1246 2348 1503 2435 egregiae
1506 2351 1751 2405 mutavit.

357 2427 441 2479 44.
485 2424 751 2478 Inminere
778 2424 1082 2494 provinciae
1109 2422 1503 2487 Narbonensi,
1487 2439 1545 2477 in
1573 2425 1733 2479 verba
1753 2425 1848 2481 vi-

245 2498 378 2555 tellii
419 2498 652 2563 adactae,
689 2497 914 2552 classem
941 2496 1187 2563 Othonis,
1229 2498 1393 2553 Fabio
1411 2497 1616 2554 Valenti
1655 2500 1845 2571 trepidi

246 2574 424 2629 nuntii
444 2572 700 2629 adtulere.
777 2572 1008 2627 Aderant
1026 2571 1187 2647 legati
1206 2572 1552 2637 coloniarum,
1580 2574 1843 2631 auxilium
1874 2638 1878 2648 ἱ

242 2657 470 2705 orantes.
549 2648 692 2703 Duas
713 2648 1053 2721 Tungrorum
1072 2648 1331 2711 cohortes,
1353 2656 1583 2718 quatuor
1602 2651 1844 2721 equitum

244 2726 473 2851 turrigius,
495 2723 800 2849 unidrersam
825 2722 1171 2779 Treverorum
1196 2722 1332 2777 alam
1356 2739 1481 2851 eflm
1505 2722 1845 2783 lulioClassi·b

329 2848 332 2850 Α
365 2814 536 2853 Aenus
629 2838 640 2847 .
