2081 3038
184 257 310 295 με.
340 237 434 311 33.)
589 247 748 290 ms.
790 246 884 290 v1.
927 246 1108 291 cAP.
1151 246 1389 290 16—18,
1690 241 1791 292 205

182 347 313 414 dati,
352 345 500 420 quis,
543 344 842 402 secundum
873 346 1022 401 iussa
1053 341 1207 419 legis,
1254 346 1482 402 rationes
1504 347 1793 403 familiares

183 425 424 498 quisque
441 428 836 494 componerent.

299 499 383 553 ⁴7.
443 497 581 554 Hinc
627 497 808 569 inopia
851 497 929 550 rei
976 496 1280 560 numeriae,
1328 506 1588 554 commoto
1625 497 1791 554 simul

184 576 434 632 omniurn
465 590 585 628 aere
614 570 817 644 alien03
859 579 911 626 et
937 570 1089 644 quia,
1121 577 1194 626 tot
1220 569 1505 637 damnatiS,
1529 573 1795 646 bonisque

185 669 380 709 eorum
401 646 712 712 divenditis,
742 648 1013 721 signatum
1045 652 1325 720 argentum
1348 645 1476 702 fisco
1494 647 1576 704 vel
1595 651 1795 705 aerario

188 725 543 782 adtinebatur.
621 721 706 778 Ad
750 721 851 778 hoc
901 729 1118 777 senatus
1166 723 1607 794 praescripserat,
1660 723 1795 778 duas

191 803 427 872 quisque
445 798 674 855 foenoris
691 806 869 872 partes
894 797 952 852 in
973 798 1118 872 agris
1137 813 1232 868 per
1252 796 1457 853 Italiam
1480 797 1792 854 conlocaret.

189 875 296 930 Sed
322 873 602 930 creditores
632 873 687 928 in
715 871 951 945 solidum
989 872 1355 946 adpellabant:
1416 891 1515 928 nec
1542 873 1794 930 decorum

190 949 486 1024 adpellatiS,
524 949 768 1004 minuere
804 947 985 1004 fldem.
1066 948 1142 1003 Ita
1176 949 1355 1021 primo
1387 949 1719 1022 concursatio
1746 958 1797 1005 et

190 1043 402 1100 preces:
441 1023 566 1080 dein
593 1032 826 1098 strepere
851 1024 1109 1096 praetoris
1129 1024 1393 1081 tribunal:
1437 1043 1626 1100 eaque,
1655 1043 1795 1099 quae

187 1101 421 1158 remedio
461 1100 720 1174 quaesita,
762 1099 997 1156 venditio
1035 1107 1087 1154 et
1125 1101 1346 1173 emptio,
1387 1102 1445 1156 in
1466 1101 1791 1158 contrarium

188 1178 404 1244 mutari,
426 1177 553 1250 quia
575 1175 922 1232 foeneratores
942 1193 1160 1231 omnem
1177 1177 1464 1248 pecuniam
1492 1177 1795 1233 mercandis

185 1254 329 1329 agris
359 1252 720 1308 condiderant.
801 1250 1024 1324 Copiam
1055 1251 1321 1307 vendendi
1360 1261 1539 1309 secuta
1569 1253 1790 1320 vilitate,

185 1336 384 1402 quanto
402 1329 528 1404 quis
548 1327 859 1392 obaeratior,
874 1327 1091 1401 aegrius
1109 1327 1474 1382 distrahebant
1489 1348 1501 1398 ;
1525 1329 1794 1402 multique

188 1405 412 1461 fortunis
439 1403 916 1480 provolvebantur:
959 1402 1168 1458 eversio
1202 1403 1279 1456 rei
1307 1402 1586 1458 familiaris
1614 1403 1795 1476 digni—

188 1489 345 1539 tatem
367 1497 428 1536 ac
451 1479 652 1535 famam
669 1493 923 1551 praeceps
942 1476 1127 1533 dabat:
1160 1475 1327 1533 donec
1347 1476 1470 1533 tulit
1486 1495 1643 1551 opem
1664 1479 1795 1535 Cae-

187 1578 296 1623 sar,
335 1556 592 1629 dispo'sito
628 1570 725 1625 per
761 1568 979 1608 mensas
1010 1550 1213 1607 millies
1250 1554 1510 1619 sestertio,
1553 1554 1797 1627 factaque

189 1631 470 1689 mutuandi
502 1629 653 1699 copia
684 1628 804 1682 sine
827 1628 1012 1682 usuris
1038 1644 1137 1701 per
1166 1628 1480 1695 triennium,
1513 1629 1561 1684 si
1590 1628 1796 1685 debitor

189 1704 384 1783 populo
410 1706 467 1763 in
489 1702 716 1778 duplum
735 1702 970 1777 praediis
988 1704 1235 1759 cavisset.
1316 1702 1407 1758 Sic
1429 1702 1619 1773 refecta
1639 1704 1793 1771 fides,

189 1792 239 1837 et
257 1780 537 1853 paullatim
558 1778 752 1850 privati
771 1794 988 1855 quoque
1007 1778 1292 1834 creditores
1316 1781 1529 1851 reperti.
1609 1780 1795 1853 Neque

189 1858 389 1928 emptio
431 1872 681 1931 agrorum
701 1854 928 1909 exercita
953 1854 1023 1910 ad
1052 1853 1278 1910 formam
1314 1854 1790 1926 senatusconsulti·;

191 1928 425 1998 acribu3‚
449 1936 508 1984 ut
529 1928 694 1984 ferme
713 1928 856 1995 talia,
880 1930 1073 1995 initiis,
1095 1928 1366 1987 incurioso
1386 1930 1511 1987 fine.

302 2010 385 2061 48.
425 2004 560 2062 Dein
580 2003 798 2061 redeunt
817 2005 1022 2077 priores
1043 2012 1240 2072 metus,
1260 2006 1528 2078 postulato
1549 2006 1797 2062 maiesta-

191 2084 258 2139 tis
281 2081 540 2139 'Considio
566 2077 818 2134 Proculo:
860 2082 976 2153 qui,
1009 2079 1159 2137 nullo
1184 2098 1384 2153 pavore
1402 2082 1544 2137 diem
1566 2081 1791 2137 natalem

189 2158 484 2223 celebrans,
515 2161 701 2229 raptus
728 2154 788 2209 in
815 2156 1043 2223 curiam,
1071 2156 1378 2231 pariterque
1404 2156 1691 2229 damnatus
1708 2158 1797 2213 in-

189 2232 559 2305 terfectusque.
636 2228 705 2287 Et
733 2232 902 2287 sorori
931 2234 1049 2288 eius
1078 2231 1301 2289 Sanciae
1324 2251 1464 2306 aqua
1494 2242 1654 2306 atque
1680 2232 1792 2307 igni

189 2305 551 2374 interdictum,
585 2316 868 2364 accusante
892 2307 961 2380 Q.
986 2309 1300 2381 Pomponio,
1380 2310 1430 2364 Is
1450 2310 1693 2365 moribus
1710 2310 1798 2365 in-

191 2386 366 2461 quies,
396 2382 530 2441 haec
559 2392 610 2438 et
635 2382 1011 2441 huiuscemodi
1031 2402 1062 2439 a
1081 2402 1141 2440 se
1158 2384 1380 2440 factitari
1399 2384 1791 2456 praetendebat,

191 2471 265 2529 ut,
305 2468 457 2533 parta
491 2458 636 2535 apud
664 2460 964 2533 principem
991 2461 1182 2535 gratia,
1223 2458 1480 2533 periculis
1515 2460 1795 2534 Pomponii

191 2532 422 2593 Secundi
449 2534 628 2593 fratris
657 2534 977 2592 mederetur.
1054 2536 1232 2592 Etiam
1262 2534 1321 2591 in
1345 2536 1477 2590 Pom
1548 2535 1655 2591 iam
1684 2536 1799 2592 Ma-

193 2614 394 2671 crinam
419 2609 674 2669 exsilium
701 2612 970 2679 statuitur,
1001 2613 1159 2668 cuius
1186 2611 1442 2667 maritum
1510 2608 1793 2687 rgolicum,

193 2682 432 2747 socerum
461 2686 747 2755 Laeonem,
788 2705 819 2745 e
849 2688 1183 2762 primoribus
1210 2686 1567 2755 Achaeorum,
1604 2683 1797 2745 Caesar

194 2762 479 2823 adflixerat.
545 2764 697 2821 Pater
715 2782 937 2839 quoque
958 2762 1207 2821 inlustris
1230 2781 1393 2836 eques
1413 2764 1708 2830 RomanuS‚
1736 2780 1798 2819 ac
