2081 3038
232 219 333 273 3⁴0
702 222 801 271 DE
842 218 1362 274 ORATORIBUS

233 326 439 393 ficium,
468 323 565 383 sed
586 323 871 385 clamorem
893 342 1096 399 vagum
1124 331 1176 383 et
1197 342 1350 383 voces
1367 324 1554 383 inanes
1575 329 1626 381 et
1648 323 1844 397 gaudi-

232 420 329 457 um
357 399 591 461 volucre.
670 400 1037 459 Laudavimus
1067 418 1257 473 nuper,
1279 408 1340 457 ut
1357 400 1550 455 miram
1577 406 1628 454 et
1646 400 1844 457 eximi-

232 494 340 543 am,
363 475 678 549 Vespasiani
699 475 1088 543 liberalitatem,
1121 476 1267 550 quod
1286 476 1579 549 quingenta
1601 477 1846 529 sestertia

230 554 395 613 Basso
432 552 697 609 donasset.
778 551 1032 609 Pulcrum
1075 552 1130 608 id
1167 551 1410 625 quidem,
1449 549 1841 624 indulgentiam

232 629 493 703 principis
530 628 747 703 ingenio
788 628 1005 685 mereri:
1067 636 1270 701 quanto
1301 636 1474 686 tamen
1502 625 1768 697 pulcrius,
1793 626 1844 681 si

232 706 303 761 ita
324 723 411 763 res
432 704 710 765 familiaris
730 704 925 777 exigat,
948 721 1007 759 se
1026 703 1209 775 ipsum
1232 702 1419 767 colere,
1433 718 1596 757 suum
1616 702 1842 775 genium

231 782 536 853 propitiare,
579 798 735 835 suam
756 780 987 851 experiri
1009 775 1412 837 liberalitatem?
1471 777 1672 841 Adime,
1695 776 1842 849 quod

233 858 420 927 poetis,
444 857 490 914 si
516 855 670 911 modo
688 856 917 928 dignum
938 852 1146 927 aliquid
1163 854 1432 910 elaborare
1451 860 1504 907 et
1519 852 1728 907 efficere
1751 870 1843 907 ve-

236 933 351 997 lint,
393 930 745 1004 relinquenda
774 932 1103 989 conversatio
1132 931 1425 987 amicorum
1455 937 1506 983 et
1533 928 1840 985 iucunditas

232 1009 404 1075 urbis,
446 1006 734 1063 deserenda
764 1014 965 1063 caetera
983 1005 1179 1073 officia,
1222 1013 1390 1078 utque
1410 1006 1515 1077 ipsi
1535 1004 1740 1068 dicunt,
1784 1008 1840 1059 in

232 1101 444 1139 nemora
464 1091 512 1136 et
534 1086 693 1145 lucos,
717 1082 774 1137 id
791 1089 870 1137 est
889 1082 947 1137 in
968 1080 1334 1146 solitudinem,
1359 1079 1714 1137 secedendum
1738 1088 1836 1133 est.

344 1162 426 1216 ⁴0.
468 1158 547 1211 Ne
570 1157 753 1227 opinio
768 1156 988 1229 quidem
1010 1164 1062 1211 et
1083 1156 1241 1222 fama,
1272 1157 1362 1213 cui
1383 1156 1482 1212 soli
1503 1156 1765 1220 serviunt,
1789 1162 1843 1209 et

230 1233 383 1305 quod,
415 1248 588 1302 unum
629 1247 748 1286 esse
773 1232 1007 1303 pretium
1035 1232 1214 1289 omnis
1241 1232 1330 1289 sui
1360 1231 1557 1289 laboris
1590 1230 1836 1295 fatentur,

231 1324 402 1380 aeque
420 1316 601 1379 poetas
621 1324 783 1380 quam
808 1314 1038 1363 oratores
1062 1308 1328 1380 sequitur,
1355 1309 1612 1380 quoniam
1637 1306 1841 1363 medio-

230 1401 346 1439 cres
375 1391 555 1456 poetas
597 1400 754 1439 nemo
781 1383 947 1449 novit,
988 1384 1156 1439 bonos
1186 1383 1364 1456 pauci.
1444 1382 1668 1450 Quando
1693 1383 1839 1436 enim

231 1461 631 1519 rarissimarum
652 1459 1019 1519 recitationum
1040 1457 1182 1517 fama
1205 1459 1262 1515 in
1282 1466 1444 1515 totam
1465 1458 1658 1514 urbem
1677 1474 1841 1530 pene-

232 1537 367 1594 trat?
404 1537 605 1594 nedum
632 1544 692 1594 ut
710 1554 807 1609 per
827 1544 900 1594 tot
918 1535 1222 1608 provincias
1241 1537 1552 1592 innotescat.
1632 1534 1840 1602 Quotus

229 1614 485 1686 quisque,
519 1630 645 1668 cum
665 1630 734 1668 ex
752 1612 1029 1684 Hispania,
1055 1610 1137 1667 vel
1161 1611 1307 1678 Asia,
1342 1629 1408 1666 ne
1427 1609 1648 1683 quidde
1668 1609 1840 1670 Gallis

231 1690 425 1744 nostris
450 1688 531 1758 loq
540 1705 653 1753 uar,
678 1689 735 1743 in
755 1689 947 1744 urbem
973 1688 1138 1753 venit,
1161 1685 1396 1743 Saleium
1408 1687 1635 1743 Bassum
1655 1686 1840 1758 requi-

230 1762 336 1817 rit‘?
371 1763 549 1836 Atque
568 1763 697 1820 adeo
718 1764 765 1819 si
786 1765 915 1837 quis
935 1762 1180 1834 requirit,
1206 1771 1266 1818 ut
1285 1760 1448 1818 semel
1474 1761 1625 1828 vidit,
1651 1762 1841 1820 transit

230 1846 283 1894 et
310 1845 587 1896 contentus
617 1847 724 1908 est3
766 1847 827 1895 ut
860 1840 907 1894 si
937 1840 1201 1910 picturam
1233 1836 1468 1911 aliquam
1495 1835 1578 1892 vel
1607 1845 1837 1893 statuam

228 1914 471 1970 vidisset.
553 1916 740 1987 Neque
759 1915 907 1969 hunc
927 1931 1110 1968 meum
1134 1931 1432 1969 sermonem
1455 1915 1536 1968 sic
1553 1914 1723 1984 accipi
1745 1930 1840 1969 vo-

229 1990 299 2057 lo,
328 1999 602 2063 tamquam
625 2007 733 2055 coe,
757 1989 961 2061 quibus
984 1997 1172 2044 natura
1193 2007 1293 2044 sua
1317 1989 1606 2045 oratorium
1629 1989 1840 2062 ingeni-

231 2085 323 2123 um
349 2066 649 2140 denegavit,
672 2065 962 2120 deterream
984 2081 1013 2120 a
1034 2065 1388 2131 cai-minim&
1416 2065 1462 2120 si
1492 2064 1649 2120 modo
1661 2065 1721 2122 in
1741 2065 1840 2120 hac

229 2143 531 2198 studiorum
570 2148 720 2212 parte
753 2138 1013 2196 oblectare
1051 2141 1244 2205 otium,
1287 2149 1340 2195 et
1377 2157 1571 2196 nomen
1605 2140 1840 2196 inserere

226 2226 455 2291 possunt
482 2216 680 2274 famae:
724 2233 977 2290 egovero
1004 2233 1222 2272 omnem
1249 2215 1605 2288 eloquentiam
1624 2232 1840 2270 omnes-

229 2311 337 2366 que
364 2294 484 2348 eius
510 2299 688 2366 partes
716 2310 895 2347 sacras
923 2300 975 2346 et
994 2290 1326 2348 venerabiles
1345 2300 1500 2363 puto:
1543 2307 1641 2346 nec
1660 2290 1837 2348 solum

229 2368 553 2426 cothurnum
576 2377 835 2434 vestrum,
877 2375 969 2422 aut
988 2366 1188 2423 heroici
1209 2367 1464 2422 carminis
1484 2383 1700 2431 sonum,
1743 2365 1840 2422 sed

229 2443 524 2517 lyricorum
552 2461 771 2516 quoque
796 2441 1184 2500 iucunditatem
1214 2450 1264 2498 et
1291 2442 1564 2516 elegorum
1591 2440 1840 2498 lascivias

229 2527 279 2572 et
300 2519 603 2574 iamborum
624 2517 1036 2574 amaritudinem
1069 2527 1120 2573 et
1143 2520 1593 2592 epigrammatum
1612 2516 1770 2573 lusus
1789 2525 1842 2574 et

229 2610 631 2667 quamcumque
659 2593 821 2651 aliam
850 2594 1085 2666 speciem
1113 2592 1414 2666 eloquentia
1439 2593 1647 2658 habeat,
1692 2601 1842 2649 ante-

228 2666 529 2724 nonendam
559 2670 747 2724 ceteris
775 2668 1003 2724 aliarum
1030 2669 1228 2726 artium
1257 2669 1452 2724 studiis
1481 2667 1655 2726 credo.
1736 2667 1840 2724 Sed

356 2757 404 2795 n
426 2741 584 2807 mihi.
608 2743 861 2812 Materne,
884 2761 971 2802 res
992 2751 1092 2810 est,
1123 2744 1291 2818 quod.
1312 2761 1440 2802 cum
1460 2750 1649 2803 natura
1671 2751 1760 2800 tua
1781 2745 1842 2802 in
