2081 3038
292 254 389 310 428
857 255 1336 305 ANNALHJM
1624 249 1900 324 (mnan.

286 366 433 424 diae,
464 364 543 414 ita
572 363 755 415 inania
784 368 831 415 et
859 364 1010 428 fluxa
1038 368 1190 415 sumt.-
1226 376 1317 414 που
1345 363 1630 428 quidquam
1655 375 1819 428 grave
1838 376 1905 414 ac

287 440 481 491 serium
500 451 569 489 σω
588 451 647 488 oo
664 443 888 500 metuas,
912 440 1004 504 qui
1018 451 1233 490 auorum
1255 438 1364 503 ipse
1383 437 1702 503 flagitiorum
1714 438 1907 502 prodi-

291 519 398 575 tor,
441 527 547 564 non
574 514 813 564 virorum
842 515 1058 575 animis,
1101 513 1192 564 sed
1219 512 1648 564 muliercularum
1678 513 1904 578 adr-epit.

296 584 453 641 Cedat
474 593 646 641 tantm
666 587 793 640 urbo
816 594 890 649 ot,
924 585 1070 640 bonis
1088 588 1323 646 antias-is,
1351 601 1492 653 aqua
1511 593 1558 638 ot
1579 588 1690 652 iqui
1715 600 1907 639 arcea-

292 670 396 717 tur.
440 660 591 728 Quod
605 664 822 729 perinde
840 677 1032 722 censeo,
1045 677 1110 714 ac
1127 663 1177 713 ai
1197 660 1304 726 1290
1317 663 1605 714 maiestatis
1623 667 1905 714 teneretur.

401 737 459 790 5⁴
474 777 488 791 .
528 733 687 791 Solus
707 734 908 807 Lepido
928 733 1210 792 Rubellius
1224 731 1460 788 Blandus
1480 750 1511 788 e
1529 732 1909 789 consularibus

294 810 557 868 adsensit:
579 811 738 866 ceteri
757 811 1075 868 sententiam
1094 807 1363 882 Agrippae
1382 809 1578 864 secuti:
1602 806 1913 881 ductusque

294 889 351 942 in
371 901 635 942 carcerem
656 885 873 940 Priscus
887 928 900 951 ‚
934 901 995 940 ac
1021 885 1202 940 statim
1232 884 1587 940 exanimatus.
1667 883 1728 938 ld
1748 883 1913 938 Tibe-

294 963 411 1018 rius
446 960 620 1018 solitis
658 960 765 1016 sibi
804 960 1124 1036 ambagibus
1161 958 1307 1032 apud
1345 968 1589 1014 senatum
1615 959 1909 1025 incusavit,

296 1055 421 1093 cum
442 1035 713 1094 extolleret
726 1041 995 1105 pietatem,
1028 1040 1266 1106 quamvis
1291 1039 1524 1090 modicas
1539 1038 1800 1105 principis
1824 1037 1915 1090 in-

296 1117 467 1168 iurias
484 1115 683 1167 acriter
694 1114 1080 1180 ulciscentium;
1097 1111 1466 1184 deprecaretur
1483 1119 1590 1165 tam
1602 1113 1916 1180 praecipitia

298 1189 570 1244 verborum
583 1203 810 1255 poenas:
850 1185 1089 1241 laudaret
1107 1185 1392 1258 Lepidum,
1419 1201 1594 1258 neque
1613 1185 1914 1260 Agrippam

296 1268 560 1336 argueret.
640 1261 810 1335 Igitur
837 1259 1036 1316 factum
1063 1260 1164 1317 Sc.
1197 1277 1261 1316 m
1295 1266 1504 1316 decreta
1535 1269 1753 1329 patrum
1788 1268 1916 1315 anio

298 1334 722 1392 ‹lieffdecimum
757 1341 830 1392 ad
864 1341 1136 1392 aerarium
1173 1341 1530 1407 deferrentur:
1578 1341 1736 1406 idque
1771 1340 1915 1390 vitae

298 1417 523 1481 spatium
543 1415 807 1468 damnatis
820 1421 1217 1482 proroqaretur.
1265 1409 1372 1467 Sed
1391 1429 1496 1467 non
1521 1411 1729 1466 senatui
1749 1408 1918 1466 liber-

302 1496 380 1543 tas
418 1487 487 1544 ad
520 1486 905 1561 poenitendum
943 1494 1080 1558 erat3
1127 1503 1306 1561 neque
1342 1487 1591 1543 Tiberius
1633 1486 1916 1561 interiectu

304 1565 555 1636 temporis
575 1564 939 1639 mitigabatur.

413 1643 499 1697 52.
541 1638 601 1695 C.
626 1638 922 1712 Sulpicius,
946 1639 1008 1695 D.
1034 1638 1279 1695 Haterius
1300 1656 1438 1695 cosa.
1463 1644 1793 1712 sequuntur3
1826 1638 1917 1694 in-

304 1714 551 1772 turbidus
572 1716 804 1770 externis
831 1715 993 1770 rebus
1023 1731 1228 1779 annus,
1259 1714 1406 1770 domi
1437 1722 1683 1787 suspecta
1712 1715 1918 1770 severi-

304 1797 406 1844 tate
434 1788 720 1845 adversum
748 1789 970 1857 luxum,
1008 1790 1110 1863 qui
1147 1790 1457 1845 inmensum
1497 1797 1812 1861 proruperat
1845 1789 1914 1844 ad

304 1872 513 1930 cuncta,
534 1866 661 1937 quis
679 1865 907 1937 pecunia
928 1865 1250 1940 prodigitur.
1321 1864 1426 1920 Sed
1444 1865 1548 1920 alia
1567 1872 1910 1937 sumptuum,

304 1940 556 2013 quamvis
576 1941 819 2015 graviora
834 1984 848 2007 ‚
868 1940 1226 1997 dissimulatis
1245 1939 1568 2013 plerumque
1586 1941 1774 2012 pretiis
1790 1983 1805 2007 ,
1826 1958 1918 1996 oo-

304 2016 670 2087 cultabantur3
712 2016 915 2073 ventris
945 2024 996 2072 et
1020 2031 1221 2091 ganeae
1239 2023 1458 2089 paratus
1472 2058 1484 2082 ‚
1529 2016 1772 2071 adsiduis
1802 2034 1917 2071 ser-

308 2091 559 2148 monibus
579 2091 803 2166 vulgati,
826 2091 1058 2148 fecerant
1076 2108 1284 2159 curam,
1307 2108 1373 2147 ne
1393 2092 1645 2163 princeps
1664 2092 1916 2164 antiquae
1987 2156 1994 2162 ‚

308 2168 663 2237 parcimoniae
690 2166 884 2223 durius
923 2167 1235 2224 adverteret.
1315 2168 1453 2222 Nam
1469 2207 1483 2232 ,
1527 2168 1815 2239 incipiente
1851 2166 1912 2222 C.

308 2240 515 2307 Bibulo,
537 2242 695 2297 ceteri
707 2244 935 2317 'quoque
952 2242 1151 2299 aediles
1169 2243 1553 2308 dissei-nerant,
1579 2248 1758 2311 sperni
1775 2260 1917 2298 sum-—

304 2321 574 2385 penariam
600 2320 784 2386 leqem,
815 2324 1077 2389 vetitaque
1105 2322 1404 2374 utensilium
1438 2323 1612 2386 pretia
1649 2323 1838 2387 αηρενς·
1864 2324 1918 2373 in

307 2396 446 2447 dies.-
484 2408 577 2446 noo
604 2396 945 2448 mediocribus
963 2396 1206 2449 remediis
1225 2399 1344 2449 sisti
1357 2411 1525 2461 posse.
1602 2393 1670 2448 Et
1689 2392 1918 2448 consulti

310 2474 483 2537 patres
504 2466 770 2540 integrum
790 2466 849 2523 id
868 2470 1144 2543 negotium
1166 2468 1233 2524 ad
1251 2469 1552 2541 principem
1578 2467 1915 2525 distulerant.

308 2540 411 2595 Sed
429 2541 677 2597 Tiberius
692 2586 705 2609 ,
729 2560 888 2617 saepe
906 2543 1053 2616 apud
1071 2561 1132 2599 se
1150 2545 1412 2616 pensitato
1425 2585 1440 2609 ,
1471 2562 1540 2599 an
1561 2546 1788 2599 coerceri
1811 2552 1919 2599 tam

310 2614 557 2685 profusae
574 2617 854 2689 cupidines
873 2627 1119 2691 possentz
1164 2635 1297 2675 num
1329 2620 1574 2675 coercitio
1592 2618 1716 2690 plus
1735 2619 1922 2676 damni

312 2691 367 2743 in
386 2706 557 2761 remp.
588 2692 767 2748 ferret:
792 2711 955 2766 quam
980 2696 1289 2751 indecorum
1313 2695 1620 2760 adtrectare,
1644 2693 1792 2765 quod
1812 2713 1919 2751 non

309 2763 593 2821 obtineret:
639 2767 721 2823 vel
752 2777 1014 2827 retentum
1036 2770 1388 2845 ignominiam
1409 2776 1460 2825 et
1477 2768 1757 2825 infamiam
1783 2770 1924 2828 viro-
