<?xml version="1.0" encoding="UTF-8"?>
<!DOCTYPE html PUBLIC "-//W3C//DTD XHTML 1.0 Transitional//EN"
    "http://www.w3.org/TR/xhtml1/DTD/xhtml1-transitional.dtd">
<html xmlns="http://www.w3.org/1999/xhtml" xml:lang="en" lang="en">
 <head>
  <title>
</title>
<meta http-equiv="Content-Type" content="text/html;charset=utf-8" />
  <meta name='ocr-system' content='tesseract 3.04.00' />
  <meta name='ocr-capabilities' content='ocr_page ocr_carea ocr_par ocr_line ocrx_word'/>
</head>
<body>
  <div class='ocr_page' id='page_1' title='image "./operaquoadextan03tacigoog_0587.png"; bbox 0 0 2081 3038; ppageno 0'>
   <div class='ocr_carea' id='block_1_1' title="bbox 171 213 1775 289">
    <p class='ocr_par' dir='ltr' id='par_1_1' title="bbox 171 213 1775 289">
     <span class='ocr_line' id='line_1_1' title="bbox 171 213 1775 289; baseline 0.002 -17"><span class='ocrx_word' id='word_1_1' title='bbox 171 213 412 289; x_wconf 45' lang='lat' dir='ltr'>meno.)</span> <span class='ocrx_word' id='word_1_2' title='bbox 597 222 761 269; x_wconf 72' lang='grc' dir='ltr'>ΜΒ.</span> <span class='ocrx_word' id='word_1_3' title='bbox 800 223 898 270; x_wconf 89' lang='lat' dir='ltr'>1v.</span> <span class='ocrx_word' id='word_1_4' title='bbox 939 224 1119 273; x_wconf 78' lang='lat' dir='ltr'>GAP.</span> <span class='ocrx_word' id='word_1_5' title='bbox 1159 226 1339 277; x_wconf 72' lang='lat'>4—0.</span> <span class='ocrx_word' id='word_1_6' title='bbox 1679 220 1775 278; x_wconf 74' lang='lat'>⁴73</span> 
     </span>
    </p>
   </div>
   <div class='ocr_carea' id='block_1_2' title="bbox 147 322 1835 2816">
    <p class='ocr_par' dir='ltr' id='par_1_2' title="bbox 172 322 1776 549">
     <span class='ocr_line' id='line_1_2' title="bbox 175 322 1773 395; baseline 0 -13"><span class='ocrx_word' id='word_1_7' title='bbox 175 327 326 382; x_wconf 80' lang='lat' dir='ltr'>fleam</span> <span class='ocrx_word' id='word_1_8' title='bbox 356 326 414 381; x_wconf 91' lang='lat' dir='ltr'>in</span> <span class='ocrx_word' id='word_1_9' title='bbox 433 326 634 379; x_wconf 91' lang='lat' dir='ltr'>bonum</span> <span class='ocrx_word' id='word_1_10' title='bbox 665 324 984 395; x_wconf 86' lang='lat' dir='ltr'>principem,</span> <span class='ocrx_word' id='word_1_11' title='bbox 1016 326 1087 380; x_wconf 85' lang='lat' dir='ltr'>ita</span> <span class='ocrx_word' id='word_1_12' title='bbox 1116 322 1149 356; x_wconf 72' lang='lat'>³¹¹</span> <span class='ocrx_word' id='word_1_13' title='bbox 1170 322 1204 357; x_wconf 82' lang='lat'><em>*</em></span> <span class='ocrx_word' id='word_1_14' title='bbox 1222 322 1256 357; x_wconf 82' lang='lat'><em>*</em></span> <span class='ocrx_word' id='word_1_15' title='bbox 1276 323 1308 356; x_wconf 65' lang='lat'>⁵*</span> <span class='ocrx_word' id='word_1_16' title='bbox 1326 324 1361 355; x_wconf 66' lang='lat'>³¹*</span> <span class='ocrx_word' id='word_1_17' title='bbox 1385 324 1516 381; x_wconf 80' lang='lat' dir='ltr'>falsa</span> <span class='ocrx_word' id='word_1_18' title='bbox 1536 326 1773 393; x_wconf 87' lang='lat' dir='ltr'>aberant,</span> 
     </span>
     <span class='ocr_line' id='line_1_3' title="bbox 172 399 1776 473; baseline 0.001 -16"><span class='ocrx_word' id='word_1_19' title='bbox 172 408 222 457; x_wconf 86' lang='lat' dir='ltr'>et</span> <span class='ocrx_word' id='word_1_20' title='bbox 249 402 444 456; x_wconf 88' lang='lat' dir='ltr'>studiis</span> <span class='ocrx_word' id='word_1_21' title='bbox 473 406 688 455; x_wconf 89' lang='lat' dir='ltr'>senatus</span> <span class='ocrx_word' id='word_1_22' title='bbox 719 399 1085 455; x_wconf 88' lang='lat' dir='ltr'>adtollebatur.</span> <span class='ocrx_word' id='word_1_23' title='bbox 1165 402 1327 473; x_wconf 89' lang='lat' dir='ltr'>Isque</span> <span class='ocrx_word' id='word_1_24' title='bbox 1354 404 1674 473; x_wconf 88' lang='lat' dir='ltr'>praecipuus</span> <span class='ocrx_word' id='word_1_25' title='bbox 1695 402 1776 459; x_wconf 91' lang='lat' dir='ltr'>illi</span> 
     </span>
     <span class='ocr_line' id='line_1_4' title="bbox 172 474 1709 549; baseline 0.001 -18"><span class='ocrx_word' id='word_1_26' title='bbox 172 478 306 541; x_wconf 82' lang='lat' dir='ltr'>dies,</span> <span class='ocrx_word' id='word_1_27' title='bbox 333 492 556 548; x_wconf 80' lang='lat' dir='ltr'>magnae</span> <span class='ocrx_word' id='word_1_28' title='bbox 573 474 802 529; x_wconf 80' lang='lat' dir='ltr'>offensae</span> <span class='ocrx_word' id='word_1_29' title='bbox 820 476 1032 530; x_wconf 89' lang='lat' dir='ltr'>initium</span> <span class='ocrx_word' id='word_1_30' title='bbox 1057 483 1107 530; x_wconf 84' lang='lat' dir='ltr'>et</span> <span class='ocrx_word' id='word_1_31' title='bbox 1125 494 1349 549; x_wconf 82' lang='lat' dir='ltr'>magnae</span> <span class='ocrx_word' id='word_1_32' title='bbox 1367 476 1567 549; x_wconf 83' lang='lat' dir='ltr'>gloriae</span> <span class='ocrx_word' id='word_1_33' title='bbox 1591 477 1709 533; x_wconf 87' lang='lat' dir='ltr'>fuit.</span> 
     </span>
    </p>

    <p class='ocr_par' dir='ltr' id='par_1_3' title="bbox 169 550 1835 1752">
     <span class='ocr_line' id='line_1_5' title="bbox 281 550 1773 623; baseline 0.002 -18"><span class='ocrx_word' id='word_1_34' title='bbox 281 554 332 605; x_wconf 82' lang='lat'>5.</span> <span class='ocrx_word' id='word_1_35' title='bbox 376 551 479 605; x_wconf 85' lang='lat' dir='ltr'>Res</span> <span class='ocrx_word' id='word_1_36' title='bbox 508 566 724 621; x_wconf 86' lang='lat' dir='ltr'>poscere</span> <span class='ocrx_word' id='word_1_37' title='bbox 748 550 978 615; x_wconf 85' lang='lat' dir='ltr'>videtur,</span> <span class='ocrx_word' id='word_1_38' title='bbox 1002 552 1131 623; x_wconf 90' lang='lat' dir='ltr'>quia</span> <span class='ocrx_word' id='word_1_39' title='bbox 1159 552 1352 606; x_wconf 87' lang='lat' dir='ltr'>iterum</span> <span class='ocrx_word' id='word_1_40' title='bbox 1371 554 1429 605; x_wconf 90' lang='lat' dir='ltr'>in</span> <span class='ocrx_word' id='word_1_41' title='bbox 1451 555 1773 608; x_wconf 86' lang='lat' dir='ltr'><strong>mentionem</strong></span> 
     </span>
     <span class='ocr_line' id='line_1_6' title="bbox 172 625 1775 699; baseline 0.001 -17"><span class='ocrx_word' id='word_1_42' title='bbox 172 626 464 683; x_wconf 80' lang='lat' dir='ltr'>incidimus</span> <span class='ocrx_word' id='word_1_43' title='bbox 490 626 588 679; x_wconf 90' lang='lat' dir='ltr'>viri</span> <span class='ocrx_word' id='word_1_44' title='bbox 610 625 824 697; x_wconf 83' lang='lat' dir='ltr'>saepius</span> <span class='ocrx_word' id='word_1_45' title='bbox 844 625 1193 691; x_wconf 86' lang='lat' dir='ltr'>memorandi,</span> <span class='ocrx_word' id='word_1_46' title='bbox 1226 634 1286 681; x_wconf 90' lang='lat' dir='ltr'>ut</span> <span class='ocrx_word' id='word_1_47' title='bbox 1305 627 1469 681; x_wconf 84' lang='lat' dir='ltr'>vitam</span> <span class='ocrx_word' id='word_1_48' title='bbox 1492 628 1775 699; x_wconf 84' lang='lat' dir='ltr'>studiaque</span> 
     </span>
     <span class='ocr_line' id='line_1_7' title="bbox 171 700 1775 773; baseline 0 -16"><span class='ocrx_word' id='word_1_49' title='bbox 171 704 310 766; x_wconf 82' lang='lat' dir='ltr'>eiuS,</span> <span class='ocrx_word' id='word_1_50' title='bbox 334 710 382 755; x_wconf 89' lang='lat' dir='ltr'>et</span> <span class='ocrx_word' id='word_1_51' title='bbox 403 700 550 773; x_wconf 90' lang='lat' dir='ltr'>quali</span> <span class='ocrx_word' id='word_1_52' title='bbox 573 700 780 757; x_wconf 85' lang='lat' dir='ltr'>fortuna</span> <span class='ocrx_word' id='word_1_53' title='bbox 801 702 872 755; x_wconf 89' lang='lat' dir='ltr'>sit</span> <span class='ocrx_word' id='word_1_54' title='bbox 889 719 1045 767; x_wconf 78' lang='lat' dir='ltr'>usuS‚</span> <span class='ocrx_word' id='word_1_55' title='bbox 1074 702 1261 773; x_wconf 90' lang='lat' dir='ltr'>paucis</span> <span class='ocrx_word' id='word_1_56' title='bbox 1282 711 1536 773; x_wconf 80' lang='lat' dir='ltr'><strong>repetam.</strong></span> <span class='ocrx_word' id='word_1_57' title='bbox 1596 702 1775 759; x_wconf 87' lang='lat' dir='ltr'>Helvi—</span> 
     </span>
     <span class='ocr_line' id='line_1_8' title="bbox 171 776 1774 854; baseline 0 -22"><span class='ocrx_word' id='word_1_58' title='bbox 171 778 295 832; x_wconf 90' lang='lat' dir='ltr'>dius</span> <span class='ocrx_word' id='word_1_59' title='bbox 325 778 560 840; x_wconf 82' lang='lat' dir='ltr'>Priscus,</span> <span class='ocrx_word' id='word_1_60' title='bbox 597 776 908 830; x_wconf 80' lang='lat' dir='ltr'>Tarracinae</span> <span class='ocrx_word' id='word_1_61' title='bbox 933 778 1248 854; x_wconf 86' lang='lat' dir='ltr'>municipio,</span> <span class='ocrx_word' id='word_1_62' title='bbox 1278 777 1469 833; x_wconf 92' lang='lat' dir='ltr'>Cluvio</span> <span class='ocrx_word' id='word_1_63' title='bbox 1489 786 1654 849; x_wconf 88' lang='lat' dir='ltr'>patre,</span> <span class='ocrx_word' id='word_1_64' title='bbox 1679 781 1774 849; x_wconf 92' lang='lat' dir='ltr'>qui</span> 
     </span>
     <span class='ocr_line' id='line_1_9' title="bbox 171 850 1775 927; baseline -0.002 -18"><span class='ocrx_word' id='word_1_65' title='bbox 171 853 412 909; x_wconf 83' lang='lat' dir='ltr'>ordinem</span> <span class='ocrx_word' id='word_1_66' title='bbox 441 850 704 923; x_wconf 90' lang='lat' dir='ltr'>primipili</span> <span class='ocrx_word' id='word_1_67' title='bbox 734 852 995 917; x_wconf 87' lang='lat' dir='ltr'>duxisset,</span> <span class='ocrx_word' id='word_1_68' title='bbox 1027 852 1308 927; x_wconf 85' lang='lat' dir='ltr'>ingenium</span> <span class='ocrx_word' id='word_1_69' title='bbox 1330 852 1557 907; x_wconf 86' lang='lat' dir='ltr'>inlustre</span> <span class='ocrx_word' id='word_1_70' title='bbox 1578 852 1775 909; x_wconf 87' lang='lat' dir='ltr'>altiori—</span> 
     </span>
     <span class='ocr_line' id='line_1_10' title="bbox 170 927 1771 1000; baseline 0 -17"><span class='ocrx_word' id='word_1_71' title='bbox 170 929 276 983; x_wconf 89' lang='lat' dir='ltr'>bus</span> <span class='ocrx_word' id='word_1_72' title='bbox 305 928 498 982; x_wconf 88' lang='lat' dir='ltr'>studiis</span> <span class='ocrx_word' id='word_1_73' title='bbox 525 927 739 981; x_wconf 89' lang='lat' dir='ltr'>iuvenis</span> <span class='ocrx_word' id='word_1_74' title='bbox 768 928 1057 983; x_wconf 82' lang='lat' dir='ltr'>admodum</span> <span class='ocrx_word' id='word_1_75' title='bbox 1087 928 1259 983; x_wconf 87' lang='lat' dir='ltr'>dedit:</span> <span class='ocrx_word' id='word_1_76' title='bbox 1304 946 1408 983; x_wconf 90' lang='lat' dir='ltr'>non</span> <span class='ocrx_word' id='word_1_77' title='bbox 1433 936 1490 983; x_wconf 90' lang='lat' dir='ltr'>ut</span> <span class='ocrx_word' id='word_1_78' title='bbox 1508 928 1771 1000; x_wconf 86' lang='lat' dir='ltr'>plerique,</span> 
     </span>
     <span class='ocr_line' id='line_1_11' title="bbox 170 1002 1835 1077; baseline -0.002 -20"><span class='ocrx_word' id='word_1_79' title='bbox 170 1011 232 1058; x_wconf 88' lang='lat' dir='ltr'>ut</span> <span class='ocrx_word' id='word_1_80' title='bbox 263 1004 478 1057; x_wconf 90' lang='lat' dir='ltr'>nomine</span> <span class='ocrx_word' id='word_1_81' title='bbox 508 1002 791 1075; x_wconf 76' lang='lat' dir='ltr'>magnifico</span> <span class='ocrx_word' id='word_1_82' title='bbox 821 1020 984 1077; x_wconf 82' lang='lat' dir='ltr'>segne</span> <span class='ocrx_word' id='word_1_83' title='bbox 1003 1005 1173 1059; x_wconf 89' lang='lat' dir='ltr'>otium</span> <span class='ocrx_word' id='word_1_84' title='bbox 1200 1003 1415 1068; x_wconf 84' lang='lat' dir='ltr'>velaret,</span> <span class='ocrx_word' id='word_1_85' title='bbox 1438 1004 1534 1059; x_wconf 90' lang='lat' dir='ltr'>sed</span> <span class='ocrx_word' id='word_1_86' title='bbox 1556 1022 1664 1076; x_wconf 88' lang='lat' dir='ltr'>quo</span> <span class='ocrx_word' id='word_1_87' title='bbox 1685 1004 1773 1057; x_wconf 83' lang='lat' dir='ltr'>fir-</span> <span class='ocrx_word' id='word_1_88' title='bbox 1828 1050 1835 1054; x_wconf 86' lang='lat'>.</span> 
     </span>
     <span class='ocr_line' id='line_1_12' title="bbox 171 1077 1775 1153; baseline 0.002 -21"><span class='ocrx_word' id='word_1_89' title='bbox 171 1079 308 1134; x_wconf 92' lang='lat' dir='ltr'>mior</span> <span class='ocrx_word' id='word_1_90' title='bbox 329 1079 585 1133; x_wconf 87' lang='lat' dir='ltr'>adversus</span> <span class='ocrx_word' id='word_1_91' title='bbox 604 1077 815 1134; x_wconf 80' lang='lat' dir='ltr'>fortuita</span> <span class='ocrx_word' id='word_1_92' title='bbox 836 1079 1225 1153; x_wconf 86' lang='lat' dir='ltr'>rempublicam</span> <span class='ocrx_word' id='word_1_93' title='bbox 1248 1088 1560 1153; x_wconf 85' lang='lat' dir='ltr'>capesseret.</span> <span class='ocrx_word' id='word_1_94' title='bbox 1591 1080 1775 1135; x_wconf 76' lang='lat' dir='ltr'>Docto-</span> 
     </span>
     <span class='ocr_line' id='line_1_13' title="bbox 173 1154 1769 1229; baseline 0.001 -22"><span class='ocrx_word' id='word_1_95' title='bbox 173 1171 256 1207; x_wconf 87' lang='lat' dir='ltr'>res</span> <span class='ocrx_word' id='word_1_96' title='bbox 277 1156 565 1225; x_wconf 84' lang='lat' dir='ltr'>sapientiae</span> <span class='ocrx_word' id='word_1_97' title='bbox 585 1162 801 1209; x_wconf 90' lang='lat' dir='ltr'>secutus</span> <span class='ocrx_word' id='word_1_98' title='bbox 822 1163 921 1221; x_wconf 90' lang='lat' dir='ltr'>est,</span> <span class='ocrx_word' id='word_1_99' title='bbox 941 1156 1038 1227; x_wconf 93' lang='lat' dir='ltr'>qui</span> <span class='ocrx_word' id='word_1_100' title='bbox 1060 1154 1168 1210; x_wconf 91' lang='lat' dir='ltr'>sola</span> <span class='ocrx_word' id='word_1_101' title='bbox 1192 1156 1349 1221; x_wconf 89' lang='lat' dir='ltr'>bona,</span> <span class='ocrx_word' id='word_1_102' title='bbox 1372 1173 1511 1229; x_wconf 91' lang='lat' dir='ltr'>quae</span> <span class='ocrx_word' id='word_1_103' title='bbox 1532 1155 1769 1221; x_wconf 82' lang='lat' dir='ltr'>honesta,</span> 
     </span>
     <span class='ocr_line' id='line_1_14' title="bbox 171 1229 1774 1302; baseline 0.002 -19"><span class='ocrx_word' id='word_1_104' title='bbox 171 1229 308 1283; x_wconf 90' lang='lat' dir='ltr'>mala</span> <span class='ocrx_word' id='word_1_105' title='bbox 331 1238 554 1295; x_wconf 89' lang='lat' dir='ltr'>tantum,</span> <span class='ocrx_word' id='word_1_106' title='bbox 578 1246 717 1302; x_wconf 87' lang='lat' dir='ltr'>quae</span> <span class='ocrx_word' id='word_1_107' title='bbox 735 1231 941 1301; x_wconf 88' lang='lat' dir='ltr'>turpia:</span> <span class='ocrx_word' id='word_1_108' title='bbox 982 1232 1293 1301; x_wconf 74' lang='lat' dir='ltr'>potentiam,</span> <span class='ocrx_word' id='word_1_109' title='bbox 1316 1230 1665 1296; x_wconf 88' lang='lat' dir='ltr'>nobilitatem,</span> <span class='ocrx_word' id='word_1_110' title='bbox 1688 1249 1774 1287; x_wconf 52' lang='lat' dir='ltr'>ce²</span> 
     </span>
     <span class='ocr_line' id='line_1_15' title="bbox 171 1305 1773 1377; baseline 0.001 -19"><span class='ocrx_word' id='word_1_111' title='bbox 171 1312 386 1376; x_wconf 81' lang='lat' dir='ltr'>teraque</span> <span class='ocrx_word' id='word_1_112' title='bbox 407 1313 550 1359; x_wconf 87' lang='lat' dir='ltr'>extra</span> <span class='ocrx_word' id='word_1_113' title='bbox 573 1306 836 1370; x_wconf 88' lang='lat' dir='ltr'>animum,</span> <span class='ocrx_word' id='word_1_114' title='bbox 858 1322 1033 1376; x_wconf 84' lang='lat' dir='ltr'>neque</span> <span class='ocrx_word' id='word_1_115' title='bbox 1054 1306 1209 1361; x_wconf 87' lang='lat' dir='ltr'>bonis</span> <span class='ocrx_word' id='word_1_116' title='bbox 1228 1323 1403 1377; x_wconf 90' lang='lat' dir='ltr'>neque</span> <span class='ocrx_word' id='word_1_117' title='bbox 1424 1305 1580 1360; x_wconf 86' lang='lat' dir='ltr'>malis</span> <span class='ocrx_word' id='word_1_118' title='bbox 1603 1307 1773 1369; x_wconf 82' lang='lat' dir='ltr'>adnu—</span> 
     </span>
     <span class='ocr_line' id='line_1_16' title="bbox 171 1378 1774 1453; baseline 0.001 -20"><span class='ocrx_word' id='word_1_119' title='bbox 171 1388 396 1433; x_wconf 86' lang='lat' dir='ltr'>merant.</span> <span class='ocrx_word' id='word_1_120' title='bbox 477 1378 822 1444; x_wconf 86' lang='lat' dir='ltr'>Quaestorius</span> <span class='ocrx_word' id='word_1_121' title='bbox 859 1379 1055 1445; x_wconf 89' lang='lat' dir='ltr'>adhuc,</span> <span class='ocrx_word' id='word_1_122' title='bbox 1096 1397 1126 1433; x_wconf 88' lang='lat' dir='ltr'>a</span> <span class='ocrx_word' id='word_1_123' title='bbox 1165 1380 1319 1435; x_wconf 88' lang='lat' dir='ltr'>Paeto</span> <span class='ocrx_word' id='word_1_124' title='bbox 1352 1380 1584 1435; x_wconf 86' lang='lat' dir='ltr'>Thrasea</span> <span class='ocrx_word' id='word_1_125' title='bbox 1612 1398 1774 1453; x_wconf 85' lang='lat' dir='ltr'>gener</span> 
     </span>
     <span class='ocr_line' id='line_1_17' title="bbox 169 1452 1768 1526; baseline 0.001 -20"><span class='ocrx_word' id='word_1_126' title='bbox 169 1453 425 1516; x_wconf 76' lang='lat' dir='ltr'>delectuS,</span> <span class='ocrx_word' id='word_1_127' title='bbox 466 1469 496 1506; x_wconf 90' lang='lat' dir='ltr'>e</span> <span class='ocrx_word' id='word_1_128' title='bbox 533 1453 775 1513; x_wconf 88' lang='lat' dir='ltr'>moribus</span> <span class='ocrx_word' id='word_1_129' title='bbox 815 1455 982 1513; x_wconf 83' lang='lat' dir='ltr'>soceri</span> <span class='ocrx_word' id='word_1_130' title='bbox 1011 1452 1149 1513; x_wconf 81' lang='lat' dir='ltr'>nihil</span> <span class='ocrx_word' id='word_1_131' title='bbox 1184 1471 1353 1526; x_wconf 86' lang='lat' dir='ltr'>aeque</span> <span class='ocrx_word' id='word_1_132' title='bbox 1384 1472 1443 1511; x_wconf 84' lang='lat' dir='ltr'>ac</span> <span class='ocrx_word' id='word_1_133' title='bbox 1478 1454 1768 1510; x_wconf 86' lang='lat' dir='ltr'>libertatem</span> 
     </span>
     <span class='ocr_line' id='line_1_18' title="bbox 169 1527 1773 1601; baseline 0 -17"><span class='ocrx_word' id='word_1_134' title='bbox 169 1528 376 1584; x_wconf 90' lang='lat' dir='ltr'>hausit:</span> <span class='ocrx_word' id='word_1_135' title='bbox 419 1527 574 1592; x_wconf 80' lang='lat' dir='ltr'>civiS,</span> <span class='ocrx_word' id='word_1_136' title='bbox 603 1535 830 1594; x_wconf 87' lang='lat' dir='ltr'>senator,</span> <span class='ocrx_word' id='word_1_137' title='bbox 854 1529 1101 1598; x_wconf 73' lang='lat' dir='ltr'>maritus,</span> <span class='ocrx_word' id='word_1_138' title='bbox 1124 1545 1306 1601; x_wconf 86' lang='lat' dir='ltr'>gener,</span> <span class='ocrx_word' id='word_1_139' title='bbox 1326 1530 1552 1595; x_wconf 82' lang='lat' dir='ltr'>amicus,</span> <span class='ocrx_word' id='word_1_140' title='bbox 1567 1531 1773 1586; x_wconf 89' lang='lat' dir='ltr'>cunctis</span> 
     </span>
     <span class='ocr_line' id='line_1_19' title="bbox 170 1601 1774 1680; baseline 0.002 -22"><span class='ocrx_word' id='word_1_141' title='bbox 170 1605 310 1658; x_wconf 84' lang='lat' dir='ltr'>vitae</span> <span class='ocrx_word' id='word_1_142' title='bbox 337 1601 528 1658; x_wconf 84' lang='lat' dir='ltr'>officiis</span> <span class='ocrx_word' id='word_1_143' title='bbox 547 1602 862 1676; x_wconf 80' lang='lat' dir='ltr'>aequabiliS,</span> <span class='ocrx_word' id='word_1_144' title='bbox 890 1621 1055 1674; x_wconf 77' lang='lat' dir='ltr'>opum</span> <span class='ocrx_word' id='word_1_145' title='bbox 1078 1611 1422 1680; x_wconf 78' lang='lat' dir='ltr'>contemptor,</span> <span class='ocrx_word' id='word_1_146' title='bbox 1448 1606 1572 1659; x_wconf 87' lang='lat' dir='ltr'>recti</span> <span class='ocrx_word' id='word_1_147' title='bbox 1594 1605 1774 1677; x_wconf 82' lang='lat' dir='ltr'>pervi-</span> 
     </span>
     <span class='ocr_line' id='line_1_20' title="bbox 169 1679 1457 1752; baseline 0 -18"><span class='ocrx_word' id='word_1_148' title='bbox 169 1697 288 1746; x_wconf 86' lang='lat' dir='ltr'>cax,</span> <span class='ocrx_word' id='word_1_149' title='bbox 313 1685 560 1735; x_wconf 83' lang='lat' dir='ltr'>constans</span> <span class='ocrx_word' id='word_1_150' title='bbox 580 1679 838 1738; x_wconf 83' lang='lat' dir='ltr'>adversus</span> <span class='ocrx_word' id='word_1_151' title='bbox 856 1688 1051 1736; x_wconf 87' lang='lat' dir='ltr'>metus.</span> <span class='ocrx_word' id='word_1_152' title='bbox 1451 1749 1457 1752; x_wconf 17' lang='grc' dir='ltr'><strong><em>Δ</em></strong></span> 
     </span>
    </p>

    <p class='ocr_par' dir='ltr' id='par_1_4' title="bbox 147 1753 1773 2816">
     <span class='ocr_line' id='line_1_21' title="bbox 282 1753 1768 1825; baseline 0.003 -17"><span class='ocrx_word' id='word_1_153' title='bbox 282 1756 332 1808; x_wconf 90' lang='grc'>6.</span> <span class='ocrx_word' id='word_1_154' title='bbox 393 1753 585 1820; x_wconf 71' lang='lat' dir='ltr'>Erant,</span> <span class='ocrx_word' id='word_1_155' title='bbox 644 1753 846 1825; x_wconf 90' lang='lat' dir='ltr'>quibus</span> <span class='ocrx_word' id='word_1_156' title='bbox 902 1755 1227 1825; x_wconf 87' lang='lat' dir='ltr'>adpetentior</span> <span class='ocrx_word' id='word_1_157' title='bbox 1273 1753 1444 1818; x_wconf 79' lang='lat' dir='ltr'>famae</span> <span class='ocrx_word' id='word_1_158' title='bbox 1482 1757 1768 1822; x_wconf 87' lang='lat' dir='ltr'>videretur,</span> 
     </span>
     <span class='ocr_line' id='line_1_22' title="bbox 169 1828 1773 1906; baseline 0.003 -23"><span class='ocrx_word' id='word_1_159' title='bbox 169 1828 387 1902; x_wconf 88' lang='lat' dir='ltr'>quando</span> <span class='ocrx_word' id='word_1_160' title='bbox 407 1830 562 1884; x_wconf 85' lang='lat' dir='ltr'>etiam</span> <span class='ocrx_word' id='word_1_161' title='bbox 586 1830 917 1900; x_wconf 82' lang='lat' dir='ltr'>sapientibus</span> <span class='ocrx_word' id='word_1_162' title='bbox 931 1831 1127 1902; x_wconf 89' lang='lat' dir='ltr'>cupido</span> <span class='ocrx_word' id='word_1_163' title='bbox 1145 1830 1345 1906; x_wconf 81' lang='lat' dir='ltr'>gloriae</span> <span class='ocrx_word' id='word_1_164' title='bbox 1364 1832 1657 1891; x_wconf 84' lang='lat' dir='ltr'>novissima</span> <span class='ocrx_word' id='word_1_165' title='bbox 1678 1851 1773 1888; x_wconf 85' lang='lat' dir='ltr'>ex-</span> 
     </span>
     <span class='ocr_line' id='line_1_23' title="bbox 169 1904 1771 1977; baseline 0.002 -18"><span class='ocrx_word' id='word_1_166' title='bbox 169 1905 336 1959; x_wconf 84' lang='lat' dir='ltr'>uitur.</span> <span class='ocrx_word' id='word_1_167' title='bbox 415 1904 589 1966; x_wconf 82' lang='lat' dir='ltr'>Ruina</span> <span class='ocrx_word' id='word_1_168' title='bbox 628 1905 794 1960; x_wconf 89' lang='lat' dir='ltr'>soceri</span> <span class='ocrx_word' id='word_1_169' title='bbox 833 1906 889 1962; x_wconf 88' lang='lat' dir='ltr'>in</span> <span class='ocrx_word' id='word_1_170' title='bbox 928 1906 1183 1968; x_wconf 79' lang='lat' dir='ltr'>exsilium</span> <span class='ocrx_word' id='word_1_171' title='bbox 1222 1905 1435 1977; x_wconf 78' lang='lat' dir='ltr'>pulsuS,</span> <span class='ocrx_word' id='word_1_172' title='bbox 1476 1915 1537 1962; x_wconf 88' lang='lat' dir='ltr'>ut</span> <span class='ocrx_word' id='word_1_173' title='bbox 1572 1907 1771 1962; x_wconf 85' lang='lat' dir='ltr'>Galbae</span> 
     </span>
     <span class='ocr_line' id='line_1_24' title="bbox 167 1979 1771 2053; baseline 0.002 -20"><span class='ocrx_word' id='word_1_174' title='bbox 167 1980 471 2052; x_wconf 88' lang='lat' dir='ltr'>principatu</span> <span class='ocrx_word' id='word_1_175' title='bbox 493 1979 665 2045; x_wconf 87' lang='lat' dir='ltr'>rediit,</span> <span class='ocrx_word' id='word_1_176' title='bbox 690 1979 1000 2035; x_wconf 88' lang='lat' dir='ltr'>Marcellum</span> <span class='ocrx_word' id='word_1_177' title='bbox 1025 1983 1274 2053; x_wconf 84' lang='lat' dir='ltr'>Eprium,</span> <span class='ocrx_word' id='word_1_178' title='bbox 1298 1981 1581 2038; x_wconf 84' lang='lat' dir='ltr'>delatorem</span> <span class='ocrx_word' id='word_1_179' title='bbox 1604 1982 1771 2038; x_wconf 90' lang='lat' dir='ltr'>Thra—</span> 
     </span>
     <span class='ocr_line' id='line_1_25' title="bbox 147 2055 1771 2130; baseline 0.002 -20"><span class='ocrx_word' id='word_1_180' title='bbox 147 2073 308 2120; x_wconf 89' lang='lat' dir='ltr'>.seae,</span> <span class='ocrx_word' id='word_1_181' title='bbox 342 2055 597 2110; x_wconf 71' lang='lat' dir='ltr'>ade-usare</span> <span class='ocrx_word' id='word_1_182' title='bbox 624 2055 947 2130; x_wconf 82' lang='lat' dir='ltr'>adgreditur.</span> <span class='ocrx_word' id='word_1_183' title='bbox 1024 2057 1103 2112; x_wconf 89' lang='lat' dir='ltr'>Ea</span> <span class='ocrx_word' id='word_1_184' title='bbox 1134 2057 1281 2120; x_wconf 91' lang='lat' dir='ltr'>ultio,</span> <span class='ocrx_word' id='word_1_185' title='bbox 1311 2058 1575 2120; x_wconf 88' lang='lat' dir='ltr'>incertum</span> <span class='ocrx_word' id='word_1_186' title='bbox 1603 2059 1771 2113; x_wconf 88' lang='lat' dir='ltr'>maior</span> 
     </span>
     <span class='ocr_line' id='line_1_26' title="bbox 167 2130 1771 2195; baseline 0.001 -9"><span class='ocrx_word' id='word_1_187' title='bbox 167 2149 236 2186; x_wconf 90' lang='lat' dir='ltr'>an</span> <span class='ocrx_word' id='word_1_188' title='bbox 256 2131 462 2195; x_wconf 85' lang='lat' dir='ltr'>iustior,</span> <span class='ocrx_word' id='word_1_189' title='bbox 485 2140 729 2191; x_wconf 80' lang='lat' dir='ltr'>senatum</span> <span class='ocrx_word' id='word_1_190' title='bbox 751 2133 806 2189; x_wconf 90' lang='lat' dir='ltr'>in</span> <span class='ocrx_word' id='word_1_191' title='bbox 827 2130 1002 2186; x_wconf 88' lang='lat' dir='ltr'>studia</span> <span class='ocrx_word' id='word_1_192' title='bbox 1021 2131 1319 2188; x_wconf 86' lang='lat' dir='ltr'>diduxerat.</span> <span class='ocrx_word' id='word_1_193' title='bbox 1390 2134 1527 2188; x_wconf 89' lang='lat' dir='ltr'>Nam</span> <span class='ocrx_word' id='word_1_194' title='bbox 1549 2136 1597 2188; x_wconf 90' lang='lat' dir='ltr'>si</span> <span class='ocrx_word' id='word_1_195' title='bbox 1617 2134 1771 2189; x_wconf 87' lang='lat' dir='ltr'>cade-</span> 
     </span>
     <span class='ocr_line' id='line_1_27' title="bbox 165 2205 1770 2280; baseline 0.002 -20"><span class='ocrx_word' id='word_1_196' title='bbox 165 2215 246 2261; x_wconf 85' lang='lat' dir='ltr'>ret</span> <span class='ocrx_word' id='word_1_197' title='bbox 266 2205 566 2272; x_wconf 83' lang='lat' dir='ltr'>Marcellus,</span> <span class='ocrx_word' id='word_1_198' title='bbox 591 2223 782 2280; x_wconf 84' lang='lat' dir='ltr'>agmen</span> <span class='ocrx_word' id='word_1_199' title='bbox 803 2225 1015 2264; x_wconf 89' lang='lat' dir='ltr'>reorum</span> <span class='ocrx_word' id='word_1_200' title='bbox 1037 2207 1385 2263; x_wconf 87' lang='lat' dir='ltr'>sternebatur.</span> <span class='ocrx_word' id='word_1_201' title='bbox 1468 2209 1646 2264; x_wconf 91' lang='lat' dir='ltr'>Primo</span> <span class='ocrx_word' id='word_1_202' title='bbox 1667 2210 1770 2264; x_wconf 91' lang='lat' dir='ltr'>mi—</span> 
     </span>
     <span class='ocr_line' id='line_1_28' title="bbox 166 2282 1769 2356; baseline 0.001 -20"><span class='ocrx_word' id='word_1_203' title='bbox 166 2299 274 2336; x_wconf 87' lang='lat' dir='ltr'>nax</span> <span class='ocrx_word' id='word_1_204' title='bbox 301 2290 583 2346; x_wconf 87' lang='lat' dir='ltr'>certamen,</span> <span class='ocrx_word' id='word_1_205' title='bbox 619 2291 670 2337; x_wconf 90' lang='lat' dir='ltr'>et</span> <span class='ocrx_word' id='word_1_206' title='bbox 696 2283 924 2356; x_wconf 77' lang='lat' dir='ltr'>egregiis</span> <span class='ocrx_word' id='word_1_207' title='bbox 955 2282 1243 2356; x_wconf 85' lang='lat' dir='ltr'>utriusque</span> <span class='ocrx_word' id='word_1_208' title='bbox 1262 2283 1591 2339; x_wconf 81' lang='lat' dir='ltr'>orationibus</span> <span class='ocrx_word' id='word_1_209' title='bbox 1613 2292 1769 2340; x_wconf 88' lang='lat' dir='ltr'>testa-</span> 
     </span>
     <span class='ocr_line' id='line_1_29' title="bbox 169 2356 1765 2426; baseline 0.001 -14"><span class='ocrx_word' id='word_1_210' title='bbox 169 2365 304 2412; x_wconf 89' lang='lat' dir='ltr'>tum.</span> <span class='ocrx_word' id='word_1_211' title='bbox 373 2357 518 2422; x_wconf 80' lang='lat' dir='ltr'>Mox¹</span> <span class='ocrx_word' id='word_1_212' title='bbox 540 2356 704 2413; x_wconf 88' lang='lat' dir='ltr'>dubia</span> <span class='ocrx_word' id='word_1_213' title='bbox 725 2357 994 2414; x_wconf 84' lang='lat' dir='ltr'>voluntate</span> <span class='ocrx_word' id='word_1_214' title='bbox 1014 2357 1233 2423; x_wconf 89' lang='lat' dir='ltr'>Galbae,</span> <span class='ocrx_word' id='word_1_215' title='bbox 1258 2358 1444 2416; x_wconf 85' lang='lat' dir='ltr'>multis</span> <span class='ocrx_word' id='word_1_216' title='bbox 1465 2367 1765 2426; x_wconf 82' lang='lat' dir='ltr'>senatorum</span> 
     </span>
     <span class='ocr_line' id='line_1_30' title="bbox 166 2431 1768 2503; baseline 0.002 -17"><span class='ocrx_word' id='word_1_217' title='bbox 166 2431 594 2503; x_wconf 84' lang='lat' dir='ltr'>deprecantibus,</span> <span class='ocrx_word' id='word_1_218' title='bbox 627 2433 808 2489; x_wconf 88' lang='lat' dir='ltr'>omisit</span> <span class='ocrx_word' id='word_1_219' title='bbox 837 2434 1080 2496; x_wconf 85' lang='lat' dir='ltr'>Priscus:</span> <span class='ocrx_word' id='word_1_220' title='bbox 1124 2435 1307 2499; x_wconf 76' lang='lat' dir='ltr'>variis,</span> <span class='ocrx_word' id='word_1_221' title='bbox 1347 2443 1408 2493; x_wconf 88' lang='lat' dir='ltr'>ut</span> <span class='ocrx_word' id='word_1_222' title='bbox 1434 2445 1562 2490; x_wconf 87' lang='lat' dir='ltr'>sunt</span> <span class='ocrx_word' id='word_1_223' title='bbox 1596 2435 1768 2490; x_wconf 91' lang='lat' dir='ltr'>homi-</span> 
     </span>
     <span class='ocr_line' id='line_1_31' title="bbox 167 2508 1765 2582; baseline 0.003 -20"><span class='ocrx_word' id='word_1_224' title='bbox 167 2525 301 2562; x_wconf 89' lang='lat' dir='ltr'>num</span> <span class='ocrx_word' id='word_1_225' title='bbox 331 2508 564 2582; x_wconf 81' lang='lat' dir='ltr'>ingenia,</span> <span class='ocrx_word' id='word_1_226' title='bbox 596 2508 936 2564; x_wconf 88' lang='lat' dir='ltr'>sermonibus</span> <span class='ocrx_word' id='word_1_227' title='bbox 967 2509 1381 2570; x_wconf 81' lang='lat' dir='ltr'>moderationem</span> <span class='ocrx_word' id='word_1_228' title='bbox 1411 2509 1765 2575; x_wconf 85' lang='lat' dir='ltr'>laudantium,</span> 
     </span>
     <span class='ocr_line' id='line_1_32' title="bbox 166 2585 1768 2658; baseline 0.003 -22"><span class='ocrx_word' id='word_1_229' title='bbox 166 2590 258 2638; x_wconf 85' lang='lat' dir='ltr'>aut</span> <span class='ocrx_word' id='word_1_230' title='bbox 291 2585 637 2643; x_wconf 83' lang='lat' dir='ltr'>constantiam</span> <span class='ocrx_word' id='word_1_231' title='bbox 666 2585 1077 2658; x_wconf 81' lang='lat' dir='ltr'>requirentium.</span> <span class='ocrx_word' id='word_1_232' title='bbox 1158 2585 1433 2650; x_wconf 81' lang='lat' dir='ltr'>Ceterum,</span> <span class='ocrx_word' id='word_1_233' title='bbox 1464 2603 1525 2642; x_wconf 91' lang='lat' dir='ltr'>eo</span> <span class='ocrx_word' id='word_1_234' title='bbox 1552 2595 1768 2644; x_wconf 88' lang='lat' dir='ltr'>senatus</span> 
     </span>
     <span class='ocr_line' id='line_1_33' title="bbox 165 2657 1769 2733; baseline 0.003 -21"><span class='ocrx_word' id='word_1_235' title='bbox 165 2657 275 2722; x_wconf 88' lang='lat' dir='ltr'>die,</span> <span class='ocrx_word' id='word_1_236' title='bbox 316 2676 424 2730; x_wconf 89' lang='lat' dir='ltr'>quo</span> <span class='ocrx_word' id='word_1_237' title='bbox 452 2658 518 2714; x_wconf 91' lang='lat' dir='ltr'>de</span> <span class='ocrx_word' id='word_1_238' title='bbox 548 2660 774 2732; x_wconf 86' lang='lat' dir='ltr'>imperio</span> <span class='ocrx_word' id='word_1_239' title='bbox 801 2661 1117 2733; x_wconf 85' lang='lat' dir='ltr'>Vespasiani</span> <span class='ocrx_word' id='word_1_240' title='bbox 1157 2660 1462 2726; x_wconf 75' lang='lat' dir='ltr'>censebant,</span> <span class='ocrx_word' id='word_1_241' title='bbox 1503 2661 1769 2732; x_wconf 84' lang='lat' dir='ltr'>placuerat</span> 
     </span>
     <span class='ocr_line' id='line_1_34' title="bbox 167 2733 1768 2816; baseline 0.004 -28"><span class='ocrx_word' id='word_1_242' title='bbox 167 2733 305 2788; x_wconf 89' lang='lat' dir='ltr'>mitti</span> <span class='ocrx_word' id='word_1_243' title='bbox 337 2733 404 2799; x_wconf 81' lang='lat' dir='ltr'>ad</span> <span class='ocrx_word' id='word_1_244' title='bbox 431 2735 730 2816; x_wconf 81' lang='lat' dir='ltr'>principem</span> <span class='ocrx_word' id='word_1_245' title='bbox 762 2736 977 2812; x_wconf 75' lang='lat' dir='ltr'>legatos.</span> <span class='ocrx_word' id='word_1_246' title='bbox 1058 2737 1195 2804; x_wconf 88' lang='lat' dir='ltr'>Hinc</span> <span class='ocrx_word' id='word_1_247' title='bbox 1220 2737 1359 2792; x_wconf 90' lang='lat' dir='ltr'>inter</span> <span class='ocrx_word' id='word_1_248' title='bbox 1384 2736 1691 2808; x_wconf 77' lang='lat' dir='ltr'>Helvidium</span> <span class='ocrx_word' id='word_1_249' title='bbox 1719 2749 1768 2794; x_wconf 81' lang='lat' dir='ltr'>et</span> 
     </span>
    </p>
   </div>
  </div>
 </body>
</html>
