2081 3038
177 209 416 283 A.‹;.54.)
546 221 705 264 ms.
745 219 868 264 xv.
910 221 1090 266 cAP.
1134 221 1376 266 28-30,
1673 211 1770 267 375

178 319 347 376 malae
374 337 586 394 pugnae
618 320 917 390 imperavit.
995 321 1092 373 Die
1108 327 1258 391 pacta
1277 319 1522 375 Tiberius
1540 316 1772 376 Alexan-

178 397 290 462 der,
321 395 563 452 inlustris
594 411 757 466 eques
782 395 1075 458 Romanus,
1107 394 1348 449 minister
1366 394 1504 450 bello
1523 396 1699 462 datm,
1723 403 1774 451 et

179 471 441 526 Vinianus
460 469 691 534 Anniu8‚
713 485 875 542 gener
895 467 1232 534 Corbuloni8‚
1256 469 1492 525 nondum
1514 472 1773 526 senatoria

179 552 360 610 aetate,
394 543 489 600 sed
517 561 613 616 pro
643 542 811 617 legato
838 543 1060 616 quintae
1086 541 1280 616 legioni
1301 543 1584 616 inpositus,
1607 545 1665 602 in
1685 563 1774 600 ca-

178 629 286 677 stra
306 619 555 676 Tiridatis
574 635 787 685 venere,
807 617 997 674 honori
1017 617 1157 684 eius,
1179 630 1260 684 ac,
1281 635 1348 674 ne
1366 626 1622 674 metueret
1641 620 1776 674 insi-

178 695 313 761 dias,
356 694 449 751 tali
487 695 725 768 pignore.
802 691 989 750 Viceni
1025 691 1222 749 dehinc
1247 693 1455 766 equites
1480 693 1770 766 adsumpti.

177 773 264 837 Et,
300 771 415 828 viso
444 767 760 836 Corbulone,
791 785 887 826 rex
914 768 1060 841 prior
1077 785 1217 841 equo
1234 767 1482 825 desiluit:
1525 785 1623 824 nec
1641 787 1776 824 cun-

178 854 349 903 ctatus
370 843 627 914 Corbu103
667 841 763 899 sed
779 842 942 918 pedes
962 851 1188 917 uterque
1206 843 1418 899 dextras
1436 844 1718 900 miscuere.

288 923 375 978 29.
416 921 555 976 Exin
574 921 844 976 Romanus
864 918 1044 975 laudat
1063 921 1334 986 iuvenem,
1347 923 1550 976 omissis
1562 921 1775 990 pronci-

171 999 385 1066 pitibus‚
410 1005 522 1051 tuta
542 1005 590 1050 et
606 999 870 1050 salutaria
883 1004 1244 1064 capessentem.
1315 994 1410 1050 Ille
1427 999 1491 1050 de
1507 995 1775 1050 nobilitate

176 1077 379 1142 qeneris
398 1070 628 1128 multum
648 1069 935 1144 praefatus,
948 1077 1118 1126 cetera
1136 1079 1488 1144 temperanter
1498 1070 1768 1144 adiungit:

178 1153 374 1204 iturum
400 1153 585 1217 quippe
614 1147 842 1211 Romam,
872 1148 1200 1216 laturumque
1228 1164 1416 1202 novum
1449 1144 1666 1202 Caesari
1683 1150 1774 1199 de—

179 1241 286 1287 cus,
302 1239 405 1278 non
424 1225 657 1278 adversis
675 1224 985 1276 Parthorum
1004 1224 1157 1276 rebus
1174 1224 1456 1292 supplicem
1470 1222 1771 1278 Arsaciden.

177 1300 317 1353 Tum
344 1296 563 1374 placuit,
600 1296 868 1352 Tiridaten
892 1313 1089 1368 ponere
1115 1296 1258 1368 apud
1283 1293 1514 1370 effigiem
1533 1295 1774 1353 Caesaris

178 1375 391 1448 insigne
418 1374 649 1447 regium,
679 1389 779 1429 nec
805 1371 913 1426 nisi
940 1386 1107 1426 manu
1137 1371 1363 1426 Neronis
1383 1387 1680 1427 resumere:
1723 1380 1774 1427 et

176 1449 522 1523 conloquium
541 1446 723 1505 osculo
742 1445 975 1501 finitum.
1044 1445 1176 1500 Dein
1235 1446 1382 1500 aucis
1401 1445 1592 1502 diebus
1612 1447 1775 1502 inter-

175 1526 348 1591 iectis,
378 1540 570 1599 magna
596 1523 871 1594 utrimque
898 1521 1096 1593 specie,
1119 1522 1176 1576 in
1215 1538 1244 1575 e
1265 1537 1432 1593 eques
1451 1523 1772 1593 compositus

176 1618 272 1674 per
302 1607 523 1665 turmas,
570 1603 621 1652 et
646 1594 955 1669 insignibus
982 1594 1190 1668 patriis,
1229 1594 1360 1650 hinc
1377 1596 1592 1670 agmina
1612 1596 1776 1671 legio-

178 1692 312 1732 num
332 1670 879 1746 stetere‚fulgentibus
898 1669 1097 1745 aquilis
1116 1670 1396 1745 signisque
1414 1677 1465 1726 et
1473 1670 1774 1729 simulacris

176 1750 361 1813 deum,
384 1748 441 1803 in
461 1746 682 1803 modum
700 1744 903 1817 templi.
963 1745 1138 1802 Medio
1156 1745 1392 1803 tribunal
1411 1746 1592 1805 sedem
1613 1766 1774 1803 curu-

178 1826 306 1889 lem,
337 1831 389 1878 et
414 1821 566 1878 sedes
590 1820 821 1897 effigiem
842 1822 1086 1886 Neronis,
1112 1821 1427 1879 sustinebat.
1505 1821 1589 1879 Ad
1607 1841 1772 1896 quam

176 1914 495 1973 progressus
522 1894 800 1962 Tiridates,
828 1896 995 1952 caesis
1023 1914 1092 1953 ex
1120 1915 1268 1955 more
1293 1898 1529 1955 victimis
1543 1939 1558 1965 ,
1589 1898 1772 1953 subla—

178 1985 295 2033 tum
334 1972 503 2046 capite
536 1971 778 2027 diadema
815 1972 1039 2046 imagini
1076 1972 1332 2029 subiecit:
1383 1972 1594 2046 magnis
1629 1974 1772 2045 apud

145 2114 153 2120 ‚
178 2056 397 2106 cunctos
418 2048 717 2103 animorum
737 2046 1002 2117 motibus;
1020 2064 1158 2121 quos
1177 2048 1402 2123 augebat
1419 2048 1579 2103 insita
1599 2046 1774 2103 adhuc

178 2124 353 2183 oculis
370 2123 699 2179 exercituum
716 2122 1078 2180 Romanorum
1099 2122 1283 2179 caedes
1303 2130 1394 2179 aut
1412 2120 1638 2181 obsidio.
1708 2124 1772 2177 Αι

176 2219 315 2257 nunc
342 2215 517 2256 versos
542 2216 721 2254 casus.-
758 2203 955 2253 iturum
983 2198 1250 2255 Tiridaten
1278 2203 1500 2254 ostentui
1520 2201 1770 2268 gentibus,

177 2285 373 2349 quanto
390 2278 561 2341 minus
579 2290 735 2343 quam
756 2270 1056 2343 captivum?

289 2354 373 2405 30.
414 2347 631 2405 Addidit
652 2344 851 2423 gloriae
872 2344 1102 2405 Corbulo
1127 2348 1424 2404 comitatem
1445 2346 1766 2420 epulasque:

178 2434 229 2483 et
258 2426 515 2501 rogitante
541 2440 665 2497 rege
689 2440 925 2488 caussas,
956 2423 1202 2495 quotiens
1223 2441 1423 2479 novum
1447 2421 1652 2496 aliquid
1680 2422 1771 2478 ad-

178 2508 431 2557 verterat:
474 2504 553 2565 ut,
582 2498 734 2554 initia
758 2496 1065 2573 vigiliarum
1091 2516 1186 2573 per
1207 2498 1566 2555 centurionem
1588 2497 1772 2553 nunti-

175 2577 275 2642 ari,
299 2574 608 2631 convivium
628 2572 852 2629 buccina
870 2572 1088 2641 dimitti,
1119 2576 1170 2629 'et
1187 2581 1441 2631 structam
1463 2580 1580 2627 ante
1596 2570 1770 2647 ‘augu—

175 2651 287 2708 rale
304 2665 451 2709 aram
470 2648 682 2705 subdita
702 2646 813 2705 face
830 2649 1078 2707 accendi:
1119 2656 1304 2705 cuncta
1331 2648 1390 2704 in
1410 2647 1584 2703 maius
1605 2647 1770 2705 adtol-

175 2726 295 2787 lens
311 2766 325 2795 ,
364 2724 709 2782 admiratione
746 2725 907 2800 prisci
947 2726 1113 2784 moris
1150 2722 1358 2783 adfecit.
1434 2724 1648 2783 Postero
1683 2724 1769 2783 die
