2081 3038
252 221 351 277 462
732 222 1390 273 nl-s'roluARtm
1574 213 1854 289 (amnas.

248 344 307 381 re
324 325 524 382 hausit.
600 323 843 381 Iuiianus
860 325 929 382 ad
946 326 1008 381 L.
1032 325 1310 384 Vitellium
1329 324 1639 397 perductae,
1663 332 1717 381 et
1737 342 1857 381 ver-

247 402 469 457 beribus
509 400 768 467 foedatus,
811 403 869 456 in
898 419 987 457 ore
1016 402 1136 456 eius
1162 400 1455 474 iugulatur.
1536 401 1726 467 Fuere,
1755 401 1854 475 qui

197 528 205 537 ,
248 494 471 531 uxorem
492 477 553 530 L.
568 476 768 533 Vitellii
789 477 1048 531 Triariam
1070 477 1411 541 incesserent,
1433 476 1856 549 tamquam,gla-

247 551 337 607 dio
356 552 576 607 militari
604 553 793 618 cincta,
823 554 960 607 inter
980 550 1185 606 luctum
1207 550 1493 623 cladesque
1521 559 1854 625 expugnatae

248 628 580 693 Tarracinae,
622 627 853 699 superbe
880 643 1147 698 saeveque
1174 628 1389 701 egisset.
1470 627 1590 698 Ipse
1618 625 1852 681 lauream

249 711 429 777 gestae
466 719 721 774 prospere
758 703 837 757 rei
872 702 939 756 ad
976 700 1192 756 fratrem
1233 703 1409 758 misit:
1453 708 1848 772 percunctatus,

248 779 425 832 statim
449 777 657 852 regredi
678 795 756 844 se,
778 794 847 832 an
868 776 1588 849 perdomandaeCampaniae
1605 777 1852 831 insistere

247 852 473 908 iuberet.
533 852 688 919 Quod
704 852 935 907 salutare
952 868 1060 908 non
1079 852 1238 907 modo
1255 853 1498 923 partibus
1517 852 1850 923 Vespasiani,

249 929 343 983 sed
373 926 697 999 reipublicae
724 926 844 983 fuit.
924 928 1060 981 Nam
1091 927 1138 981 si
1160 944 1345 982 recens
1363 927 1582 983 victoria
1601 925 1778 992 miles,
1803 934 1856 981 et

168 1034 177 1043 ·
248 1020 412 1074 super
431 1004 649 1058 insitam
669 1002 1023 1073 pervicaciam
1043 1002 1294 1058 secundis
1313 1002 1477 1068 ferox,
1489 1002 1714 1057 Romam
1725 1019 1855 1057 eon·-

250 1078 522 1142 tendisset,
564 1076 711 1131 haud
748 1094 913 1149 parva
944 1076 1086 1134 mole
1111 1086 1388 1143 certatum,
1431 1094 1528 1132 nec
1553 1078 1672 1131 sine
1689 1077 1854 1133 exitio

248 1154 420 1216 urbiS,
446 1152 601 1207 foret:
620 1186 625 1191 -
644 1152 848 1224 quippe
867 1153 929 1208 L.
943 1153 1173 1219 Vitellio,
1186 1155 1439 1225 quamvis
1461 1152 1668 1217 infami,
1684 1153 1857 1207 inerat

247 1227 539 1294 industria3
580 1243 682 1281 nec
708 1229 1019 1295 virtutibuS,
1051 1228 1277 1295 utboni,
1306 1228 1420 1294 sed,
1443 1227 1711 1301 quomodo
1728 1244 1858 1299 pes-

247 1302 423 1357 simus
440 1301 698 1375 quisque,
724 1305 871 1359 vitiis
890 1304 1112 1359 valebat.
1705 1354 1712 1357 .

356 1378 444 1433 78.
486 1378 626 1433 Dum
646 1378 779 1435 haec
796 1381 853 1435 in
875 1381 1119 1451 partibus
1137 1378 1333 1435 Vitellii
1355 1386 1634 1452 geruntur,
1645 1378 1858 1453 digres-

246 1472 343 1509 sus
380 1454 580 1509 Narnia
613 1454 929 1528 Vespasiani
966 1456 1230 1511 exercitus
1244 1497 1258 1521 ,
1300 1453 1460 1509 festos
1495 1452 1711 1509 Saturni
1737 1453 1857 1509 dies

248 1529 484 1586 Ocriculi
503 1547 597 1602 per
617 1532 786 1587 otium
806 1531 1053 1606 agitabat.
1087 1531 1288 1587 Caussa
1310 1540 1417 1585 tam
1436 1547 1631 1602 pravae
1651 1547 1854 1597 morae,

247 1614 310 1661 ut
327 1607 636 1662 Mucianum
658 1609 1046 1679 opperirentur.
1124 1607 1236 1661 Nec
1252 1605 1484 1672 defuere,
1510 1607 1610 1679 qui
1630 1606 1860 1662 Antoni-

246 1698 343 1736 um
381 1682 783 1752 suspicionibus
812 1691 1110 1756 arguerent,
1152 1689 1427 1754 tamquam
1457 1685 1575 1736 dolo
1603 1688 1859 1737 cunctan-

248 1765 363 1818 tem,
383 1766 501 1824 post
516 1767 743 1813 secretas
766 1759 956 1813 Vitellii
974 1760 1238 1826 epistola&
1260 1759 1446 1826 quibus
1463 1761 1790 1812 consulatum
1809 1767 1860 1812 et

247 1835 472 1887 nubilem
490 1836 656 1902 filiam
684 1842 733 1888 et
752 1837 951 1888 dotales
975 1849 1111 1900 epea,
1125 1838 1354 1900 pretium
1369 1836 1703 1901 proditionis,
1727 1838 1860 1903 offe·-

246 1910 411 1962 rebat.
468 1907 597 1974 Alii,
620 1912 744 1978 ficta
762 1912 887 1962 haec
906 1913 1031 1962 etin
1049 1912 1279 1977 qratiam
1298 1909 1538 1964 Muciani
1558 1913 1856 1976 composita.

249 1981 501 2050 Quidam,
543 1989 770 2038 munium
796 1987 854 2038 id
879 1987 1070 2038 ducum
1088 1987 1361 2038 consilium
1379 1986 1556 2053 fuisse,
1597 1992 1859 2038 ostantare

244 2063 419 2127 potius
445 2061 568 2114 urbi
596 2062 799 2122 bellum,
828 2076 987 2128 quam
1012 2064 1236 2129 inferre.-
1276 2062 1484 2128 quando
1501 2061 1858 2114 validissime

250 2137 481 2189 cohortes
496 2153 532 2189 a
549 2135 750 2188 Vitellio
768 2138 1118 2199 descivissent,
1131 2143 1196 2198 et,
1209 2137 1428 2189 abscisis
1448 2137 1682 2189 omnibus
1695 2151 1859 2203 prae-

248 2213 416 2272 sidii&
443 2227 682 2264 cessurus
700 2213 919 2279 imperio
940 2215 1230 2266 videbatur.
1307 2209 1412 2266 Sed
1431 2218 1620 2264 cuncta
1637 2213 1858 2280 [estina-

250 2289 401 2347 tione‚
424 2289 607 2338 deinde
630 2289 847 2355 iqnavia
874 2285 1082 2349 Sabini,
1111 2293 1398 2354 conrupta:
1435 2289 1528 2356 qui
1543 2288 1762 2353 sumptis
1782 2293 1859 2340 te-

248 2376 386 2412 mere
404 2363 586 2421 armis,
608 2365 1008 2415 munitissimam
1032 2359 1280 2428 Capitolii
1296 2377 1488 2424 arcem,
1501 2369 1552 2414 et
1567 2378 1632 2415 πο
1653 2363 1858 2430 maqm‘a

248 2437 455 2501 quidem
472 2438 789 2490 exercitibus
808 2438 1226 2504 eoepuynabilem,
1239 2439 1492 2490 adversus
1509 2440 1608 2490 tria
1627 2437 1858 2490 cohortes

250 2510 388 2559 tueri
425 2511 751 2576 nequivisset.
828 2509 982 2564 Haud
1018 2508 1172 2564 facile
1208 2510 1336 2582 quis
1373 2509 1470 2563 uni
1495 2509 1857 2582 adsignaverit

249 2579 483 2649 culpam.
514 2599 654 2652 quae
680 2585 927 2640 omnium
946 2583 1067 2641 fuit.
1147 2584 1284 2638 Nam
1311 2593 1362 2638 et
1377 2584 1662 2639 Mucianus
1679 2582 1858 2640 ambi-

250 2655 375 2722 guis
406 2656 645 2724 epistolis
666 2659 890 2714 victores
919 2658 1244 2724 morabatur,
1273 2667 1324 2712 et
1343 2658 1608 2714 Antonius
1632 2675 1858 2730 praepo-

252 2735 391 2778 stero
408 2729 687 2801 obsequio,
710 2732 817 2798 vel,
837 2734 971 2789 dum
998 2734 1192 2804 regerit
1209 2732 1491 2798 invidiam,
1515 2733 1720 2788 crimen
1739 2748 1857 2788 me—
