2081 3038
246 238 345 292 230
726 244 1377 293 ΗῐθΤοΒῐΑιιυΜ
1575 234 1844 309 (nmen.

354 348 405 400 2.
450 342 554 397 Sed
581 347 709 417 quia
738 345 971 403 famosae
995 346 1150 401 urbis
1179 361 1496 417 supremum
1521 343 1662 401 diem
1685 344 1850 399 tradi-

246 420 352 473 turi
375 436 588 485 sumus,
612 438 909 495 congruens
930 421 1160 487 videtur,
1173 420 1462 493 primordia
1483 421 1600 473 eius
1621 421 1844 491 aperire.

244 493 483 561 Iudaeos,
506 494 657 551 Creta
677 498 854 553 insula
874 496 1146 570 profugos,
1169 496 1462 551 novissima
1483 496 1684 577 Libyae
1705 496 1846 550 inse-

243 568 388 624 disse
406 582 719 638 memorant‚
734 592 840 645 qua
865 580 1199 645 tempesstate
1209 570 1474 626 Saturnus
1490 571 1546 625 vi
1565 571 1704 625 Iovis
1723 570 1848 641 pul-

243 662 339 701 sus
378 649 594 702 cesserit
628 651 825 722 regniS.
909 648 1301 721 Argumentum
1329 662 1362 699 e
1383 646 1600 700 nomine
1619 645 1840 717 petitur:

215 718 508 795 -inclytum
536 723 593 777 in
614 723 763 778 Creta
788 724 931 777 {dam
955 730 1208 787 montem,
1241 722 1448 775 adcolas
1470 722 1668 785 Idaeos,
1691 728 1846 774 aucto

242 797 301 851 in
321 796 606 851 barbarum
636 806 999 873 cognomento,
1034 798 1252 853 ludaeos
1275 797 1510 851 vocitari.
1589 794 1837 861 Quidam,

241 880 497 945 regnante
526 872 681 937 Iside,
714 874 1070 928 exundantem
1099 889 1192 945 per
1212 872 1517 945 Aegyptum
1544 870 1842 926 multitudi-

243 964 389 1012 nem,
412 946 641 1002 ducibus
662 948 1024 1021 Hierosolymo
1046 965 1107 1001 ac
1128 946 1275 1012 luda,
1307 948 1578 1018 proximas
1601 947 1654 1001 in
1679 955 1840 1000 terras

242 1030 596 1083 exoneratam.
676 1022 941 1095 Plerique,
964 1023 1288 1093 Aethiopum
1307 1022 1531 1094 prolem,
1563 1040 1697 1093 quos
1715 1028 1840 1094 ‘rege

242 1096 454 1169 Cepheo
492 1104 664 1151 metus
704 1106 863 1169 atque
899 1098 1086 1153 odium
1113 1106 1320 1153 mutare
1346 1096 1500 1152 sedes
1528 1096 1834 1168 perpulerit.

240 1170 396 1237 Sunt,
428 1172 524 1241 qui
553 1171 773 1237 tradant,
818 1170 1067 1244 Assyrios
1097 1190 1382 1237 convenaS,
1422 1172 1666 1245 indi-gum
1686 1190 1840 1245 agro—

240 1262 363 1300 rum
382 1244 663 1315 populum,
688 1254 834 1317 parte
852 1245 1082 1320 Aegypti
1105 1248 1314 1319 potitos,
1344 1264 1470 1301 mox
1487 1248 1728 1318 proprias
1747 1266 1841 1303 ur·-

238 1320 337 1376 hes
368 1320 737 1392 Hebraeasque
768 1329 930 1377 terras
962 1330 1013 1377 et
1030 1322 1276 1395 propiora
1297 1319 1480 1393 Syriae
1500 1322 1728 1376 coluisse
1747 1340 1842 1375 ru-

240 1413 318 1450 ra.
397 1395 525 1463 Alii,
560 1396 874 1453 Iudaeorum
896 1399 1067 1464 initia,
1099 1396 1364 1470 Solymos„
1388 1397 1715 1450 carminibus
1736 1398 1843 1451 llo-

243 1471 381 1527 meri
420 1470 734 1528 celebratam
775 1482 985 1548 gentem
1000 1517 1013 1542 ,
1058 1472 1297 1530 conditae
1325 1471 1447 1528 urbi
1477 1471 1840 1547 Hierosolyma

240 1565 432 1603 nomen
452 1565 483 1602 e
501 1565 601 1602 suo
620 1545 827 1604 fecisse.

352 1627 402 1677 3.
424 1623 653 1677 Plurimi
674 1631 911 1680 auctores
931 1623 1408 1688 consentiunt,orta
1431 1639 1526 1694 per
1538 1625 1840 1696 Aegyptum

240 1697 377 1762 tabe,
418 1715 557 1768 quae
583 1715 809 1772 corpora·
829 1699 1084 1764 foedaret,
1123 1715 1301 1771 regem
1332 1699 1658 1763 Bocchorim,
1701 1697 1844 1752 adito

238 1771 553 1826 Hammonis
580 1773 813 1838 oraculo,
846 1773 1143 1828 remedium
1175 1781 1470 1844 petentem,
1501 1789 1730 1846 purgare
1757 1789 1844 1826 re-

237 1865 409 1920 gnum
440 1856 491 1902 et
519 1849 576 1903 id
602 1865 776 1923 genus
796 1848 1098 1912 hominum,
1133 1857 1192 1901 ut
1209 1849 1449 1904 invisum
1471 1849 1605 1912 deis,
1629 1847 1766 1902 alias
1783 1849 1840 1901 in

239 1931 405 1977 terras
426 1923 649 1978 avehere
668 1925 901 1978 iussum.
943 1921 1031 1976 Sic
1048 1923 1412 1996 conquisitum
1435 1923 1852 1994 conlectumque

240 1998 458 2072 vulgus,
490 2007 771 2071 postquam
806 1995 971 2052 vastis
999 1995 1130 2052 locis
1158 1998 1402 2052 relictum
1427 1999 1517 2062 sit,
1539 1999 1726 2053 ceteris
1746 2013 1843 2069 per

239 2072 487 2128 lacrimas
506 2073 856 2145 torpentibus,
885 2073 1124 2146 Moysen,
1157 2088 1331 2128 unum
1351 2072 1624 2136 exsulum,
1648 2089 1844 2129 monu-

236 2151 365 2214 isse,
392 2167 458 2203 ne
476 2166 641 2221 quam
660 2149 881 2203 deorum
902 2147 1253 2204 hominumve
1277 2165 1432 2220 opem
1453 2156 1837 2220 exspectarent,

241 2226 495 2296 utrinque
511 2224 723 2288 deserti,
764 2222 860 2278 sed
879 2223 1004 2289 sibi,
1048 2231 1110 2279 ut
1131 2223 1257 2278 duci
1275 2224 1504 2290 caelesti,
1547 2223 1837 2290 crederent,
1929 2283 1938 2291 ‚

237 2301 415 2370 primo
454 2301 611 2354 ouius
648 2299 851 2354 auxi-lio
876 2307 1181 2370 praesentes
1207 2299 1456 2354 miserias
1485 2298 1837 2372 pepulissent.

238 2373 536 2428 Adsensere
565 2381 725 2445 atque
750 2375 994 2428 omnium
1027 2374 1202 2446 ignari
1231 2373 1506 2428 fortuitum
1527 2376 1626 2428 iter
1645 2374 1843 2445 incipi-

239 2456 354 2501 unt.
435 2447 539 2502 Sed
579 2448 714 2502 nihil
742 2463 929 2519 aeque,
972 2465 1138 2519 quam
1167 2449 1347 2518 inopia
1372 2463 1542 2520 aquae
1566 2447 1838 2521 fatigabat.

239 2521 459 2592 Iamque
478 2522 623 2576 haud
640 2523 827 2593 procul
848 2523 1026 2587 exitio,
1059 2524 1178 2576 totis
1199 2521 1404 2594 campis
1423 2522 1838 2594 procubuerant,

238 2609 363 2646 cum
383 2611 515 2666 grex
534 2597 805 2650 asinorum
830 2598 1121 2669 agrestium
1140 2613 1171 2650 e
1188 2605 1349 2668 pastu⁴
1365 2597 1421 2650 in
1443 2613 1634 2672 rupem
1655 2613 1844 2650 nemo-

238 2681 295 2716 re
318 2683 534 2734 opacam
555 2671 833 2724 concessit.
896 2669 1122 2726 Secutus
1143 2671 1372 2744 MoyseS‚
1396 2671 1696 2726 coniectura
1717 2671 1844 2724 her—-

238 2735 350 2788 bidi
380 2740 499 2804 soli,
530 2741 703 2814 largas
732 2761 997 2816 aquarum
1022 2761 1188 2800 venas
1213 2747 1396 2816 aperit.
1479 2746 1539 2800 ld
1558 2744 1838 2804 levamen:

723 2956 763 2964 ‘-
