2081 3038
224 211 275 250 ι.
302 210 353 250 c.
376 192 471 268 rs.)
644 200 803 248 Lm.
840 199 1136 248 IL‘GAP.
1177 202 1386 247 8—10.
1757 197 1824 250 63

224 303 428 359 artibus
453 301 741 376 adgressus
770 309 878 358 est:
921 301 1090 357 donec
1115 299 1360 366 Sisenna,
1382 301 1520 357 clam
1538 301 1716 358 relicta
1737 303 1825 359 in-

224 378 361 442 sula,
402 377 729 448 trepidus‘et
755 379 870 431 v‘im
906 385 1152 432 metuens
1191 375 1484 449 aufugeret.
1563 379 1692 434 Inde
1721 377 1824 433 late

226 463 409 516 terror,
450 451 639 506 multis
664 447 733 504 ad
756 449 1110 506 celebritatem
1132 452 1368 506 nominis
1393 453 1598 520 erectis,
1638 471 1820 510 rerum

227 543 485 582 novarum
506 525 777 597 cupidine,
798 533 851 580 et
868 526 989 580 odio
1009 527 1390 597 praesentium.

334 605 385 656 9.
429 600 752 656 Gliscentem
774 600 830 654 in
848 599 963 655 dies
982 599 1177 655 famam
1199 600 1306 657 fors
1325 601 1597 656 discussit.
1664 602 1824 658 Gala-

168 697 175 700 ·
225 677 350 732 tiam
390 693 451 730 ac
492 673 863 748 Pamphyliam
892 676 1192 746 provincias
1221 675 1511 747 Calpurnio
1543 674 1822 746 Asprenati

224 751 481 824 regendas
506 749 676 806 Galba
700 751 1031 821 permiserat.
1111 751 1268 805 Datae
1293 767 1323 805 e
1347 749 1516 804 classe
1535 749 1823 805 Misenensi

224 826 361 881 duae
380 827 621 880 triremes
638 824 705 880 ad
723 825 1181 898 prosequendum,
1193 839 1316 880 cum
1334 825 1536 897 quibus
1547 825 1822 899 Cythnum

223 899 455 955 insulam
478 902 673 966 tenuit.
752 901 863 955 Nec
888 899 1123 966 defuere,
1155 901 1252 973 qui
1273 901 1586 955 trierarchos
1608 901 1824 956 nomine

223 976 447 1030 Neronis
466 977 713 1030 accirent.
738 975 789 1030 ls
808 977 864 1030 in
886 978 1200 1032 maestitiam
1223 976 1569 1048 compositus,
1591 983 1642 1030 et
1663 975 1822 1030 fidem

222 1069 443 1107 suorum
470 1051 744 1124 quondam
775 1050 1009 1106 militum
1038 1053 1314 1116 invocans,
1345 1059 1406 1106 ut
1432 1068 1558 1106 eum
1585 1051 1640 1106 in
1667 1051 1824 1125 Syria
1928 1115 1940 1126 ν

220 1137 313 1182 aut
346 1127 586 1200 Aegypto
614 1127 891 1192 sisterent,
932 1126 1132 1182 orabat.
1213 1126 1509 1182 Trierarchi
1550 1135 1818 1192 nutanteS,

220 1217 315 1256 seu
346 1202 486 1266 dolo,
516 1199 879 1274 adloquendos
908 1202 1014 1256 sibi
1040 1201 1258 1267 milites,
1289 1209 1338 1256 et
1358 1203 1555 1273 paratis
1575 1204 1822 1258 omnium

220 1279 415 1332 animis
432 1294 759 1342 reversuros,
784 1277 1151 1332 firmaverunt.
1208 1275 1313 1331 Sed
1332 1277 1610 1347 Asprenati
1633 1285 1822 1334 cuncta

220 1367 287 1406 ex
316 1352 419 1406 fide
446 1354 713 1423 nuntiata:
756 1352 913 1406 cuius
940 1351 1294 1406 cohortatione
1322 1361 1621 1425 expugnata
1645 1353 1818 1418 navis,

220 1434 273 1481 et
288 1425 594 1481 interfectus
612 1427 867 1498 quisquis
887 1423 978 1481 ille
998 1433 1127 1480 erat.
1207 1424 1434 1495 Corpus,
1463 1427 1676 1498 insigne
1694 1443 1823 1482 ocu·

220 1500 311 1556 lis.
328 1517 589 1573 comaque
623 1507 675 1555 et
700 1499 939 1555 torvitate
966 1499 1172 1566 vultus,
1214 1499 1271 1553 in
1301 1498 1484 1554 Asiam
1513 1508 1672 1573 atque
1689 1501 1824 1557 ‘inde

220 1576 441 1632 Romam
467 1583 772 1646 pervectum
793 1582 892 1630 est.

336 1654 416 1704 lo.
460 1651 519 1704 In
557 1650 768 1704 civitate
798 1648 1028 1704 discordi
1058 1655 1127 1715 et,
1168 1648 1239 1705 ob
1272 1648 1484 1705 crebras
1512 1652 1821 1723 principum

220 1726 561 1789 muta-tiones,
593 1725 731 1778 inter
759 1724 1052 1779 libertatem
1081 1742 1143 1779 ac
1169 1723 1436 1779 licentiam
1459 1726 1676 1791 incerta,
1699 1744 1824 1799 par-

202 1818 321 1857 -vae
358 1816 575 1871 quoque
612 1815 695 1853 res
736 1800 945 1873 magnis
976 1799 1211 1855 motibus
1237 1800 1548 1874 agebantur.
1629 1802 1822 1857 Vibius

220 1875 468 1945 CrispuS,
502 1873 745 1945 pecunia,
766 1874 1017 1947 potentia,
1045 1876 1261 1949 ingenio
1279 1877 1417 1929 inter
1437 1874 1606 1931 claros
1624 1878 1818 1949 magiS,

220 1966 387 2023 quam
420 1950 555 2004 inter
584 1949 768 2015 bonos,
801 1949 1042 2003 Annium
1072 1950 1353 2016 Faustum,
1391 1951 1654 2021 equestris
1679 1952 1822 2006 ordi-

220 2026 328 2089 nis,
355 2027 456 2096 qui
476 2022 803 2095 temporibus
824 2024 1050 2079 Neronis
1075 2024 1361 2080 delationes
1381 2023 1722 2089 factitaverat,
1756 2025 1822 2079 ad

218 2101 576 2173 cognitionem
614 2108 830 2155 senatus
869 2098 1103 2154 vocabat.
1183 2100 1319 2154 Nam
1367 2117 1581 2165 recenS,
1623 2099 1822 2155 Galbae

218 2176 543 2248 principatu,
574 2181 890 2230 censuerant
918 2182 1111 2245 patres,
1137 2181 1196 2229 ut
1215 2182 1582 2230 accusatorum
1601 2190 1822 2229 caussae

220 2257 577 2305 noscerentur.
656 2249 715 2304 ld
742 2248 1264 2304 senatusconsultum
1291 2251 1442 2305 varie
1469 2250 1718 2303 iactatum
1749 2256 1818 2313 et,

218 2335 377 2399 prout
396 2334 580 2396 potens
602 2322 683 2379 vel
704 2325 862 2397 inops
880 2340 1006 2378 reus
1026 2324 1298 2389 inciderat,
1321 2325 1600 2379 infirmum
1621 2331 1713 2379 aut
1727 2340 1822 2378 va-

220 2400 391 2456 lidum
422 2398 763 2455 retinebatur.
842 2398 925 2453 Ad
955 2398 1055 2453 hoc
1081 2400 1296 2454 terroris
1321 2408 1371 2453 et
1397 2400 1608 2469 propria
1628 2400 1682 2453 vi
1704 2398 1822 2454 Cri·-

216 2492 353 2547 spus
372 2476 705 2537 incubuerat,
736 2472 1019 2529 delatorem
1044 2472 1217 2529 fratris
1239 2472 1325 2529 sui
1345 2482 1672 2545 pervertere:
1715 2482 1822 2527 tra-

216 2561 474 2621 xeratque
514 2564 762 2623 magnam
804 2558 1019 2603 senatus
1051 2557 1274 2619 partem,
1317 2556 1378 2603 ut
1403 2548 1742 2603 indefensum
1770 2556 1823 2603 et

214 2625 521 2681 inauditum
550 2624 671 2679 dedi
698 2624 765 2678 ad
792 2626 1017 2679 exitium
1039 2623 1383 2694 postularent.
1465 2622 1654 2679 Contra
1677 2623 1820 2696 apud

214 2700 353 2756 alios
372 2699 509 2755 nihil
530 2716 700 2772 aeque
718 2716 809 2756 reo
825 2698 1088 2773 proderat,
1101 2714 1266 2771 quam
1287 2699 1454 2754 nimia
1473 2702 1705 2772 potentia
1725 2698 1820 2755 ad-
