2081 3038
226 230 471 303 nexo.)
621 240 779 285 Lm.
816 238 920 285 111.
963 243 1139 287 CAP.
1189 244 1421 289 17—19.
1729 238 1824 291 ¹27

228 358 335 414 que
354 340 655 414 ingenium,
678 338 925 410 spoliare,
940 358 1144 413 capere.
1159 360 1304 397 arma
1323 360 1596 417 equosque
1617 346 1829 418 abripe-

229 434 303 471 re.
382 416 450 469 Et
478 416 635 470 exciti
667 431 918 487 prospero
950 417 1196 481 clamore,
1239 420 1332 489 qui
1367 420 1522 474 modo
1549 438 1644 492 per
1672 439 1828 494 agros

228 490 355 565 fuga
378 488 713 563 palabantur,
740 492 985 546 victoriae
1004 510 1062 547 se
1083 494 1394 547 miscebant.

340 570 425 621 ⁴8.
468 566 549 621 Ad
576 574 831 638 quartum
862 584 891 623 a
914 567 1170 622 Cremona
1201 566 1429 638 lapidem
1451 567 1647 623 fulsere
1667 568 1830 641 legio—

230 659 361 697 num
400 642 555 714 signa
595 642 819 712 Rapacis
857 651 1017 713 atque
1057 642 1290 707 Italicae,
1334 642 1464 697 laeto
1500 643 1636 698 inter
1682 644 1831 697 initia

230 718 473 789 equitum
494 734 717 771 suorum
740 716 937 788 proelio
958 718 1088 772 illuc
1108 734 1284 789 usque
1303 726 1564 788 provecta.
1613 715 1715 771 Sed
1739 718 1832 771 ubi

232 791 439 847 fortuna
478 801 655 847 contra
698 790 815 855 fnit,
859 810 964 847 non
995 791 1172 847 laxare
1199 792 1433 856 ordines«,
1463 810 1568 847 non
1597 794 1832 863 recipere

232 867 489 929 turbatos,
532 882 634 921 non
678 866 891 921 obviam
931 869 1028 931 ire,
1071 867 1320 939 ultroque
1356 866 1572 940 adgredi
1604 868 1829 932 hostem,

232 950 435 996 tantum
461 958 555 1012 per
574 943 804 1013 spatium
828 960 990 997 cursu
1012 951 1064 997 et
1084 942 1371 1017 pugnando
1394 942 1614 997 fessum.
1681 943 1834 997 Forte

231 1018 377 1078 victi,
404 1018 547 1072 haud
573 1017 791 1087 perinde
810 1018 970 1072 rebus
994 1020 1266 1090 prosperis
1287 1018 1476 1072 ducem
1498 1017 1835 1072 desiderave-

230 1101 365 1154 rant,
392 1103 552 1164 atque
570 1094 625 1146 in
648 1092 887 1147 adversis
909 1094 1096 1148 deesse
1115 1093 1499 1167 intelligebant.
1543 1094 1830 1147 Nutantem

231 1169 397 1223 aciem
422 1170 589 1222 victor
608 1168 875 1238 equitatus
895 1170 1162 1223 incursat:
1205 1179 1256 1222 et
1275 1170 1566 1241 Vipstanus
1588 1166 1832 1223 Messalla

228 1243 481 1297 tribunus
514 1259 638 1297 cum
667 1243 911 1297 Moesicis
939 1242 1295 1298 auxiliaribus
1325 1246 1660 1317 adsequitur,
1695 1261 1835 1316 quos

232 1318 453 1372 militiae
485 1317 808 1389 legionariiS,
837 1336 1170 1389 quamquam
1195 1320 1380 1388 raptim
1409 1319 1614 1381 ductoS,
1638 1337 1836 1390 aequa-

230 1392 377 1447 bant.
460 1392 531 1445 lta
570 1391 775 1445 mixtus
812 1392 975 1462 pedes
1016 1408 1292 1461 equesque
1329 1409 1533 1461 rupere·
1560 1391 1828 1463 legionum

233 1482 446 1540 agmen.
514 1466 582 1518 Et
599 1466 901 1538 propinqua
922 1462 1364 1522 Cremonensium
1387 1466 1613 1528 moenia,
1637 1475 1838 1536 quanto

232 1541 359 1612 plus
386 1540 499 1610 spei
530 1540 597 1593 ad
626 1539 906 1613 effugium,
939 1549 1083 1595 tanto
1109 1540 1369 1594 minorem
1395 1541 1462 1594 ad
1481 1541 1836 1595 resistendum

233 1618 475 1670 animum
496 1614 711 1668 dabant.

349 1691 431 1744 19.
474 1690 583 1743 Nec
612 1690 873 1744 Antonius
894 1689 1030 1744 ultra
1053 1689 1263 1752 institit,
1288 1707 1492 1744 memor
1513 1688 1752 1746 laborum
1776 1709 1837 1746 ac

232 1765 544 1828 vulnerum,
568 1765 769 1835 quibus
790 1773 895 1819 tam
918 1783 1112 1837 anceps
1136 1765 1316 1837 proelii
1343 1765 1836 1838 fortuna,quamvis

232 1857 489 1914 prospero
519 1839 643 1902 line,
675 1842 882 1911 equites
902 1859 1179 1913 equosque
1198 1839 1570 1895 adflictaverat.
1655 1843 1837 1895 inum-

231 1917 421 1972 bra-nte
441 1931 657 1986 vespera
681 1919 993 1970 universum
1020 1916 1257 1970 Flaviani
1281 1915 1544 1970 exercitus
1565 1915 1725 1970 robur
1743 1915 1836 1969 ad-

232 1993 399 2050 venit.
476 1991 649 2062 thue
667 1990 913 2046 cumulos
935 2009 1098 2063 super
1117 2000 1169 2045 et
1186 1993 1411 2046 recentia
1434 1991 1592 2045 caede
1614 1991 1834 2062 vestigia

232 2070 513 2132 incessere,
546 2067 702 2138 quasi
732 2066 1052 2120 debellatum
1088 2064 1234 2131 foret,
1261 2085 1478 2136 peryere
1513 2066 1831 2128 Cremonam,

230 2153 281 2198 et
308 2148 473 2198 victos
499 2149 556 2196 in
583 2147 889 2196 deditionem
921 2145 1174 2208 accipere,
1216 2150 1308 2196 aut
1337 2159 1639 2209 eoepuqnare
1674 2139 1838 2209 depo-

231 2226 408 2274 scunt.
488 2217 627 2271 Haec
646 2219 702 2272 in
725 2217 919 2282 medio,
953 2215 1176 2288 pulchra
1198 2215 1363 2272 dictu.
1446 2215 1536 2270 Illa
1557 2215 1659 2269 sibi
1683 2233 1716 2286 q
1727 2216 1837 2268 uis-

230 2309 357 2366 que,
372 2309 523 2361 poseo
543 2296 797 2346 coloniam
814 2296 973 2360 plano
991 2296 1340 2360 sitam-inpetu
1361 2296 1493 2360 capi.
1576 2292 1717 2344 Idem
1737 2307 1838 2343 cuc-

166 2413 177 2422 .
229 2373 415 2425 daciae„
432 2385 527 2436 per
547 2371 783 2422 tenebras
802 2369 1227 2434 inrumperit-ibae,
1256 2376 1303 2420 et
1324 2372 1570 2420 maiore-m
1597 2369 1839 2434 rapiendi

230 2447 508 2498 licentiam.
592 2443 787 2508 Quodsi
818 2446 981 2496 lucem
998 2448 1356 2510 opperiantur,
1385 2447 1490 2496 iam
1506 2459 1714 2516 pacem,
1733 2445 1838 2494 iam
1925 2433 1944 2456 ⁸

224 2535 409 2587 preces
428 2527 475 2571 et
489 2535 589 2586 pro
609 2521 785 2572 labore
802 2537 869 2572 ae
886 2521 1188 2588 vulneribus
1207 2519 1525 2571 clementiam
1536 2527 1580 2571 et
1593 2519 1834 2586 ylariani,

229 2597 433 2656 inania,
458 2596 685 2648 ulturos:
727 2598 816 2648 sed
836 2611 955 2663 opes
979 2592 1394 2650 Cremonensium
1419 2597 1474 2646 in
1493 2597 1612 2646 sinu
1630 2595 1836 2662 praefe-

232 2677 433 2723 ctorum
451 2671 834 2739 leyatorumque
851 2676 977 2741 sore.
1053 2670 1404 2738 Expuynatae
1421 2670 1569 2722 urbis
1583 2672 1836 2736 praedam

230 2745 305 2796 ad
337 2745 569 2807 militem,
609 2747 813 2800 deditae
836 2749 909 2800 ad
935 2749 1115 2812 duces,
1141 2749 1422 2814 percutere.
1500 2741 1836 2816 Spernuntur
