2081 3038
261 243 362 300 212
739 249 1391 299 111s‘ron1AR1m
1590 240 1858 317 (nasu.

261 352 418 428 getis,
461 350 706 408 mandata
743 352 887 426 apud
931 352 1217 410 concilium
1257 351 1734 426 Agrippinensium
1779 353 1861 408 edi

261 429 476 485 iubent:
517 445 658 502 quae
695 428 1057 485 ferocissimus
1095 446 1124 484 e
1164 430 1349 503 tegatis
1374 428 1433 482 in
1468 427 1615 482 hunc
1644 427 1861 484 modum

261 503 508 577 protulit:
569 506 776 560 Redisse
803 523 892 562 vos
921 509 978 560 in
1008 521 1197 574 corpus
1224 521 1503 573 nomenque
1534 503 1861 567 Germaniae,

264 583 612 637 communibus
653 585 764 636 deis
801 590 849 635 et
881 584 1168 650 praecipuo
1204 583 1432 642 deorum,
1464 579 1647 642 Marti,
1687 587 1865 648 qrates

262 661 496 726 aqimus:
533 659 775 727 vobisque
791 659 1139 725 qratulamur,
1171 660 1307 725 quod
1333 655 1536 708 taudem
1560 655 1711 708 liberi
1730 659 1865 708 inter

263 735 450 787 liberos
479 737 644 787 eritis.
724 732 862 788 Nam
886 735 958 786 ad
983 734 1119 786 hunc
1145 734 1278 786 diem
1306 735 1523 798 flumina
1543 748 1608 786 ac
1630 740 1799 786 terras
1818 741 1865 785 et

265 811 463 862 caelum
490 811 860 877 quodammodo
886 812 1056 876 ipsum
1087 809 1384 862 clauserant
1407 807 1640 870 Romani,
1662 815 1721 860 ut
1741 823 1865 861 con-

265 887 442 952 loquia
471 901 869 953 conyressusque
895 891 1101 938 nostros
1127 883 1379 949 arcerent,
1406 885 1500 946 vel,
1527 885 1663 952 quod
1683 891 1863 936 coutu—

262 962 524 1013 meliosius
543 967 616 1013 est
635 963 766 1013 viris
793 962 864 1013 ad
881 975 1034 1012 arma
1054 963 1209 1021 natis,
1237 961 1457 1012 inermes
1475 971 1541 1012 ac
1554 973 1717 1025 prope
1736 961 1866 1012 nudi

261 1037 356 1088 sub
386 1038 590 1090 custode
620 1043 668 1088 et
687 1037 858 1101 pretio
882 1038 1148 1087 coiremus.
1226 1033 1345 1096 Sed,
1370 1041 1425 1086 ut
1446 1036 1681 1086 amicitia
1698 1037 1863 1086 socie-

265 1120 443 1178 tasque
471 1117 652 1162 nostra
682 1113 738 1162 in
765 1117 1030 1162 aeternum
1059 1116 1177 1162 rata
1200 1111 1285 1170 sit,
1304 1111 1629 1175 postulamus
1648 1125 1683 1162 a
1700 1111 1860 1171 vobis,

259 1201 436 1238 muros
457 1185 700 1245 coloniae,
725 1187 1038 1237 munimenta
1061 1187 1276 1245 servitii,
1309 1186 1611 1237 detrahatis.
1688 1183 1864 1237 Etiam

260 1264 375 1328 fera
404 1260 676 1321 animalia,
717 1261 766 1312 si
793 1261 976 1312 clausa
1007 1266 1194 1321 teneas,
1234 1261 1445 1312 virtutis
1468 1259 1861 1313 obliviscuntur.

261 1336 516 1388 Romanos
534 1349 705 1388 omnes
724 1337 781 1388 in
799 1337 986 1404 finibus
1005 1338 1191 1388 vestris
1212 1337 1495 1388 trucidetis.
1554 1333 1711 1387 Haud
1725 1339 1864 1403 saci-

263 1411 307 1462 le
337 1413 548 1464 libertas
577 1418 622 1462 et
641 1413 837 1464 domini
861 1414 1156 1464 miscentur.
1236 1410 1381 1462 Bona
1404 1412 1789 1478 interfectorum
1807 1410 1864 1462 in

259 1488 481 1539 medium
501 1489 699 1548 cedant,
717 1503 781 1540 ne
799 1489 916 1556 quis
936 1488 1168 1540 occulere
1182 1487 1465 1555 quidquam
1481 1492 1575 1539 aut
1592 1500 1865 1554 seqreqare

263 1578 500 1615 caussam
529 1576 678 1615 suam
691 1564 875 1629 possit.
953 1562 1131 1617 Liceat
1159 1563 1304 1615 nobis
1330 1563 1569 1628 vobisque
1588 1568 1865 1628 utramque

261 1640 430 1702 ripam
453 1638 632 1699 colere,
656 1646 712 1690 ut
733 1640 856 1691 olim
875 1640 1161 1692 maioribus
1179 1640 1385 1690 nostris.
1420 1635 1679 1701 Quomodo
1700 1636 1865 1688 lucem

261 1714 492 1780 diemque
523 1714 755 1765 omnibus
782 1714 1100 1780 hominibus;
1138 1716 1215 1765 ita
1245 1719 1615 1765 omues-terras
1640 1713 1865 1780 sortibus

259 1788 391 1839 viris
419 1793 615 1841 natura
640 1791 863 1855 aperuit.
941 1787 1190 1841 Instituta
1216 1788 1507 1854 cultumque
1522 1790 1758 1853 patrium
1776 1800 1863 1838 re-

259 1864 458 1925 sumite,
506 1863 744 1930 abruptis
770 1864 1137 1929 voluptatibus,
1178 1864 1363 1930 quibus
1387 1861 1607 1915 Romani
1620 1863 1745 1927 plus
1762 1864 1863 1913 ad-

259 1953 438 1991 versus
457 1940 724 2001 subiectos,
751 1952 904 2005 quam
921 1940 1104 1999 armis,
1130 1939 1321 1991 valent.
1392 1935 1640 1990 Sincerus
1660 1944 1709 1989 et
1728 1939 1863 1989 iute-

259 2028 350 2081 9er
370 2021 418 2065 et
433 2016 699 2065 servitutis
718 2014 906 2066 oblitus
919 2014 1161 2080 populus,
1184 2020 1278 2065 aut
1298 2028 1365 2066 ecc
1384 2027 1549 2080 aequo
1566 2014 1745 2078 aqetis,
1768 2018 1861 2063 aut

259 2090 385 2142 aliis
403 2088 782 2155 imperitabitis.

371 2164 456 2217 65.
515 2158 934 2235 Agrippinenses
951 2203 964 2227 ‚
1017 2168 1233 2232 sumpto
1282 2158 1615 2215 consultandi
1668 2159 1857 2230 spatio,

260 2236 473 2310 quando
503 2253 678 2307 neque
708 2238 890 2292 subire
918 2235 1243 2293 conditiones
1275 2241 1449 2289 metus
1475 2233 1661 2299 futuri,
1687 2250 1863 2305 neque

258 2312 436 2384 palam
473 2312 744 2383 aspernari
785 2312 1013 2368 conditio
1050 2328 1300 2383 praesens
1344 2310 1569 2375 sinebat,
1617 2310 1674 2363 in
1714 2308 1787 2363 hu
1798 2326 1864 2363 nc

258 2386 479 2443 modum
502 2386 846 2459 respondent:
885 2388 1030 2461 Quae
1045 2392 1220 2455 prima
1241 2388 1497 2440 libertatis
1514 2387 1743 2455 facultas
1762 2388 1881 2438 da:

261 2472 314 2516 ta
335 2472 422 2526 est,
442 2466 651 2517 avidius
671 2478 826 2533 quam
847 2468 1053 2517 cautius
1071 2466 1467 2530 sumpsimus,ut
1486 2463 1629 2515 vobis
1650 2463 1863 2513 ceteris-

259 2556 356 2605 que
381 2538 670 2603 Germanis,
697 2542 1089 2609 consanquiueis
1110 2534 1319 2600 nostris,
1340 2540 1683 2605 iunqeremur.
1737 2534 1862 2587 Mu-

265 2628 348 2665 ros
378 2618 622 2677 civitatis,
665 2615 1093 2684 couqreqantibus
1124 2622 1179 2666 se
1211 2622 1326 2667 cum
1354 2614 1585 2664 maxime
1604 2610 1865 2662 Romano-

313 2702 376 2739 tm
395 2692 725 2755 exercitibus,
755 2707 946 2759 auqere
965 2691 1129 2751 nobis,
1158 2702 1313 2755 quam
1333 2686 1559 2747 diruere,
1583 2686 1743 2737 tutius
1763 2692 1860 2737 est.

313 2762 320 2807 ἵ
339 2766 430 2829 qui
447 2777 516 2816 σω
534 2764 696 2818 Italia
721 2773 813 2820 aut
825 2766 1117 2833 provinciis
1142 2764 1463 2831 alieniqenae
1482 2762 1539 2814 in
1557 2760 1745 2817 tinibus
1762 2774 1863 2813 no—
