2081 3038
798 231 1078 304 nuum
1129 231 1200 285 11.
1543 273 1569 303 ·.
1732 224 1799 281 57

196 333 367 375 valent.
412 331 529 374 Otho
548 339 648 372 oum
664 329 808 371 valida
831 340 962 371 mauu
985 330 1224 371 Brixellum
1242 333 1453 374 concedit.
1493 333 1559 374 34.
1584 333 1804 374 Vitelliani

196 403 428 442 transitum
445 399 550 440 Padi
569 399 792 445 simulant3
836 399 901 439 85.
920 399 985 438 36.
1012 406 1140 446 quem
1164 399 1437 447 prohibentes
1457 399 1689 441 Othoniani
1707 411 1802 440 cae·

197 469 371 509 duntur.
414 467 483 506 8⁷.
501 465 647 506 Vanus
661 475 828 512 rumor,
856 475 1015 514 pavore
1033 466 1136 504 belli
1153 467 1382 506 fastidiove
1399 469 1620 516 utriusque
1644 470 1800 517 princi-

196 537 285 586 pis,
311 535 430 584 pacis
456 533 635 574 consilia
660 534 773 572 inter
797 533 1014 572 exercitus
1040 532 1176 572 ruisse
1201 535 1378 581 agitata.
1421 535 1486 573 38.
1511 534 1730 575 Excursus
1748 536 1802 575 de

197 601 415 652 prioribus
444 601 493 642 P.
519 600 569 640 R.
602 599 798 640 civilibus
828 599 969 640 bellis.
1020 600 1086 640 89.
1111 601 1176 641 40.
1209 601 1404 640 Titianus
1439 602 1484 640 et
1513 601 1719 641 Proculus
1748 603 1804 642 ad

198 672 398 720 quartum
433 677 460 708 a
484 667 693 707 Bedriaco
725 669 867 706 castra
894 667 1077 714 inperite
1105 669 1397 716 promovens·
1427 665 1621 706 Ducibus
1647 667 1801 716 dubiis,

197 747 289 778 rem
315 737 362 776 in
387 735 616 774 discrimen
641 735 756 774 mitti
782 733 897 774 Otho
923 733 1056 773 iubet.
1106 735 1299 774 41—43.
1324 733 1620 774 Bedriacensis
1646 743 1804 782 pugna.

196 805 265 844 44.
285 801 626 843 Othonianorum
651 802 754 850 fuga
778 803 823 841 et
846 801 1054 840 adversus
1077 801 1210 840 duces
1233 810 1337 841 suos
1365 801 1442 841 ira.
1495 801 1560 840 45.
1586 800 1803 841 induciae.

199 870 316 911 Victi
341 879 439 909 cum
455 869 715 916 victoribus,
742 869 788 908 in
811 868 1023 918 lacrymas
1050 867 1196 914 effusi.
1223 867 1366 907 civilia
1389 867 1501 920 bella
1526 868 1802 909 detestantur.

198 938 382 979 46—49.
399 936 591 986 Accepto
606 937 739 976 cladis
756 937 927 984 nuntio,
948 935 1085 982 Otho,
1113 935 1279 974 consilii
1299 937 1455 981 certus.
1476 936 1630 984 spretis
1648 937 1806 976 amico-

200 1015 298 1046 rum
316 1005 585 1054 militumque
603 1005 781 1051 solatiis,
799 1003 1056 1042 seditionem
1075 1001 1310 1051 compescit
1325 1005 1371 1042 et
1387 1003 1432 1042 in
1449 1003 1608 1042 serrum
1631 1007 1806 1052 pectore

198 1071 422 1114 incumbit.
459 1073 607 1113 Funus
625 1074 901 1112 maturatum.
932 1069 1002 1110 Ad
1018 1079 1171 1119 rogum
1189 1070 1364 1119 quidam
1381 1070 1566 1110 militum
1583 1081 1631 1111 se
1643 1070 1804 1111 interfl-

199 1143 335 1181 ciunt.
370 1141 436 1181 50.
454 1138 641 1180 Othonis
659 1123 791 1187 aetas.
814 1140 947 1187 origo,
967 1138 1096 1177 rama.

298 1209 365 1248 51.
382 1207 549 1248 Novata
565 1209 683 1248 luctu
702 1217 751 1248 ac
769 1207 916 1246 dolore
935 1205 1120 1246 militum
1139 1205 1306 1245 seditio.
1350 1206 1531 1245 52-54.
1559 1207 1662 1246 Pars
1682 1217 1805 1247 seua-

197 1279 292 1323 tus,
320 1274 535 1316 Othonem
554 1279 721 1323 secuta,
749 1277 993 1314 extremum
1010 1272 1241 1312 discrimen
1258 1273 1362 1312 adit.
1405 1272 1470 1312 55.
1496 1272 1656 1312 Romae
1672 1275 1804 1322 trepi-

198 1343 383 1382 dationis
402 1343 522 1389 nlhil‚
550 1344 798 1391 spectantur
813 1339 928 1385 ludis
957 1340 1106 1378 audita
1123 1337 1308 1378 Othonis
1321 1341 1473 1385 morte,
1491 1337 1666 1377 Vitellio
1684 1339 1805 1387 plau-

201 1411 330 1451 ditur.
372 1411 437 1450 56.
465 1409 618 1449 Gravis
635 1409 784 1449 ltaliae
800 1409 940 1448 victor
957 1406 1186 1446 exercitus.
1229 1406 1292 1444 57.
1319 1404 1516 1444 Vitellius
1533 1407 1731 1445 nuntium
1750 1406 1804 1446 de

196 1477 379 1518 victoria
408 1486 486 1517 sua
516 1475 692 1525 accipit,
745 1475 807 1513 58.
837 1473 1048 1523 simulque
1079 1473 1132 1512 de
1163 1475 1430 1521 transgressa
1457 1473 1502 1510 in
1531 1475 1674 1521 partes
1705 1481 1804 1511 suas

196 1549 379 1595 utraque
408 1544 687 1585 Mauretania.
752 1543 817 1582 50.
841 1541 989 1582 Blaesi
1022 1540 1209 1580 verniles
1237 1540 1468 1579 blanditias
1499 1539 1610 1579 odiis
1639 1542 1806 1588 pensat.

197 1614 263 1653 60.
294 1611 635 1652 Othonianorum
658 1610 1002 1661 promptissimos
1028 1608 1300 1647 centuriones
1323 1606 1544 1654 interficIt,
1575 1606 1706 1645 duces
1731 1606 1806 1645 ab·

199 1679 346 1721 solvit.
391 1678 455 1717 sl.
472 1676 660 1723 Mai-ioci,
682 1677 866 1715 inserere
886 1685 981 1715 sese
998 1676 1194 1715 fortunae
1211 1675 1320 1721 ausi,
1340 1674 1611 1723 supplicium.
1647 1674 1712 1713 62.
1730 1673 1808 1713 Via

202 1745 313 1787 teiln
332 1743 446 1792 gula,
465 1744 600 1792 leges.
644 1741 839 1791 spretum
858 1740 1044 1790 Augusti
1064 1741 1340 1791 Caesarisque
1357 1742 1643 1791 praeconium.
1685 1742 1805 1781 Pulsi

202 1810 510 1854 mathematici.
552 1809 731 1859 Equites
755 1818 885 1849 uena
908 1810 1129 1858 prohibiti,
1165 1810 1244 1849 -63.
1265 1810 1329 1850 s4.
1355 1809 1604 1849 Dolabellae
1635 1808 1801 1849 caedes.

200 1878 392 1921 Triariae
417 1877 613 1924 licentia3
650 1876 844 1916 Galen-iae
868 1880 914 1916 et
939 1877 1145 1918 Sextilius
1170 1878 1394 1917 modestia.
1447 1877 1511 1917 05.
1533 1874 1710 1915 Cluvius
1727 1877 1804 1916 ab·

202 1946 405 1991 solviturz
424 1944 661 1985 'l'rebeilius
678 1947 935 1983 removetur.
967 1944 1031 1984 66.
1048 1944 1200 1985 victae
1212 1945 1404 1993 legiones
1417 1942 1642 1983 ferociunt.
1670 1942 1806 1992 Quar-

200 2013 565 2057 tadecimanorum
596 2014 641 2051 et
668 2012 928 2050 Batavorum
960 2012 1187 2051 discordia.
1240 2013 1303 2051 67.
1331 2012 1704 2051 Praetorianorum
1725 2012 1804 2049 ho-

200 2084 324 2123 nesta
349 2081 511 2121 missio.
555 2079 823 2129 sparguntur
839 2078 1046 2127 legiones.
1095 2080 1159 2119 68.
1185 2079 1420 2119 Luxuriam
1438 2078 1640 2129 principis
1659 2088 1804 2117 aemu-

200 2151 316 2190 latur
332 2148 561 2188 exereitus.
603 2146 739 2186 'ricini
757 2146 965 2185 tumultus
983 2145 1066 2184 alio
1085 2146 1270 2185 tumultu
1289 2146 1476 2186 sedatus.
1512 2145 1705 2195 Verginii
1732 2155 1804 2194 pe-

200 2217 400 2259 rieulum.
445 2216 508 2255 69.
530 2212 740 2254 Cohortes
756 2214 1015 2253 Batavorum
1034 2214 1079 2252 in
1099 2212 1368 2253 Germaniam
1386 2214 1604 2254 remissae.
1640 2211 1804 2261 Ampu-

199 2285 278 2326 tati
296 2284 512 2332 legionum
531 2280 875 2332 auxiliorumque
891 2280 1074 2319 numeri.
1107 2278 1232 2319 Miles
1250 2281 1354 2320 luxu
1370 2283 1618 2329 com-uptus.
1651 2279 1714 2318 70.
1730 2278 1804 2317 Vi·
1891 2284 1900 2290 ·

199 2352 343 2393 telllus
363 2350 669 2391 Bedriacenses
688 2356 862 2396 campos
880 2347 1017 2386 laetus
1036 2346 1213 2394 lustrat,
1241 2348 1505 2396 propinquae
1529 2345 1657 2385 sortis
1683 2346 1802 2393 igna-

198 2430 287 2461 rus.
324 2420 387 2459 71.
405 2418 586 2457 Neronis
604 2416 803 2455 libidines
822 2414 1074 2454 aemulatur.
1112 2412 1367 2454 Consulatus
1384 2414 1580 2463 partitur.
1625 2414 1689 2452 72.
1710 2412 1802 2450 Fal-

200 2492 273 2523 sus
292 2480 593 2521 Scribonianus
612 2480 730 2519 cruci
747 2478 944 2518 suffixus.

299 2545 365 2585 78.
382 2544 604 2591 Vitellius,
632 2544 687 2583 ob
713 2543 912 2583 adactum
938 2543 983 2584 in
1009 2541 1142 2582 verba
1167 2544 1259 2582 eius
1279 2540 1498 2581 Orientem
1526 2539 1734 2588 superbus
1761 2540 1806 2578 et

198 2618 371 2657 vecors.
398 2608 650 2657 Vespasiani
674 2607 729 2647 ad
754 2616 910 2647 nomen
936 2608 1163 2645 excitatur.
1217 2606 1280 2644 ⁷4.
1304 2605 1386 2645 Hie
1417 2605 1574 2645 bellum
1602 2613 1804 2653 armaque

198 2674 333 2723 parat.
386 2672 577 2713 75-78.
603 2672 835 2713 Nutantem
852 2672 1022 2711 firmant
1038 2670 1281 2717 Mucianus,
1308 2669 1435 2717 legati
1455 2668 1546 2716 alii,
1569 2672 1714 2708 vatum
1733 2677 1800 2706 re·

200 2748 357 2789 spem
374 2740 419 2780 et
436 2737 620 2779 Carmeli
640 2740 709 2780 dei
734 2739 949 2780 sacerdos.
1001 2740 1066 2779 79.
1085 2739 1148 2779 80.
1177 2738 1480 2787 Imperatorem
1507 2737 1692 2777 salutant
1717 2730 1801 2773 Ae-

198 2807 361 2859 gyptus
386 2808 432 2847 et
448 2805 585 2857 syris.
637 2808 701 2849 81.
719 2806 945 2849 Accedunt
960 2807 1015 2849 ad
1038 2810 1182 2859 partes
1201 2810 1293 2847 eius
1310 2815 1432 2857 reges
1452 2805 1682 2854 sonemus,
1707 2803 1800 2843 An-

1747 2942 1773 3010 vj
