<?xml version="1.0" encoding="UTF-8"?>
<!DOCTYPE html PUBLIC "-//W3C//DTD XHTML 1.0 Transitional//EN"
    "http://www.w3.org/TR/xhtml1/DTD/xhtml1-transitional.dtd">
<html xmlns="http://www.w3.org/1999/xhtml" xml:lang="en" lang="en">
 <head>
  <title>
</title>
<meta http-equiv="Content-Type" content="text/html;charset=utf-8" />
  <meta name='ocr-system' content='tesseract 3.04.00' />
  <meta name='ocr-capabilities' content='ocr_page ocr_carea ocr_par ocr_line ocrx_word'/>
</head>
<body>
  <div class='ocr_page' id='page_1' title='image "./operaquoadextan03tacigoog_0358.png"; bbox 0 0 2081 3038; ppageno 0'>
   <div class='ocr_carea' id='block_1_1' title="bbox 323 207 1937 283">
    <p class='ocr_par' dir='ltr' id='par_1_1' title="bbox 323 207 1937 283">
     <span class='ocr_line' id='line_1_1' title="bbox 323 207 1937 283; baseline -0.001 -15"><span class='ocrx_word' id='word_1_1' title='bbox 323 215 424 269; x_wconf 84' lang='lat'>360</span> <span class='ocrx_word' id='word_1_2' title='bbox 888 209 1368 266; x_wconf 75' lang='lat' dir='ltr'>ANNALIUM‘</span> <span class='ocrx_word' id='word_1_3' title='bbox 1677 207 1744 283; x_wconf 70' lang='lat' dir='ltr'>(A.</span> <span class='ocrx_word' id='word_1_4' title='bbox 1765 228 1815 266; x_wconf 87' lang='lat' dir='ltr'>u.</span> <span class='ocrx_word' id='word_1_5' title='bbox 1839 217 1937 266; x_wconf 80' lang='lat'><strong>816.</strong></span> 
     </span>
    </p>
   </div>
   <div class='ocr_carea' id='block_1_2' title="bbox 324 317 1938 631">
    <p class='ocr_par' dir='ltr' id='par_1_2' title="bbox 324 317 1938 427">
     <span class='ocr_line' id='line_1_2' title="bbox 324 317 1938 371; baseline -0.001 -11"><span class='ocrx_word' id='word_1_6' title='bbox 324 321 577 371; x_wconf 76' lang='lat' dir='ltr'>periculum.</span> <span class='ocrx_word' id='word_1_7' title='bbox 624 319 688 358; x_wconf 79' lang='lat'>⁶14.</span> <span class='ocrx_word' id='word_1_8' title='bbox 718 317 800 359; x_wconf 79' lang='lat' dir='ltr'>SC.</span> <span class='ocrx_word' id='word_1_9' title='bbox 820 318 875 358; x_wconf 87' lang='lat' dir='ltr'>ob</span> <span class='ocrx_word' id='word_1_10' title='bbox 894 324 1109 358; x_wconf 82' lang='lat' dir='ltr'>servatum</span> <span class='ocrx_word' id='word_1_11' title='bbox 1127 320 1353 358; x_wconf 83' lang='lat' dir='ltr'>Neronem.</span> <span class='ocrx_word' id='word_1_12' title='bbox 1397 318 1534 366; x_wconf 69' lang='lat' dir='ltr'>Pugio</span> <span class='ocrx_word' id='word_1_13' title='bbox 1553 317 1748 357; x_wconf 76' lang='lat' dir='ltr'>Scaevini</span> <span class='ocrx_word' id='word_1_14' title='bbox 1769 319 1938 358; x_wconf 75' lang='lat' dir='ltr'>dicatus</span> 
     </span>
     <span class='ocr_line' id='line_1_3' title="bbox 324 388 622 427; baseline -0.003 0"><span class='ocrx_word' id='word_1_15' title='bbox 324 389 418 427; x_wconf 78' lang='lat' dir='ltr'>Iovi</span> <span class='ocrx_word' id='word_1_16' title='bbox 436 388 622 427; x_wconf 79' lang='lat' dir='ltr'>Vindici.</span> 
     </span>
    </p>

    <p class='ocr_par' dir='ltr' id='par_1_3' title="bbox 328 454 1933 631">
     <span class='ocr_line' id='line_1_4' title="bbox 423 454 1933 504; baseline -0.001 -10"><span class='ocrx_word' id='word_1_17' title='bbox 423 455 557 494; x_wconf 58' lang='lat' dir='ltr'>&gt;Gesta</span> <span class='ocrx_word' id='word_1_18' title='bbox 590 457 697 494; x_wconf 76' lang='lat' dir='ltr'>haec</span> <span class='ocrx_word' id='word_1_19' title='bbox 732 457 853 495; x_wconf 77' lang='lat' dir='ltr'>annis</span> <span class='ocrx_word' id='word_1_20' title='bbox 888 455 1034 504; x_wconf 78' lang='lat' dir='ltr'>pauno</span> <span class='ocrx_word' id='word_1_21' title='bbox 1071 455 1254 504; x_wconf 71' lang='lat' dir='ltr'>amplius</span> <span class='ocrx_word' id='word_1_22' title='bbox 1281 455 1435 502; x_wconf 79' lang='lat' dir='ltr'>tribus,</span> <span class='ocrx_word' id='word_1_23' title='bbox 1467 455 1513 495; x_wconf 77' lang='grc'>0.</span> <span class='ocrx_word' id='word_1_24' title='bbox 1539 454 1733 494; x_wconf 70' lang='lat' dir='ltr'>Memmio</span> <span class='ocrx_word' id='word_1_25' title='bbox 1758 455 1933 503; x_wconf 70' lang='lat' dir='ltr'>Requzo,</span> 
     </span>
     <span class='ocr_line' id='line_1_5' title="bbox 333 522 1930 573; baseline -0.001 -10"><span class='ocrx_word' id='word_1_26' title='bbox 333 525 525 572; x_wconf 62' lang='lat' dir='ltr'>Veromo</span> <span class='ocrx_word' id='word_1_27' title='bbox 544 525 669 573; x_wconf 80' lang='lat' dir='ltr'>Ruso.</span> <span class='ocrx_word' id='word_1_28' title='bbox 706 523 750 563; x_wconf 79' lang='grc'>0.</span> <span class='ocrx_word' id='word_1_29' title='bbox 770 525 946 564; x_wconf 72' lang='lat' dir='ltr'>Lemnio</span> <span class='ocrx_word' id='word_1_30' title='bbox 963 525 1111 570; x_wconf 74' lang='lat' dir='ltr'>Basso,</span> <span class='ocrx_word' id='word_1_31' title='bbox 1133 524 1194 563; x_wconf 74' lang='grc' dir='ltr'>Π.</span> <span class='ocrx_word' id='word_1_32' title='bbox 1209 523 1368 563; x_wconf 76' lang='lat' dir='ltr'>Licinio</span> <span class='ocrx_word' id='word_1_33' title='bbox 1383 523 1551 562; x_wconf 72' lang='lat' dir='ltr'>Crasso.</span> <span class='ocrx_word' id='word_1_34' title='bbox 1584 523 1634 562; x_wconf 87' lang='lat' dir='ltr'>P.</span> <span class='ocrx_word' id='word_1_35' title='bbox 1651 522 1760 562; x_wconf 74' lang='lat' dir='ltr'>Silio</span> <span class='ocrx_word' id='word_1_36' title='bbox 1777 523 1930 568; x_wconf 70' lang='lat' dir='ltr'>Nerva,</span> 
     </span>
     <span class='ocr_line' id='line_1_6' title="bbox 328 581 1916 631; baseline -0.001 -1"><span class='ocrx_word' id='word_1_37' title='bbox 328 592 372 631; x_wconf 78' lang='lat'>0.</span> <span class='ocrx_word' id='word_1_38' title='bbox 393 592 504 631; x_wconf 77' lang='lat' dir='ltr'>Iulio</span> <span class='ocrx_word' id='word_1_39' title='bbox 520 592 654 631; x_wconf 73' lang='lat' dir='ltr'>Attico</span> <span class='ocrx_word' id='word_1_40' title='bbox 682 591 845 631; x_wconf 72' lang='lat' dir='ltr'>Vestino</span> <span class='ocrx_word' id='word_1_41' title='bbox 862 602 967 631; x_wconf 75' lang='lat' dir='ltr'>coss.</span> <span class='ocrx_word' id='word_1_42' title='bbox 1907 581 1916 590; x_wconf 83' lang='grc'><em>“</em></span> 
     </span>
    </p>
   </div>
   <div class='ocr_carea' id='block_1_3' title="bbox 320 661 1936 1496">
    <p class='ocr_par' dir='ltr' id='par_1_4' title="bbox 320 661 1936 1496">
     <span class='ocr_line' id='line_1_7' title="bbox 442 661 1936 744; baseline -0.001 -21"><span class='ocrx_word' id='word_1_43' title='bbox 442 673 489 723; x_wconf 74' lang='grc'>4.</span> <span class='ocrx_word' id='word_1_44' title='bbox 511 661 728 725; x_wconf 82' lang='lat' dir='ltr'><strong>Interea</strong></span> <span class='ocrx_word' id='word_1_45' title='bbox 748 687 847 725; x_wconf 82' lang='lat' dir='ltr'>rex</span> <span class='ocrx_word' id='word_1_46' title='bbox 864 669 1188 724; x_wconf 78' lang='lat' dir='ltr'><strong>Parthorum</strong></span> <span class='ocrx_word' id='word_1_47' title='bbox 1200 669 1517 744; x_wconf 80' lang='lat' dir='ltr'>VologeseS,</span> <span class='ocrx_word' id='word_1_48' title='bbox 1541 669 1782 742; x_wconf 78' lang='lat' dir='ltr'>cognitis</span> <span class='ocrx_word' id='word_1_49' title='bbox 1803 668 1936 724; x_wconf 88' lang='lat' dir='ltr'>Cor-</span> 
     </span>
     <span class='ocr_line' id='line_1_8' title="bbox 324 743 1936 818; baseline -0.001 -19"><span class='ocrx_word' id='word_1_50' title='bbox 324 745 546 800; x_wconf 85' lang='lat' dir='ltr'>bulonis</span> <span class='ocrx_word' id='word_1_51' title='bbox 574 747 741 801; x_wconf 87' lang='lat' dir='ltr'>rebus</span> <span class='ocrx_word' id='word_1_52' title='bbox 759 787 771 810; x_wconf 87' lang='lat'>,</span> <span class='ocrx_word' id='word_1_53' title='bbox 808 763 1109 818; x_wconf 81' lang='lat' dir='ltr'>regemque</span> <span class='ocrx_word' id='word_1_54' title='bbox 1137 747 1506 818; x_wconf 81' lang='lat' dir='ltr'>alienigenam</span> <span class='ocrx_word' id='word_1_55' title='bbox 1529 745 1804 818; x_wconf 83' lang='lat' dir='ltr'>Tigranen</span> <span class='ocrx_word' id='word_1_56' title='bbox 1832 743 1936 799; x_wconf 78' lang='lat' dir='ltr'>Ar-</span> 
     </span>
     <span class='ocr_line' id='line_1_9' title="bbox 324 820 1934 894; baseline -0.001 -19"><span class='ocrx_word' id='word_1_57' title='bbox 324 823 540 876; x_wconf 89' lang='lat' dir='ltr'>meniae</span> <span class='ocrx_word' id='word_1_58' title='bbox 559 823 890 894; x_wconf 88' lang='lat' dir='ltr'>inpositum:</span> <span class='ocrx_word' id='word_1_59' title='bbox 916 823 1105 886; x_wconf 89' lang='lat' dir='ltr'>simul,</span> <span class='ocrx_word' id='word_1_60' title='bbox 1131 820 1293 876; x_wconf 81' lang='lat' dir='ltr'>fratre</span> <span class='ocrx_word' id='word_1_61' title='bbox 1316 821 1558 876; x_wconf 83' lang='lat' dir='ltr'>Tiridate</span> <span class='ocrx_word' id='word_1_62' title='bbox 1579 820 1762 892; x_wconf 86' lang='lat' dir='ltr'>pulso,</span> <span class='ocrx_word' id='word_1_63' title='bbox 1777 837 1934 891; x_wconf 85' lang='lat' dir='ltr'>spre-</span> 
     </span>
     <span class='ocr_line' id='line_1_10' title="bbox 322 895 1932 970; baseline -0.002 -19"><span class='ocrx_word' id='word_1_64' title='bbox 322 907 439 952; x_wconf 89' lang='lat' dir='ltr'>tum</span> <span class='ocrx_word' id='word_1_65' title='bbox 450 897 836 953; x_wconf 83' lang='lat' dir='ltr'>Arsacidarum</span> <span class='ocrx_word' id='word_1_66' title='bbox 861 895 1146 970; x_wconf 81' lang='lat' dir='ltr'>fastigium</span> <span class='ocrx_word' id='word_1_67' title='bbox 1167 899 1248 951; x_wconf 88' lang='lat' dir='ltr'>ire</span> <span class='ocrx_word' id='word_1_68' title='bbox 1268 897 1450 951; x_wconf 89' lang='lat' dir='ltr'>ultum</span> <span class='ocrx_word' id='word_1_69' title='bbox 1469 897 1688 964; x_wconf 78' lang='lat' dir='ltr'>volens;</span> <span class='ocrx_word' id='word_1_70' title='bbox 1715 897 1932 968; x_wconf 77' lang='lat' dir='ltr'>magni-</span> 
     </span>
     <span class='ocr_line' id='line_1_11' title="bbox 324 971 1928 1038; baseline -0.001 -12"><span class='ocrx_word' id='word_1_71' title='bbox 324 974 518 1027; x_wconf 83' lang='lat' dir='ltr'>tudine</span> <span class='ocrx_word' id='word_1_72' title='bbox 541 990 761 1027; x_wconf 87' lang='lat' dir='ltr'>rursum</span> <span class='ocrx_word' id='word_1_73' title='bbox 781 974 1044 1038; x_wconf 86' lang='lat' dir='ltr'>Romana,</span> <span class='ocrx_word' id='word_1_74' title='bbox 1069 973 1317 1028; x_wconf 80' lang='lat' dir='ltr'>continui</span> <span class='ocrx_word' id='word_1_75' title='bbox 1339 971 1578 1028; x_wconf 81' lang='lat' dir='ltr'>foederis</span> <span class='ocrx_word' id='word_1_76' title='bbox 1601 972 1928 1034; x_wconf 86' lang='lat' dir='ltr'>reverentia,</span> 
     </span>
     <span class='ocr_line' id='line_1_12' title="bbox 324 1047 1932 1119; baseline -0.002 -17"><span class='ocrx_word' id='word_1_77' title='bbox 324 1049 574 1102; x_wconf 88' lang='lat' dir='ltr'>diversas</span> <span class='ocrx_word' id='word_1_78' title='bbox 606 1049 675 1102; x_wconf 91' lang='lat' dir='ltr'>ad</span> <span class='ocrx_word' id='word_1_79' title='bbox 706 1065 867 1102; x_wconf 88' lang='lat' dir='ltr'>curas</span> <span class='ocrx_word' id='word_1_80' title='bbox 897 1048 1244 1102; x_wconf 82' lang='lat' dir='ltr'>trahebatur:</span> <span class='ocrx_word' id='word_1_81' title='bbox 1281 1057 1564 1102; x_wconf 82' lang='lat' dir='ltr'>cunctator</span> <span class='ocrx_word' id='word_1_82' title='bbox 1593 1047 1851 1119; x_wconf 89' lang='lat' dir='ltr'>ingenio,</span> <span class='ocrx_word' id='word_1_83' title='bbox 1883 1057 1932 1099; x_wconf 90' lang='lat' dir='ltr'>et</span> 
     </span>
     <span class='ocr_line' id='line_1_13' title="bbox 323 1122 1933 1196; baseline -0.002 -18"><span class='ocrx_word' id='word_1_84' title='bbox 323 1123 631 1178; x_wconf 82' lang='lat' dir='ltr'>defectione</span> <span class='ocrx_word' id='word_1_85' title='bbox 649 1125 1044 1196; x_wconf 81' lang='lat' dir='ltr'>Hyrcanorum,</span> <span class='ocrx_word' id='word_1_86' title='bbox 1071 1125 1253 1196; x_wconf 87' lang='lat' dir='ltr'>gentis</span> <span class='ocrx_word' id='word_1_87' title='bbox 1273 1123 1512 1186; x_wconf 82' lang='lat' dir='ltr'>validae,</span> <span class='ocrx_word' id='word_1_88' title='bbox 1539 1122 1844 1193; x_wconf 86' lang='lat' dir='ltr'>multisque</span> <span class='ocrx_word' id='word_1_89' title='bbox 1865 1139 1933 1175; x_wconf 84' lang='lat' dir='ltr'>ex</span> 
     </span>
     <span class='ocr_line' id='line_1_14' title="bbox 326 1198 1934 1272; baseline -0.002 -19"><span class='ocrx_word' id='word_1_90' title='bbox 326 1218 390 1253; x_wconf 90' lang='lat' dir='ltr'>eo</span> <span class='ocrx_word' id='word_1_91' title='bbox 431 1199 595 1253; x_wconf 89' lang='lat' dir='ltr'>bellis</span> <span class='ocrx_word' id='word_1_92' title='bbox 634 1200 925 1272; x_wconf 84' lang='lat' dir='ltr'>inligatus.</span> <span class='ocrx_word' id='word_1_93' title='bbox 990 1198 1170 1270; x_wconf 80' lang='lat' dir='ltr'>Atque</span> <span class='ocrx_word' id='word_1_94' title='bbox 1205 1199 1367 1252; x_wconf 89' lang='lat' dir='ltr'>illum</span> <span class='ocrx_word' id='word_1_95' title='bbox 1397 1198 1722 1270; x_wconf 88' lang='lat' dir='ltr'>ambiguum</span> <span class='ocrx_word' id='word_1_96' title='bbox 1755 1213 1934 1254; x_wconf 85' lang='lat' dir='ltr'>novus</span> 
     </span>
     <span class='ocr_line' id='line_1_15' title="bbox 320 1272 1934 1345; baseline -0.002 -17"><span class='ocrx_word' id='word_1_97' title='bbox 320 1277 552 1345; x_wconf 86' lang='lat' dir='ltr'>insuper</span> <span class='ocrx_word' id='word_1_98' title='bbox 600 1276 829 1329; x_wconf 86' lang='lat' dir='ltr'>nuntius</span> <span class='ocrx_word' id='word_1_99' title='bbox 880 1275 1247 1330; x_wconf 84' lang='lat' dir='ltr'>contumeliae</span> <span class='ocrx_word' id='word_1_100' title='bbox 1305 1272 1652 1329; x_wconf 82' lang='lat' dir='ltr'>exstimulat:</span> <span class='ocrx_word' id='word_1_101' title='bbox 1721 1275 1934 1344; x_wconf 83' lang='lat' dir='ltr'>quippe</span> 
     </span>
     <span class='ocr_line' id='line_1_16' title="bbox 324 1349 1934 1424; baseline -0.001 -21"><span class='ocrx_word' id='word_1_102' title='bbox 324 1367 579 1422; x_wconf 86' lang='lat' dir='ltr'>egressus</span> <span class='ocrx_word' id='word_1_103' title='bbox 602 1350 861 1404; x_wconf 85' lang='lat' dir='ltr'>Armenia</span> <span class='ocrx_word' id='word_1_104' title='bbox 882 1351 1147 1424; x_wconf 86' lang='lat' dir='ltr'>Tigranes</span> <span class='ocrx_word' id='word_1_105' title='bbox 1166 1349 1500 1414; x_wconf 62' lang='lat' dir='ltr'>Adiabenos»,</span> <span class='ocrx_word' id='word_1_106' title='bbox 1535 1350 1934 1404; x_wconf 84' lang='lat' dir='ltr'>conterminam</span> 
     </span>
     <span class='ocr_line' id='line_1_17' title="bbox 324 1424 1930 1496; baseline -0.001 -16"><span class='ocrx_word' id='word_1_107' title='bbox 324 1427 629 1489; x_wconf 84' lang='lat' dir='ltr'>nationem,</span> <span class='ocrx_word' id='word_1_108' title='bbox 676 1425 843 1480; x_wconf 85' lang='lat' dir='ltr'>latius</span> <span class='ocrx_word' id='word_1_109' title='bbox 880 1443 943 1480; x_wconf 89' lang='lat' dir='ltr'>ac</span> <span class='ocrx_word' id='word_1_110' title='bbox 985 1426 1199 1480; x_wconf 89' lang='lat' dir='ltr'>diutius</span> <span class='ocrx_word' id='word_1_111' title='bbox 1216 1467 1228 1490; x_wconf 89' lang='lat'>‚</span> <span class='ocrx_word' id='word_1_112' title='bbox 1277 1442 1444 1496; x_wconf 88' lang='lat' dir='ltr'>quam</span> <span class='ocrx_word' id='word_1_113' title='bbox 1484 1440 1584 1496; x_wconf 89' lang='lat' dir='ltr'>per</span> <span class='ocrx_word' id='word_1_114' title='bbox 1622 1424 1930 1488; x_wconf 86' lang='lat' dir='ltr'>latrocinia,</span> 
     </span>
    </p>
   </div>
   <div class='ocr_carea' id='block_1_4' title="bbox 300 1499 1935 1574">
    <p class='ocr_par' dir='ltr' id='par_1_5' title="bbox 300 1499 1935 1574">
     <span class='ocr_line' id='line_1_18' title="bbox 300 1499 1935 1574; baseline 0.001 -21"><span class='ocrx_word' id='word_1_115' title='bbox 300 1510 660 1558; x_wconf 65' lang='lat' dir='ltr'>,vastaveran</span> <span class='ocrx_word' id='word_1_116' title='bbox 713 1502 882 1574; x_wconf 89' lang='lat' dir='ltr'>idque</span> <span class='ocrx_word' id='word_1_117' title='bbox 921 1503 1190 1574; x_wconf 80' lang='lat' dir='ltr'>primores</span> <span class='ocrx_word' id='word_1_118' title='bbox 1236 1502 1486 1573; x_wconf 87' lang='lat' dir='ltr'>gentium</span> <span class='ocrx_word' id='word_1_119' title='bbox 1525 1515 1686 1573; x_wconf 81' lang='lat' dir='ltr'>aegre</span> <span class='ocrx_word' id='word_1_120' title='bbox 1733 1499 1935 1556; x_wconf 83' lang='lat' dir='ltr'>tolera-</span> 
     </span>
    </p>
   </div>
   <div class='ocr_carea' id='block_1_5' title="bbox 320 1579 1935 2399">
    <p class='ocr_par' dir='ltr' id='par_1_6' title="bbox 320 1579 1935 2399">
     <span class='ocr_line' id='line_1_19' title="bbox 321 1579 1934 1647; baseline -0.002 -14"><span class='ocrx_word' id='word_1_121' title='bbox 321 1579 482 1633; x_wconf 88' lang='lat' dir='ltr'>bant:</span> <span class='ocrx_word' id='word_1_122' title='bbox 526 1596 583 1632; x_wconf 89' lang='lat' dir='ltr'>eo</span> <span class='ocrx_word' id='word_1_123' title='bbox 612 1583 1001 1647; x_wconf 76' lang='lat' dir='ltr'>contemptionis</span> <span class='ocrx_word' id='word_1_124' title='bbox 1026 1583 1348 1641; x_wconf 76' lang='lat' dir='ltr'>descensum,</span> <span class='ocrx_word' id='word_1_125' title='bbox 1385 1587 1446 1631; x_wconf 88' lang='lat' dir='ltr'>ut</span> <span class='ocrx_word' id='word_1_126' title='bbox 1479 1594 1544 1630; x_wconf 84' lang='lat' dir='ltr'>ne</span> <span class='ocrx_word' id='word_1_127' title='bbox 1567 1582 1698 1630; x_wconf 84' lang='lat' dir='ltr'>duce</span> <span class='ocrx_word' id='word_1_128' title='bbox 1727 1582 1934 1646; x_wconf 81' lang='lat' dir='ltr'>quidem</span> 
     </span>
     <span class='ocr_line' id='line_1_20' title="bbox 324 1656 1934 1720; baseline -0.001 -13"><span class='ocrx_word' id='word_1_129' title='bbox 324 1656 553 1707; x_wconf 85' lang='lat' dir='ltr'>Romano</span> <span class='ocrx_word' id='word_1_130' title='bbox 580 1658 996 1716; x_wconf 77' lang='lat' dir='ltr'>incursarentur,</span> <span class='ocrx_word' id='word_1_131' title='bbox 1037 1657 1127 1707; x_wconf 86' lang='lat' dir='ltr'>sed</span> <span class='ocrx_word' id='word_1_132' title='bbox 1161 1658 1445 1706; x_wconf 79' lang='lat' dir='ltr'>temeritate</span> <span class='ocrx_word' id='word_1_133' title='bbox 1479 1656 1697 1716; x_wconf 78' lang='lat' dir='ltr'>obsidis,</span> <span class='ocrx_word' id='word_1_134' title='bbox 1731 1660 1806 1706; x_wconf 77' lang='lat' dir='ltr'>tot</span> <span class='ocrx_word' id='word_1_135' title='bbox 1839 1670 1934 1720; x_wconf 86' lang='lat' dir='ltr'>per</span> 
     </span>
     <span class='ocr_line' id='line_1_21' title="bbox 324 1726 1934 1797; baseline -0.001 -15"><span class='ocrx_word' id='word_1_136' title='bbox 324 1746 490 1782; x_wconf 83' lang='lat' dir='ltr'>annos</span> <span class='ocrx_word' id='word_1_137' title='bbox 514 1735 651 1783; x_wconf 84' lang='lat' dir='ltr'>inter</span> <span class='ocrx_word' id='word_1_138' title='bbox 669 1734 934 1797; x_wconf 84' lang='lat' dir='ltr'>mancipia</span> <span class='ocrx_word' id='word_1_139' title='bbox 962 1732 1148 1783; x_wconf 79' lang='lat' dir='ltr'>habiti.</span> <span class='ocrx_word' id='word_1_140' title='bbox 1195 1726 1548 1782; x_wconf 82' lang='lat' dir='ltr'>Accendebat</span> <span class='ocrx_word' id='word_1_141' title='bbox 1567 1726 1812 1782; x_wconf 88' lang='lat' dir='ltr'>dolorem</span> <span class='ocrx_word' id='word_1_142' title='bbox 1842 1744 1934 1781; x_wconf 88' lang='lat' dir='ltr'>eo-</span> 
     </span>
     <span class='ocr_line' id='line_1_22' title="bbox 322 1801 1928 1875; baseline 0 -18"><span class='ocrx_word' id='word_1_143' title='bbox 322 1821 446 1869; x_wconf 84' lang='lat' dir='ltr'>rum</span> <span class='ocrx_word' id='word_1_144' title='bbox 476 1803 839 1869; x_wconf 76' lang='lat' dir='ltr'>MonobazuS‚</span> <span class='ocrx_word' id='word_1_145' title='bbox 872 1819 1039 1874; x_wconf 91' lang='lat' dir='ltr'>quem</span> <span class='ocrx_word' id='word_1_146' title='bbox 1069 1818 1239 1873; x_wconf 88' lang='lat' dir='ltr'>penes</span> <span class='ocrx_word' id='word_1_147' title='bbox 1270 1801 1622 1857; x_wconf 87' lang='lat' dir='ltr'>Adiabenum</span> <span class='ocrx_word' id='word_1_148' title='bbox 1656 1804 1928 1875; x_wconf 83' lang='lat' dir='ltr'>regimen,</span> 
     </span>
     <span class='ocr_line' id='line_1_23' title="bbox 324 1878 1934 1951; baseline -0.002 -18"><span class='ocrx_word' id='word_1_149' title='bbox 324 1884 460 1949; x_wconf 83' lang='lat' dir='ltr'>quod</span> <span class='ocrx_word' id='word_1_150' title='bbox 488 1884 836 1947; x_wconf 81' lang='lat' dir='ltr'>praesidium,</span> <span class='ocrx_word' id='word_1_151' title='bbox 869 1889 962 1933; x_wconf 87' lang='lat' dir='ltr'>aut</span> <span class='ocrx_word' id='word_1_152' title='bbox 988 1883 1123 1932; x_wconf 85' lang='lat' dir='ltr'>unde</span> <span class='ocrx_word' id='word_1_153' title='bbox 1144 1878 1376 1945; x_wconf 82' lang='lat' dir='ltr'>peteret?</span> <span class='ocrx_word' id='word_1_154' title='bbox 1416 1880 1680 1951; x_wconf 74' lang='lat' dir='ltr'>rogitanS.</span> <span class='ocrx_word' id='word_1_155' title='bbox 1729 1880 1848 1933; x_wconf 84' lang='lat' dir='ltr'>Iam</span> <span class='ocrx_word' id='word_1_156' title='bbox 1873 1883 1934 1931; x_wconf 85' lang='lat' dir='ltr'>de</span> 
     </span>
     <span class='ocr_line' id='line_1_24' title="bbox 320 1956 1934 2023; baseline -0.002 -14"><span class='ocrx_word' id='word_1_157' title='bbox 320 1956 565 2009; x_wconf 83' lang='lat' dir='ltr'>Armenia</span> <span class='ocrx_word' id='word_1_158' title='bbox 598 1971 912 2017; x_wconf 82' lang='lat' dir='ltr'>concessum,</span> <span class='ocrx_word' id='word_1_159' title='bbox 950 1964 998 2007; x_wconf 90' lang='lat' dir='ltr'>et</span> <span class='ocrx_word' id='word_1_160' title='bbox 1028 1959 1280 2021; x_wconf 75' lang='lat' dir='ltr'>proxima</span> <span class='ocrx_word' id='word_1_161' title='bbox 1307 1957 1448 2009; x_wconf 80' lang='lat' dir='ltr'>trahi</span> <span class='ocrx_word' id='word_1_162' title='bbox 1455 1974 1475 2022; x_wconf 89' lang='lat'><em>;</em></span> <span class='ocrx_word' id='word_1_163' title='bbox 1513 1958 1619 2008; x_wconf 86' lang='lat' dir='ltr'>nisi</span> <span class='ocrx_word' id='word_1_164' title='bbox 1653 1958 1934 2023; x_wconf 78' lang='lat' dir='ltr'>defendant</span> 
     </span>
     <span class='ocr_line' id='line_1_25' title="bbox 324 2030 1933 2097; baseline -0.001 -14"><span class='ocrx_word' id='word_1_165' title='bbox 324 2032 526 2093; x_wconf 79' lang='lat' dir='ltr'>Parthi,</span> <span class='ocrx_word' id='word_1_166' title='bbox 567 2034 729 2084; x_wconf 82' lang='lat' dir='ltr'>levius</span> <span class='ocrx_word' id='word_1_167' title='bbox 766 2035 1032 2083; x_wconf 80' lang='lat' dir='ltr'>servitium</span> <span class='ocrx_word' id='word_1_168' title='bbox 1065 2035 1208 2097; x_wconf 82' lang='lat' dir='ltr'>apud</span> <span class='ocrx_word' id='word_1_169' title='bbox 1237 2030 1492 2083; x_wconf 83' lang='lat' dir='ltr'>Romanos</span> <span class='ocrx_word' id='word_1_170' title='bbox 1518 2032 1732 2093; x_wconf 83' lang='lat' dir='ltr'>deditis,</span> <span class='ocrx_word' id='word_1_171' title='bbox 1771 2046 1933 2097; x_wconf 85' lang='lat' dir='ltr'>quam</span> 
     </span>
     <span class='ocr_line' id='line_1_26' title="bbox 324 2102 1933 2177; baseline -0.002 -17"><span class='ocrx_word' id='word_1_172' title='bbox 324 2110 510 2174; x_wconf 83' lang='lat' dir='ltr'>captis,</span> <span class='ocrx_word' id='word_1_173' title='bbox 537 2122 661 2159; x_wconf 82' lang='lat' dir='ltr'>esse.</span> <span class='ocrx_word' id='word_1_174' title='bbox 706 2102 975 2159; x_wconf 87' lang='lat' dir='ltr'>Tiridates</span> <span class='ocrx_word' id='word_1_175' title='bbox 995 2120 1217 2176; x_wconf 85' lang='lat' dir='ltr'>quoque</span> <span class='ocrx_word' id='word_1_176' title='bbox 1235 2106 1394 2177; x_wconf 86' lang='lat' dir='ltr'>regni</span> <span class='ocrx_word' id='word_1_177' title='bbox 1414 2103 1706 2177; x_wconf 76' lang='lat' dir='ltr'>profuguS,</span> <span class='ocrx_word' id='word_1_178' title='bbox 1731 2120 1832 2175; x_wconf 88' lang='lat' dir='ltr'>per</span> <span class='ocrx_word' id='word_1_179' title='bbox 1852 2105 1933 2157; x_wconf 87' lang='lat' dir='ltr'>si-</span> 
     </span>
     <span class='ocr_line' id='line_1_27' title="bbox 323 2178 1935 2253; baseline -0.002 -18"><span class='ocrx_word' id='word_1_180' title='bbox 323 2182 555 2235; x_wconf 87' lang='lat' dir='ltr'>lentium</span> <span class='ocrx_word' id='word_1_181' title='bbox 602 2188 697 2234; x_wconf 85' lang='lat' dir='ltr'>aut</span> <span class='ocrx_word' id='word_1_182' title='bbox 742 2179 957 2234; x_wconf 89' lang='lat' dir='ltr'>modice</span> <span class='ocrx_word' id='word_1_183' title='bbox 996 2178 1305 2251; x_wconf 89' lang='lat' dir='ltr'>querendo,</span> <span class='ocrx_word' id='word_1_184' title='bbox 1347 2180 1570 2253; x_wconf 85' lang='lat' dir='ltr'>gravior</span> <span class='ocrx_word' id='word_1_185' title='bbox 1607 2188 1742 2233; x_wconf 88' lang='lat' dir='ltr'>erat.</span> <span class='ocrx_word' id='word_1_186' title='bbox 1811 2180 1935 2235; x_wconf 85' lang='lat' dir='ltr'>Non</span> 
     </span>
     <span class='ocr_line' id='line_1_28' title="bbox 323 2256 1934 2324; baseline -0.001 -15"><span class='ocrx_word' id='word_1_187' title='bbox 323 2264 458 2309; x_wconf 84' lang='lat' dir='ltr'>enim</span> <span class='ocrx_word' id='word_1_188' title='bbox 478 2260 691 2324; x_wconf 75' lang='lat' dir='ltr'>iqnavia</span> <span class='ocrx_word' id='word_1_189' title='bbox 714 2272 906 2323; x_wconf 65' lang='lat' dir='ltr'>maqna</span> <span class='ocrx_word' id='word_1_190' title='bbox 931 2256 1152 2323; x_wconf 78' lang='lat' dir='ltr'>imperia</span> <span class='ocrx_word' id='word_1_191' title='bbox 1174 2260 1455 2309; x_wconf 80' lang='lat' dir='ltr'>contineri.-</span> <span class='ocrx_word' id='word_1_192' title='bbox 1492 2260 1728 2323; x_wconf 82' lang='lat' dir='ltr'>virorum</span> <span class='ocrx_word' id='word_1_193' title='bbox 1751 2272 1934 2309; x_wconf 85' lang='lat' dir='ltr'>armo-</span> 
     </span>
     <span class='ocr_line' id='line_1_29' title="bbox 320 2332 1935 2399; baseline 0 -16"><span class='ocrx_word' id='word_1_194' title='bbox 320 2348 538 2399; x_wconf 82' lang='lat' dir='ltr'>rumque</span> <span class='ocrx_word' id='word_1_195' title='bbox 580 2334 875 2398; x_wconf 70' lang='lat' dir='ltr'>faciendum</span> <span class='ocrx_word' id='word_1_196' title='bbox 914 2340 1186 2385; x_wconf 85' lang='lat' dir='ltr'>certamen.</span> <span class='ocrx_word' id='word_1_197' title='bbox 1266 2332 1328 2387; x_wconf 87' lang='lat' dir='ltr'>Id</span> <span class='ocrx_word' id='word_1_198' title='bbox 1371 2336 1430 2384; x_wconf 82' lang='lat' dir='ltr'>in</span> <span class='ocrx_word' id='word_1_199' title='bbox 1471 2348 1674 2384; x_wconf 83' lang='lat' dir='ltr'>summa</span> <span class='ocrx_word' id='word_1_200' title='bbox 1715 2336 1935 2399; x_wconf 76' lang='lat' dir='ltr'>fortuna</span> 
     </span>
    </p>
   </div>
   <div class='ocr_carea' id='block_1_6' title="bbox 314 2406 1936 2476">
    <p class='ocr_par' dir='ltr' id='par_1_7' title="bbox 314 2406 1936 2476">
     <span class='ocr_line' id='line_1_30' title="bbox 314 2406 1936 2476; baseline -0.001 -18"><span class='ocrx_word' id='word_1_201' title='bbox 314 2411 564 2476; x_wconf 39' lang='lat' dir='ltr'>‚aequin-e,</span> <span class='ocrx_word' id='word_1_202' title='bbox 596 2409 733 2472; x_wconf 82' lang='lat' dir='ltr'>quod</span> <span class='ocrx_word' id='word_1_203' title='bbox 766 2410 1010 2461; x_wconf 85' lang='lat' dir='ltr'>validius.</span> <span class='ocrx_word' id='word_1_204' title='bbox 1083 2406 1148 2459; x_wconf 74' lang='lat' dir='ltr'>Et</span> <span class='ocrx_word' id='word_1_205' title='bbox 1181 2422 1280 2459; x_wconf 86' lang='lat' dir='ltr'>sua</span> <span class='ocrx_word' id='word_1_206' title='bbox 1308 2412 1529 2459; x_wconf 79' lang='lat' dir='ltr'>retinere</span> <span class='ocrx_word' id='word_1_207' title='bbox 1559 2412 1803 2474; x_wconf 64' lang='lat' dir='ltr'>priuatae</span> <span class='ocrx_word' id='word_1_208' title='bbox 1837 2409 1936 2458; x_wconf 82' lang='lat' dir='ltr'>do-</span> 
     </span>
    </p>
   </div>
   <div class='ocr_carea' id='block_1_7' title="bbox 322 2482 1935 2699">
    <p class='ocr_par' dir='ltr' id='par_1_8' title="bbox 322 2482 1935 2699">
     <span class='ocr_line' id='line_1_31' title="bbox 322 2482 1624 2549; baseline 0.002 -18"><span class='ocrx_word' id='word_1_209' title='bbox 322 2498 464 2533; x_wconf 77' lang='lat' dir='ltr'>mus:</span> <span class='ocrx_word' id='word_1_210' title='bbox 500 2484 562 2532; x_wconf 87' lang='lat' dir='ltr'>de</span> <span class='ocrx_word' id='word_1_211' title='bbox 587 2482 776 2534; x_wconf 82' lang='lat' dir='ltr'>alienis</span> <span class='ocrx_word' id='word_1_212' title='bbox 803 2492 1017 2543; x_wconf 80' lang='lat' dir='ltr'>certare,</span> <span class='ocrx_word' id='word_1_213' title='bbox 1048 2485 1246 2549; x_wconf 76' lang='lat' dir='ltr'>reqiam</span> <span class='ocrx_word' id='word_1_214' title='bbox 1273 2484 1476 2534; x_wconf 86' lang='lat' dir='ltr'>laudem</span> <span class='ocrx_word' id='word_1_215' title='bbox 1503 2498 1624 2534; x_wconf 84' lang='lat' dir='ltr'>esse.</span> 
     </span>
     <span class='ocr_line' id='line_1_32' title="bbox 435 2554 1932 2627; baseline 0.002 -21"><span class='ocrx_word' id='word_1_216' title='bbox 435 2558 487 2606; x_wconf 74' lang='lat'>2.</span> <span class='ocrx_word' id='word_1_217' title='bbox 504 2554 679 2625; x_wconf 81' lang='lat' dir='ltr'>Igitur</span> <span class='ocrx_word' id='word_1_218' title='bbox 698 2566 1001 2611; x_wconf 87' lang='lat' dir='ltr'>commotus</span> <span class='ocrx_word' id='word_1_219' title='bbox 1022 2556 1110 2609; x_wconf 86' lang='lat' dir='ltr'>his</span> <span class='ocrx_word' id='word_1_220' title='bbox 1123 2556 1416 2627; x_wconf 84' lang='lat' dir='ltr'>Vologeses</span> <span class='ocrx_word' id='word_1_221' title='bbox 1429 2554 1728 2609; x_wconf 85' lang='lat' dir='ltr'>concilium</span> <span class='ocrx_word' id='word_1_222' title='bbox 1748 2562 1932 2617; x_wconf 82' lang='lat' dir='ltr'>vocat,</span> 
     </span>
     <span class='ocr_line' id='line_1_33' title="bbox 322 2628 1935 2699; baseline 0.002 -20"><span class='ocrx_word' id='word_1_223' title='bbox 322 2637 375 2680; x_wconf 85' lang='lat' dir='ltr'>et</span> <span class='ocrx_word' id='word_1_224' title='bbox 395 2630 710 2697; x_wconf 84' lang='lat' dir='ltr'>proximum</span> <span class='ocrx_word' id='word_1_225' title='bbox 731 2630 844 2686; x_wconf 85' lang='lat' dir='ltr'>sibi</span> <span class='ocrx_word' id='word_1_226' title='bbox 866 2632 1146 2686; x_wconf 88' lang='lat' dir='ltr'>Tiridaten</span> <span class='ocrx_word' id='word_1_227' title='bbox 1167 2630 1469 2693; x_wconf 86' lang='lat' dir='ltr'>constituit,</span> <span class='ocrx_word' id='word_1_228' title='bbox 1493 2628 1657 2699; x_wconf 81' lang='lat' dir='ltr'>atque</span> <span class='ocrx_word' id='word_1_229' title='bbox 1677 2630 1753 2683; x_wconf 86' lang='lat' dir='ltr'>ita</span> <span class='ocrx_word' id='word_1_230' title='bbox 1774 2629 1935 2697; x_wconf 82' lang='lat' dir='ltr'>ordi-</span> 
     </span>
    </p>
   </div>
   <div class='ocr_carea' id='block_1_8' title="bbox 218 2702 1932 2773">
    <p class='ocr_par' dir='ltr' id='par_1_9' title="bbox 218 2702 1932 2773">
     <span class='ocr_line' id='line_1_34' title="bbox 218 2702 1932 2773; baseline 0.002 -20"><span class='ocrx_word' id='word_1_231' title='bbox 218 2760 234 2766; x_wconf 49' lang='lat'>,</span> <span class='ocrx_word' id='word_1_232' title='bbox 298 2710 436 2754; x_wconf 76' lang='lat' dir='ltr'>tur:</span> <span class='ocrx_word' id='word_1_233' title='bbox 466 2702 620 2757; x_wconf 84' lang='lat' dir='ltr'>Hunc</span> <span class='ocrx_word' id='word_1_234' title='bbox 644 2721 750 2771; x_wconf 77' lang='lat' dir='ltr'>eqo,</span> <span class='ocrx_word' id='word_1_235' title='bbox 784 2711 953 2759; x_wconf 83' lang='lat' dir='ltr'>eodem</span> <span class='ocrx_word' id='word_1_236' title='bbox 977 2722 1174 2759; x_wconf 86' lang='lat' dir='ltr'>mecum</span> <span class='ocrx_word' id='word_1_237' title='bbox 1191 2714 1346 2772; x_wconf 85' lang='lat' dir='ltr'>patre</span> <span class='ocrx_word' id='word_1_238' title='bbox 1373 2709 1614 2773; x_wconf 75' lang='lat' dir='ltr'>qenitum,</span> <span class='ocrx_word' id='word_1_239' title='bbox 1643 2721 1762 2757; x_wconf 84' lang='lat' dir='ltr'>cum</span> <span class='ocrx_word' id='word_1_240' title='bbox 1781 2708 1932 2767; x_wconf 79' lang='lat' dir='ltr'>mihi,</span> 
     </span>
    </p>
   </div>
   <div class='ocr_carea' id='block_1_9' title="bbox 436 2783 1956 2847">
    <p class='ocr_par' dir='ltr' id='par_1_10' title="bbox 436 2783 1956 2847">
     <span class='ocr_line' id='line_1_35' title="bbox 436 2783 1956 2847; baseline 0.007 -24"><span class='ocrx_word' id='word_1_241' title='bbox 436 2783 665 2838; x_wconf 57' lang='lat' dir='ltr'>zelotem,</span> <span class='ocrx_word' id='word_1_242' title='bbox 686 2796 882 2833; x_wconf 78' lang='lat' dir='ltr'>summo</span> <span class='ocrx_word' id='word_1_243' title='bbox 900 2786 1102 2833; x_wconf 83' lang='lat' dir='ltr'>nomine</span> <span class='ocrx_word' id='word_1_244' title='bbox 1124 2784 1463 2843; x_wconf 77' lang='lat' dir='ltr'>concessisset,</span> <span class='ocrx_word' id='word_1_245' title='bbox 1485 2784 1542 2833; x_wconf 82' lang='lat' dir='ltr'>in</span> <span class='ocrx_word' id='word_1_246' title='bbox 1558 2783 1956 2847; x_wconf 79' lang='lat' dir='ltr'>possessionem&#39;</span> 
     </span>
    </p>
   </div>
   <div class='ocr_carea' id='block_1_10' title="bbox 1267 2926 1294 2953">
    <p class='ocr_par' dir='ltr' id='par_1_11' title="bbox 1267 2926 1294 2953">
     <span class='ocr_line' id='line_1_36' title="bbox 1267 2926 1294 2953; baseline 0 0"><span class='ocrx_word' id='word_1_247' title='bbox 1267 2926 1294 2953; x_wconf 74' lang='lat' dir='ltr'><em>l</em></span> 
     </span>
    </p>
   </div>
   <div class='ocr_carea' id='block_1_11' title="bbox 2050 1210 2055 2927">
    <p class='ocr_par' dir='ltr' id='par_1_12' title="bbox 2050 1210 2055 2927">
     <span class='ocr_line' id='line_1_37' title="bbox 2050 1210 2055 2927; baseline 0 0"><span class='ocrx_word' id='word_1_248' title='bbox 2050 1210 2055 2927; x_wconf 95' lang='lat' dir='ltr'> </span> 
     </span>
    </p>
   </div>
  </div>
 </body>
</html>
