2081 3038
556 219 969 268 DIALoGUs.
1014 220 1174 267 cAP.
1216 222 1294 267 12.
1341 222 1418 266 13.
1693 218 1792 273 343

188 343 268 392 ac,
303 324 352 381 si
379 322 726 395 introspicere
752 320 913 377 altius
942 320 1097 387 velis,
1118 322 1302 393 ipsum
1324 320 1622 394 Apollinem
1645 342 1794 380 acce-

187 402 399 473 pimus:
443 396 549 463 vel,
571 398 619 452 si
640 396 771 452 haec
793 394 1030 451 sabulosa
1052 397 1216 452 nimis
1234 404 1285 452 et
1303 399 1588 469 composita
1607 399 1794 455 viden-

190 483 296 539 tur,
328 472 465 528 illud
495 480 634 528 certe
662 471 797 527 mihi
818 472 1083 537 concedis,
1106 472 1267 544 Aper,
1289 490 1396 527 non
1415 473 1671 529 minorem
1695 476 1793 530 ho-

192 566 373 605 norem
393 548 641 613 Homero,
663 563 826 620 quam
850 546 1210 613 Demostheni,
1233 547 1374 619 apud
1392 554 1657 619 posteros:
1697 567 1794 604 nec

190 622 591 699 angustioribus
614 622 855 676 terminis
878 620 1074 676 samam
1094 622 1370 694 Euripidis
1389 628 1482 677 aut
1495 620 1790 695 SophocliS,

189 717 354 772 quam
375 698 569 773 Lysiae
588 703 680 751 aut
705 696 1010 771 Hyperidis,
1033 696 1256 752 includi.
1327 696 1514 751 Plures
1535 696 1692 753 hodie
1710 716 1796 753 re-

190 776 383 847 perieS,
406 774 504 847 qui
524 771 794 828 Ciceronis
814 770 1061 845 gloriam,
1083 789 1248 845 quam
1268 771 1610 845 quiVirgilii,
1623 772 1795 829 detre-

190 856 356 917 ctent3
400 866 499 903 nec
518 846 664 903 ullus
685 846 861 902 Asinii
881 854 973 902 aut
991 845 1249 902 Messalae
1268 847 1402 902 liber
1422 854 1527 902 tam
1550 846 1793 904 inlustris

190 933 288 991 est,
312 941 476 997 quam
497 922 678 979 Medea
699 922 899 989 Ovidii,
925 930 1015 977 aut
1033 923 1179 978 Varii
1201 923 1479 997 Thyestes

301 1003 383 1055 ⁴3.
426 998 505 1055 Ac
541 1015 609 1054 ne
649 998 914 1055 fortunam
953 997 1175 1072 quidem
1206 1006 1389 1055 vatum
1422 1006 1474 1053 et
1501 996 1638 1053 illud
1668 997 1796 1056 felix

188 1075 599 1132 contubernium
618 1074 1217 1147 comparare'timuerim
1237 1092 1362 1129 cum
1381 1074 1620 1148 inquieta
1631 1083 1683 1131 et
1696 1093 1794 1131 an-

188 1152 275 1207 xia
316 1158 585 1208 oratorum
626 1150 752 1207 vita.
832 1150 981 1205 Licet
1016 1149 1137 1205 illos
1164 1150 1451 1206 certamina
1482 1158 1532 1205 et
1553 1150 1791 1223 pericula

188 1244 286 1282 sua
306 1226 373 1282 ad
392 1225 699 1283 consulatus
720 1226 1010 1291 evexerint,
1043 1225 1183 1281 malo
1201 1244 1452 1283 securum
1475 1233 1526 1282 et
1544 1228 1790 1299 quietum

190 1301 403 1374 Virgilii
439 1317 733 1365 secessum,
773 1300 833 1356 in
868 1317 980 1372 quo
1017 1308 1195 1355 tamen
1223 1318 1400 1373 neque
1430 1319 1458 1357 a
1499 1300 1574 1356 ud
1602 1302 1788 1357 divum

189 1375 496 1448 Augustum
526 1375 694 1448 gratia
723 1374 913 1439 caruit,
952 1390 1127 1445 neque
1155 1375 1300 1445 apud
1317 1392 1463 1447 popu
1490 1393 1582 1429 um
1599 1378 1794 1435 Roma-

190 1467 323 1506 num
353 1450 554 1505 notitia.
634 1449 815 1503 Testes
846 1448 1078 1523 Augusti
1105 1449 1372 1519 epistolae,
1397 1450 1543 1504 testis
1563 1450 1680 1522 ipse
1700 1469 1796 1523 po-

190 1525 376 1599 puluS,
399 1525 497 1597 qui
516 1524 714 1580 auditis
735 1525 791 1579 in
814 1525 1013 1579 theatro
1036 1523 1281 1579 versibus
1299 1523 1533 1598 Virgilii,
1563 1528 1796 1581 surrexit

193 1601 500 1666 universuS,
530 1607 583 1655 et
608 1598 739 1657 forte
765 1608 1098 1671 praesentem
1123 1606 1557 1672 spectantemque
1574 1601 1796 1676 Virgili-

190 1694 286 1733 um
330 1682 609 1731 veneratus
642 1681 723 1730 est
750 1675 848 1741 sic,
890 1676 1048 1748 quasi
1086 1673 1416 1748 Augustum.
1495 1677 1574 1730 Ne
1599 1678 1793 1732 nostris

190 1751 412 1824 quidem
434 1750 765 1822 temporibus
782 1749 1060 1806 Secundus
1081 1750 1408 1821 Pomponius
1426 1749 1554 1807 Afro
1568 1753 1794 1809 Domitio

192 1826 276 1882 vel
298 1825 553 1900 dignitate
571 1826 711 1881 vitae
719 1825 804 1880 vel
824 1827 1172 1898 perpetuitate
1192 1824 1363 1880 famae
1381 1827 1614 1881 cesserit.
1655 1829 1791 1882 Nam

191 1900 417 1974 Crispus
446 1901 547 1956 iste
574 1908 624 1955 et
651 1901 951 1966 MarcelluS,
991 1903 1060 1956 ad
1078 1918 1313 1974 quorum
1334 1899 1575 1974 exempla
1593 1919 1682 1956 me
1704 1920 1794 1958 vo-

191 1995 301 2043 cas,
332 1975 468 2050 quid
496 1975 693 2031 habent
719 1977 777 2031 in
798 1976 899 2032 hac
924 1994 1022 2032 sua
1044 1977 1252 2032 fortuna
1273 1977 1794 2048 concupiscendum?

191 2051 335 2126 quod
366 2052 573 2118 timent,
615 2069 683 2106 an
752 2051 858 2107 uod
878 2052 1168 2108 timentur?
1203 2050 1367 2125 quod,
1409 2068 1534 2107 cum
1556 2053 1792 2124 quotidie

190 2127 398 2200 aliquid
425 2135 693 2202 rogentur,
712 2067 813 2192 qhi,
856 2127 1058 2200 quibus
1083 2135 1370 2200 praestant,
1413 2126 1795 2202 indignantur?

191 2202 336 2276 quod
366 2202 583 2276 adligati
610 2221 734 2257 cum
766 2202 1087 2268 adulatione,
1130 2220 1226 2258 nec
1255 2203 1644 2274 imperantibus
1669 2221 1793 2258 um-

192 2296 357 2351 quam
382 2279 513 2333 satis
531 2279 672 2332 servi
698 2276 962 2344 videntur,
976 2295 1076 2333 nec
1093 2278 1249 2334 nobis
1269 2278 1398 2332 satis
1420 2277 1610 2334 liberi?
1646 2277 1794 2345 Quae

192 2355 323 2408 haec
341 2370 556 2408 summa
584 2370 767 2408 eorum
788 2354 1018 2425 potentia
1039 2352 1154 2408 est‘?
1191 2353 1420 2409 Tantum
1442 2369 1601 2426 posse
1615 2351 1793 2408 liberti

192 2428 379 2485 solent.
458 2429 545 2484 Me
566 2444 689 2483 vero
709 2433 901 2493 dulces,
926 2435 985 2484 ut
1004 2426 1264 2504 Virgilius
1283 2430 1374 2495 ait,
1397 2431 1598 2494 Musae,
1620 2446 1795 2486 remo—

194 2510 308 2559 tum
340 2521 370 2558 a
400 2503 853 2560 sollicitudinibus
879 2512 930 2558 et
948 2505 1113 2570 curis,
1157 2511 1209 2560 et
1229 2506 1537 2560 necessitate
1556 2505 1794 2578 quotidie

192 2578 400 2651 aliquid
418 2586 597 2638 contra
617 2581 858 2634 animum
883 2578 1128 2645 faciendi,
1168 2582 1226 2635 in
1246 2579 1336 2635 illa
1358 2597 1525 2648 sacra,
1565 2581 1794 2654 illosque

194 2651 363 2709 fontes
404 2651 597 2711 ferant:
662 2673 759 2711 nec
790 2656 1043 2711 insanum
1073 2654 1211 2711 ultra
1237 2664 1288 2712 et
1317 2655 1585 2714 lubricum
1617 2657 1792 2714 forum

194 2726 501 2802 famamque
527 2727 812 2803 pallentem
841 2728 1082 2808 trepidus
1103 2733 1364 2808 experiar.
1443 2733 1558 2790 Non
1583 2752 1668 2790 me
1689 2733 1794 2790 fre-
