2081 3038
247 199 494 272 acan.)
661 208 840 252 ιη.
875 207 947 252 11.
992 173 1169 253 cAr.
1214 208 1455 252 5o-53.
1786 203 1851 254 87

247 311 361 368 loco
380 308 684 366 consedisse
704 306 908 362 incolae
925 318 1239 372 memorant,
1260 326 1357 363 nee
1376 308 1568 364 deinde
1586 316 1736 363 coetu
1756 308 1851 364 ho—

247 388 460 442 minum
480 392 572 438 aut
590 379 1131 438 circumvolitantium
1152 383 1339 438 alitum
1361 385 1593 438 territam
1613 383 1852 453 pulsam-

249 479 334 525 ve‚
375 460 542 514 donec
571 456 710 512 Otho
747 474 808 511 se
844 459 961 527 ipse
999 459 1339 512 interficeret:
1384 466 1499 512 tum
1530 457 1758 512 ablatam
1784 475 1852 513 ex

248 535 446 590 oculis:
481 542 534 588 et
553 541 786 602 tempora
805 533 1199 602 reputantibus„
1221 533 1437 587 initium
1456 532 1729 604 finemque
1748 533 1853 588 mi-

249 609 415 665 rac-uli
433 626 560 682 cum
580 608 804 662 Othonis
825 608 972 660 exitu
993 608 1327 678 competisse.

286 722 291 727 -
359 687 446 739 51.
487 685 548 738 ln
578 683 764 736 sunere
791 683 909 736 eius
939 691 1129 737 novata
1162 681 1309 738 luctu
1337 701 1401 737 ac
1419 681 1597 738 dolore
1618 682 1852 738 militum

249 759 456 814 sediti0.
535 757 647 812 Nec
665 765 792 821 erat,
821 757 917 828 qui
939 766 1216 824 coerceret.
1294 757 1377 812 Ad
1395 758 1711 832 Verginium
1734 775 1853 812 ver-

249 837 318 898 si,
351 831 526 898 modo,
567 842 626 886 ut
653 833 910 903 reciperet
936 833 1247 902 imperium,
1295 849 1459 896 nunc,
1504 843 1563 887 ut
1594 832 1853 904 legatione

249 909 394 980 apud
435 907 712 962 Caecinam
751 923 814 962 ac
842 906 1117 962 Valentem
1161 905 1500 981 fungeretur,
1544 909 1851 961 minitantes

249 984 484 1038 orabant.
564 983 872 1055 Verginiae,
900 999 995 1052 per
1023 999 1263 1036 aversam
1298 983 1493 1038 domus
1514 993 1716 1054 partem
1741 981 1854 1036 fur-

250 1061 347 1114 tim
375 1058 680 1132 degi-essue,
722 1058 1091 1127 inrumpentes
1127 1056 1409 1120 frustratus
1446 1066 1545 1113 est.
1624 1058 1849 1121 Earum,

247 1151 389 1206 quae
405 1132 622 1188 Brixelli
641 1142 871 1206 egerant,
894 1132 1192 1188 cohortium
1210 1151 1393 1205 preces
1414 1133 1649 1187 Rubrius
1662 1131 1850 1187 Gallus

251 1209 386 1264 tulit.
466 1208 533 1263 Et
553 1210 708 1262 venia
735 1209 914 1262 statim
941 1208 1216 1279 inpetrata,
1246 1208 1658 1264 concedentibus
1680 1207 1747 1262 ad
1771 1207 1850 1261 vi·—

248 1293 444 1339 ctorem
472 1301 566 1354 per
594 1283 838 1338 Flavium
861 1281 1125 1338 Sabinum
1153 1285 1223 1338 iis
1248 1285 1435 1356 copiis„
1467 1284 1671 1354 quibus
1696 1298 1849 1355 prae—

250 1358 436 1414 fuerat.

357 1436 440 1490 52.
487 1433 656 1488 Posito
675 1432 879 1504 ubique
901 1432 1059 1494 bello,
1084 1447 1275 1502 magna
1296 1448 1419 1501 pars
1440 1441 1657 1486 senatus
1678 1440 1849 1488 extre-

253 1527 400 1563 mum
438 1508 726 1564 discrimen
763 1503 912 1570 adiit,
956 1503 1185 1576 profecta
1216 1522 1341 1559 cum
1371 1503 1577 1561 Othone
1607 1506 1674 1560 ab
1696 1507 1847 1571 urbe,

249 1586 372 1639 dein
393 1586 627 1639 Mutinae
646 1582 843 1637 relicta.
896 1580 1030 1635 Illuc
1050 1579 1275 1633 adverso
1290 1580 1357 1633 de
1375 1579 1573 1650 proelio
1593 1580 1846 1636 adlatum.

247 1660 348 1713 Sed
381 1658 597 1721 milites,
632 1666 692 1710 ut
709 1655 904 1710 falsum
927 1672 1197 1709 rumorem
1218 1665 1579 1727 aspernantes,
1602 1656 1747 1727 quod
1769 1657 1853 1710 in·-

253 1735 460 1789 sensum
493 1732 690 1788 Othoni
716 1738 960 1785 senatum
991 1730 1403 1795 arbitrabantur,
1444 1731 1711 1787 custodire
1738 1749 1851 1785 ser-
1926 1740 1939 1753 ·

253 1824 455 1870 mone-3,
491 1804 699 1859 vultum
729 1804 1082 1878 habitumque
1108 1806 1317 1861 trahere
1340 1808 1398 1860 in
1420 1806 1681 1862 deterius:
1724 1824 1847 1861 con-

252 1882 406 1935 viciis
449 1888 714 1948 postremo
749 1896 812 1932 ac
851 1881 1057 1949 probris
1086 1898 1329 1936 caussam
1359 1890 1409 1935 et
1437 1881 1651 1934 initium
1674 1882 1850 1935 caedis

251 1953 600 2026 quaerebant:
643 1969 766 2006 cum
797 1953 934 2009 alius
965 1957 1184 2026 insuper
1214 1965 1387 2011 metus
1409 1955 1745 2009 senatoribus
1765 1958 1851 2009 in·-

249 2038 428 2093 staret,
457 2044 538 2093 ne,
563 2028 882 2099 praevalidis
905 2030 1009 2083 iam
1033 2030 1513 2101 VitelliipartibuS,
1546 2040 1851 2085 cunctanter

249 2104 524 2175 excepisse
542 2104 817 2159 victoriani
837 2104 1194 2159 crederentur.
1274 2107 1345 2161 Ita
1370 2106 1563 2177 trepidi
1588 2114 1638 2159 et
1658 2108 1851 2160 utrim-

248 2198 357 2252 que
395 2179 538 2233 anxii
577 2188 794 2235 coeunt:
857 2196 1014 2233 nemo
1052 2181 1301 2249 privatim
1330 2182 1575 2252 expedito
1603 2180 1847 2247 consilio,

246 2258 386 2311 inter
415 2252 612 2309 multos
631 2255 876 2309 societate
901 2252 1089 2323 culpae
1109 2256 1285 2309 tutior.
1367 2256 1630 2310 Onerabat
1651 2272 1852 2327 paven-

249 2332 380 2385 tium
405 2347 560 2383 curas
577 2328 706 2383 ordo
725 2329 1065 2393 Mutinensis„
1084 2346 1233 2383 arma
1252 2341 1301 2384 et
1322 2332 1605 2403 pecuniam
1626 2331 1851 2385 offeren-

247 2406 332 2470 do,
356 2404 756 2477 adpellabatque
787 2415 964 2472 patres
991 2409 1324 2473 conscriptos,
1358 2407 1734 2477 intempestivo
1755 2406 1853 2461 ho-

247 2497 393 2535 nore.

357 2558 443 2610 53.
483 2553 725 2611 Notabile
742 2556 980 2629 iurgium
1007 2551 1170 2631 [inde]
1195 2554 1315 2620 fuit,
1338 2573 1447 2627 quo
1461 2556 1704 2611 Licinius
1718 2556 1853 2612 Cae-

247 2630 366 2685 cina
385 2628 694 2685 Marcellum
713 2630 961 2702 Eprium,
985 2640 1043 2685 ut
1062 2634 1308 2699 ambiqua
1325 2634 1672 2693 disserentem,
1696 2631 1851 2687 inva-

247 2706 338 2761 sit.
413 2706 525 2761 Nec
557 2706 714 2763 ceteri
752 2706 1040 2769 sententias
1082 2706 1415 2782 aperiebant:
1468 2706 1562 2765 sed
1604 2707 1845 2766 invisum
