2081 3038
428 263 493 316 46
994 267 1464 313 ANNALIUM
1763 260 1960 332 (Α.υ.;

541 369 627 424 72.
670 367 883 422 Decreta
910 385 972 423 eo
1005 384 1146 423 anno
1171 365 1516 439 triumphalia
1545 367 1790 440 insignia
1821 367 1891 424 A.
1917 367 1960 422 C

430 441 600 506 cinae,
623 443 685 496 L.
709 440 961 513 Apronio,
984 442 1047 498 C.
1069 441 1228 507 Silio,
1249 443 1322 497 ob
1339 461 1424 496 res
1447 460 1570 498 cum
1594 443 1930 498 Germanico
1954 483 1960 510 .-

430 524 559 571 stas.
634 517 837 572 Nomen
856 518 1023 589 patris
1040 519 1240 588 patriae
1259 517 1526 582 Tiberius,
1549 535 1578 570 a
1597 515 1802 588 populo
1821 535 1959 587 saep

431 592 721 664 ingestum,
746 591 1072 664 repudiavit3
1110 609 1285 663 neque
1306 591 1362 646 in
1381 599 1492 648 acta
1511 609 1610 646 sua
1629 590 1822 657 iurari,
1844 609 1958 664 qua

430 683 596 738 quam
616 674 859 722 censente
876 674 1086 732 senatu,
1107 667 1378 738 permisit:
1419 674 1607 722 cuncta
1624 669 1937 722 mortalium

432 749 601 808 cerem
638 751 933 812 quantoque
954 744 1078 811 plus
1102 746 1320 810 adeptus
1341 747 1498 808 soret,
1543 749 1687 796 tanto
1712 759 1769 794 se
1794 746 1960 810 magis

433 817 632 870 lubrico
656 815 921 872 dictitans.
999 817 1118 872 Non
1145 824 1320 872 tamen
1341 815 1459 872 ideo
1477 814 1700 871 faciebat
1715 813 1884 870 fidem
1904 817 1954 870 ci

430 889 499 945 lis
527 889 714 946 animi.
794 891 931 946 Nam
960 890 1130 965 legem
1159 891 1448 948 maiestatis
1473 889 1784 960 reduxerim
1823 891 1916 946 cui
1947 909 1962 943 1

432 982 555 1020 men
572 963 715 1036 apud
728 972 927 1020 veteres
944 965 1108 1030 idem,
1122 964 1216 1020 sed
1235 965 1336 1020 alia
1357 965 1414 1020 in
1433 964 1696 1022 iudicium
1716 964 1960 1022 veniebas

430 1045 478 1094 si
504 1043 621 1108 quis
644 1044 936 1106 proditione
966 1044 1278 1104 exercitum,
1317 1050 1412 1096 aut
1443 1042 1640 1108 plebem
1673 1043 1960 1096 seditioni&

429 1117 649 1183 donique
667 1117 801 1168 male
816 1122 961 1183 qesta
978 1131 1037 1170 ro
1052 1119 1266 1184 publica
1283 1120 1602 1172 maiestatem
1615 1117 1796 1184 populi
1816 1116 1960 1170 Rom<

433 1192 715 1243 minuisset.
792 1189 947 1244 Facta
984 1189 1370 1262 arguebantur,
1419 1187 1558 1244 dicta
1595 1190 1822 1260 impune
1863 1207 1960 1244 era}

436 1263 649 1318 Primus
667 1261 948 1338 Augustus
965 1265 1319 1338 cognitionem
1342 1263 1409 1319 de
1427 1263 1646 1320 famosis
1665 1263 1882 1330 libellis,
1906 1281 1960 1335 sp

434 1338 516 1394 cie
543 1335 677 1412 legis
706 1339 851 1405 eius,
885 1339 1152 1405 uastauit,
1191 1346 1489 1396 commotus
1507 1339 1679 1395 Cassii
1696 1338 1877 1394 Severi
1907 1339 1960 1394 lil

433 1413 559 1468 dine
572 1453 586 1478 ,
616 1430 724 1484 qua
756 1413 897 1473 viros
926 1413 1264 1487 feminasque
1289 1414 1544 1471 inlustres
1569 1414 1880 1486 procacibus
1897 1432 1960 1472 sc1

435 1488 543 1561 ptis
561 1486 940 1546 diffamaverat.
1002 1489 1127 1547 Mox
1145 1489 1410 1555 Tiberius,
1434 1487 1763 1547 consultante
1782 1489 1906 1545 Pom
1911 1507 1958 1561 pe

435 1564 612 1619 Macro
646 1573 885 1636 praetore
898 1606 912 1631 ,
966 1582 1035 1623 an
1083 1566 1280 1623 iudicia
1324 1566 1614 1621 maiestatis
1657 1564 1958 1621 redden-enta

436 1644 753 1695 exercendas
778 1643 913 1710 loyes
930 1657 1057 1706 esse,
1079 1640 1368 1712 respondit.
1411 1641 1566 1696 Hunc
1583 1656 1799 1713 quoque
1815 1658 1957 1712 asper

438 1730 561 1768 vere
579 1715 837 1781 carmina,
853 1716 1072 1771 incertis
1089 1716 1392 1771 auctoribus
1415 1714 1651 1789 vulgata,
1675 1716 1733 1771 in
1753 1716 1958 1771 saevitia

438 1787 855 1861 superbiamque
873 1790 990 1845 eius
1010 1796 1061 1844 et
1077 1789 1374 1867 discordem
1393 1808 1518 1845 oum
1537 1798 1705 1847 matre
1719 1790 1952 1847 animum

547 1864 635 1916 73.
668 1861 821 1919 Haud
831 1863 1035 1937 pigebit
1051 1862 1247 1921 referre
1265 1866 1322 1921 in
1343 1864 1558 1921 Falanio
1583 1873 1636 1921 et
1651 1865 1869 1930 Rubrio,
1909 1884 1958 1919 m

436 1936 572 1991 dicis
592 1937 867 2008 equitibus
882 1938 1157 2006 Romanis,
1177 1946 1496 2012 praetentata
1513 1941 1762 1997 crimina:
1795 1949 1868 2007 ut,
1897 1958 1955 2013 qt

440 2012 543 2067 bus
561 2012 731 2068 initiis
746 2054 759 2078 ,
794 2022 994 2086 quanta
1013 2014 1213 2071 Tiberii
1231 2023 1340 2071 arte
1354 2057 1367 2083 ,
1395 2017 1776 2090 gravissimum
1801 2016 1956 2072 exitiu

438 2087 748 2158 inrepserit,
780 2088 905 2145 dein
930 2106 1238 2163 repressum
1255 2091 1353 2156 sit,
1374 2100 1644 2165 postremo
1660 2092 1860 2155 arserit,
1887 2108 1956 2145 cut

437 2170 629 2235 ctaque
654 2164 1004 2235 conripuerit,
1045 2172 1309 2223 noscatur.
1387 2164 1606 2221 Falanio
1642 2164 1906 2223 obiiciebat
1929 2185 1955 2219 a

437 2245 674 2303 cusator,
716 2238 861 2309 quod
890 2240 1027 2295 inter
1056 2239 1284 2296 cultores
1311 2239 1394 2297 Au
1503 2241 1569 2305 ti,
1611 2240 1706 2313 qui
1731 2258 1818 2315 per
1835 2258 1956 2297 omn·

438 2313 623 2369 domos
638 2354 652 2378 ,
682 2313 739 2367 in
761 2312 979 2369 modum
998 2313 1339 2389 collegiorum
1353 2356 1370 2381 ,
1537 2314 1753 2382 bantur,
1779 2314 1950 2373 Cassiu

438 2386 971 2459 quendam,nmimum
987 2407 1203 2461 corpore
1219 2390 1496 2457 infamem,
1508 2390 1832 2448 adscivisset:
1847 2409 1954 2464 quo

440 2478 568 2533 que,
591 2462 821 2518 venditis
840 2462 1028 2540 bortis,
1051 2472 1280 2521 statuam
1299 2463 1380 2520 An
1461 2466 1532 2520 sti
1551 2464 1712 2521 simul
1729 2468 1953 2538 mancipa.

440 2542 539 2590 set.
602 2536 803 2595 Rubrio
822 2538 1036 2595 crimini
1055 2538 1279 2595 dabatur
1297 2540 1385 2596 vio
1405 2548 1554 2597 atum
1571 2540 1794 2613 periurio
1818 2558 1954 2597 num<

440 2604 689 2681 Augusti.
768 2611 917 2679 Quae
936 2614 1031 2669 ubi
1052 2613 1263 2671 Tiberio
1281 2622 1501 2671 notuere
1516 2656 1529 2681 ,
1561 2616 1766 2689 scripsit
1787 2616 1953 2673 consul

442 2681 574 2738 bus:
612 2701 715 2739 non
732 2691 845 2743 ideo
863 2693 1124 2745 decretum
1137 2694 1287 2759 patri
1307 2707 1404 2745 suo
1433 2692 1656 2757 caelum,
1693 2696 1818 2746 utin
1835 2709 1952 2760 pern

446 2760 573 2812 ciem
599 2764 787 2817 civium
812 2768 860 2820 is
895 2767 1058 2823 honor
1092 2762 1396 2822 ierem-etur.
1475 2764 1714 2821 Cassium
1735 2768 1952 2823 histrione
