2081 3038
223 240 467 316 meat.)
611 249 775 298 mn.
815 248 915 300 vl.
955 254 1139 300 oar.
1176 245 1423 303 27—'22
1727 251 1817 305 ΞΗ

222 353 334 409 tius
353 350 764 410 demonstranda
784 358 890 410 est:
918 353 1125 428 quippe
1141 351 1433 415 Aemilium
1488 373 1625 414 enus
1642 355 1830 416 fecun-

223 429 358 485 dum
385 428 650 485 honorum
668 427 894 494 civium,
922 435 974 484 et
991 427 1091 502 qui
1108 427 1293 496 eadem
1318 427 1448 488 fami
1470 433 1542 500 ia,
1564 434 1829 506 eoi-ruptis

226 504 489 570 moribus,
511 501 731 560 inlustri
750 508 927 558 tamen
948 501 1159 560 fortuna
1177 519 1349 578 egere.

335 581 420 638 28.
461 577 649 635 Paullo
683 577 867 646 Fabio,
917 577 982 636 L.
1019 577 1233 638 Vitellio
1269 595 1406 638 ooss.
1449 587 1571 652 post
1606 579 1827 657 longum
1910 609 1915 614 ·

225 654 561 713 saeculorum
582 653 866 721 ambitum,
878 653 994 715 avis
1012 653 1251 728 phoenix
1268 655 1327 713 in
1344 653 1391 712 A
1534 662 1653 716 tum
1660 660 1827 728 venit,

224 727 580 804 praebuitque
637 730 912 804 materiem
968 729 1295 790 doctissimis
1351 730 1411 788 in
1448 729 1465 789 Α·
1534 748 1729 802 narum
1779 741 1832 788 et

227 805 572 872 Graecorum,
603 803 772 862 multa
798 821 961 880 super
987 823 1050 864 eo
1076 804 1335 867 miraculo
1358 804 1677 867 disserendi.
1755 807 1831 866 De

227 879 432 954 quibus
461 888 778 956 congruunt,
811 890 862 937 et
885 880 1045 956 plura
1072 881 1216 942 amb'
1298 899 1347 949 a,
1370 881 1467 950 sed
1485 882 1703 959 cognitu
1720 901 1831 945 non

227 955 478 1024 absurda,
500 973 744 1029 promere
763 953 910 1020 libet.
951 963 956 970 ’
983 955 1207 1024 Sacrum
1296 955 1336 1014 li
1354 957 1411 1015 id
1432 955 1648 1026 animal,
1672 965 1723 1016 et
1740 975 1831 1015 ore

227 1047 289 1086 ae
313 1031 566 1088 distinctu
591 1033 883 1106 pinnarum
910 1050 940 1088 a
959 1033 1147 1093 ceteris
1168 1033 1360 1093 avibus
1382 1032 1679 1102 diversum,
1702 1051 1830 1092 con-

224 1107 479 1174 sentiunt,
500 1108 597 1180 qui
616 1103 843 1176 formam
863 1106 980 1172 eius
1003 1107 1275 1169 definiere.
1354 1109 1430 1166 De
1468 1126 1693 1169 numero
1732 1128 1830 1168 an-

224 1200 416 1238 norum
447 1183 593 1240 varia
615 1182 913 1240 traduntur.
992 1185 1226 1242 Maxime
1250 1183 1533 1262 vulgatum
1560 1186 1831 1264 quingen-

223 1259 398 1314 torum
421 1260 674 1332 spatium.
749 1257 905 1325 Sunt,
929 1259 1028 1332 qui
1048 1259 1377 1327 adseverent,
1401 1259 1550 1318 mille
1646 1261 1829 1323 adrin-

219 1341 406 1410 gentos
427 1333 700 1408 sexaginta
719 1350 896 1390 unum
923 1334 1183 1404 interiioi;
1222 1336 1538 1410 prioresque
1562 1355 1593 1395 a
1614 1336 1713 1394 ites
1732 1335 1829 1394 Se-

221 1409 446 1466 sostride
482 1409 743 1482 primum,
781 1414 905 1482 post
942 1407 1196 1466 Amaside
1232 1409 1635 1476 dominantibus
1648 1453 1663 1478 ‚
1702 1411 1827 1472 dein

221 1484 537 1550 Ptolemaeo,
569 1483 667 1557 qui
691 1501 759 1540 ex
775 1481 1155 1541 Macedonibus
1176 1485 1365 1547 tertius
1384 1485 1647 1561 regnavit,
1673 1485 1732 1543 in
1751 1487 1830 1543 oi-

223 1560 462 1625 vitatem,
494 1559 584 1614 cui
611 1556 902 1633 Heliopolis
927 1575 1143 1626 nomen,
1170 1558 1524 1627 advolavisse,
1552 1559 1723 1619 multo
1742 1578 1829 1617 ce-

223 1642 458 1690 terarum
478 1632 758 1702 volucrum
777 1633 1051 1701 comitatu,
1072 1651 1265 1697 novam
1286 1632 1475 1692 faeiem
1490 1634 1823 1698 mirantium.

223 1708 330 1765 Sed
349 1708 640 1783 antiquitas
665 1708 887 1782 quidem
915 1701 1171 1777 obseura:
1210 1710 1349 1768 inter
1374 1709 1737 1775 Ptolemaeum
1766 1730 1829 1770 ao

224 1778 503 1839 Tiberium
542 1782 724 1840 miuus
763 1784 977 1841 ducenti
1015 1786 1408 1864 quinquaginta
1434 1787 1561 1846 anni
1586 1782 1822 1847 fuerunt.

225 1856 377 1917 Unde
396 1858 642 1937 nonnulli
661 1857 860 1919 falsum
877 1858 1026 1919 hunc
1042 1861 1377 1934 phoenicem,
1400 1880 1577 1942 neque
1584 1863 1827 1938 Arabum

225 1952 256 1990 e
281 1935 437 1993 terris
467 1932 733 2003 credidere
747 1976 762 2002 ,
791 1934 1038 2010 nihilque
1064 1938 1413 2011 usurpavisse
1442 1956 1511 1997 ex
1536 1938 1626 1997 his
1640 1981 1655 2006 ,
1686 1955 1829 2015 quae

225 2018 381 2067 vetus
421 2010 676 2066 memoria
712 2010 964 2068 firmavit.
1044 2010 1289 2071 Confecto
1325 2013 1530 2087 quippe
1562 2032 1827 2072 annorum

224 2103 471 2153 numero,
511 2085 610 2143 ubi
646 2102 792 2143 mors
827 2087 1170 2165 propinquet,
1202 2088 1321 2145 suis
1346 2088 1406 2145 in
1434 2089 1591 2145 terris
1620 2096 1828 2145 struere

223 2160 438 2229 nidum,
461 2161 620 2237 eique
640 2157 753 2219 vim
769 2161 1058 2237 genitalem
1079 2162 1388 2231 adfundere,
1410 2180 1478 2221 ex
1497 2181 1606 2239 qua
1625 2164 1827 2221 foetum

221 2238 384 2295 oriri:
425 2244 478 2294 et
501 2238 735 2311 primam
764 2235 944 2294 adulto
971 2254 1154 2293 curam
1184 2238 1475 2313 sepeliendi
1493 2240 1691 2313 patris:
1734 2258 1829 2295 ne-

221 2330 332 2389 que
349 2313 408 2369 id
427 2321 642 2380 temere,
655 2312 752 2369 sed
769 2312 979 2369 sublato
997 2314 1249 2389 myrrhae
1261 2314 1512 2387 pondere,
1526 2322 1829 2389 tentatoque

135 2452 140 2457 ,
221 2403 320 2464 per
348 2387 570 2465 longum
602 2389 720 2457 iter,
752 2388 848 2448 ubi
876 2406 974 2461 par
999 2391 1167 2456 oneri,
1195 2407 1293 2462 par
1313 2391 1511 2448 meatui
1532 2390 1621 2457 sit,
1642 2390 1829 2449 subire

111 2490 121 2503 ·
219 2465 457 2539 patrium
479 2480 692 2537 corpus,
715 2464 883 2541 inque
901 2461 1042 2520 Solis
1060 2481 1207 2532 aram
1224 2463 1457 2538 perferre
1474 2472 1634 2541 atque
1652 2464 1830 2522 adole-

219 2555 298 2595 re.
377 2538 519 2595 Haec
537 2541 734 2595 incerta
759 2548 810 2595 et
827 2537 1085 2596 fabulosis
1104 2548 1274 2603 aucta.
1354 2534 1601 2608 Ceterum
1623 2541 1829 2617 adspici

220 2614 511 2691 aliquando
530 2615 588 2671 in
607 2614 848 2691 Aegypto
868 2632 985 2671 eam
1005 2615 1278 2674 volucrem
1300 2633 1407 2671 non
1430 2614 1740 2699 ambigitur.

313 2691 417 2749 29.
461 2690 530 2747 At
555 2690 775 2759 Romae,
805 2692 964 2749 caede
987 2693 1260 2758 continua,
1282 2689 1609 2765 Pomponius
1629 2694 1825 2758 Labeo,

218 2780 386 2843 quem
426 2764 723 2845 praefuisse
760 2768 988 2825 Moesiae
1025 2766 1207 2837 retuli,
1246 2785 1359 2900 per)
1378 2768 1633 2903 {br-uptas
1661 2786 1792 2829 ven‘
