<?xml version="1.0" encoding="UTF-8"?>
<!DOCTYPE html PUBLIC "-//W3C//DTD XHTML 1.0 Transitional//EN"
    "http://www.w3.org/TR/xhtml1/DTD/xhtml1-transitional.dtd">
<html xmlns="http://www.w3.org/1999/xhtml" xml:lang="en" lang="en">
 <head>
  <title>
</title>
<meta http-equiv="Content-Type" content="text/html;charset=utf-8" />
  <meta name='ocr-system' content='tesseract 3.04.00' />
  <meta name='ocr-capabilities' content='ocr_page ocr_carea ocr_par ocr_line ocrx_word'/>
</head>
<body>
  <div class='ocr_page' id='page_1' title='image "./operaquoadextan03tacigoog_0053.png"; bbox 0 0 2081 3038; ppageno 0'>
   <div class='ocr_carea' id='block_1_1' title="bbox 141 266 1760 340">
    <p class='ocr_par' dir='ltr' id='par_1_1' title="bbox 141 266 1760 340">
     <span class='ocr_line' id='line_1_1' title="bbox 141 266 1760 340; baseline 0.001 -18"><span class='ocrx_word' id='word_1_1' title='bbox 141 286 193 322; x_wconf 76' lang='lat' dir='ltr'>A.</span> <span class='ocrx_word' id='word_1_2' title='bbox 221 286 273 324; x_wconf 87' lang='lat' dir='ltr'>c.</span> <span class='ocrx_word' id='word_1_3' title='bbox 302 266 401 340; x_wconf 82' lang='lat'>1⁵.)</span> <span class='ocrx_word' id='word_1_4' title='bbox 610 275 765 319; x_wconf 75' lang='lat' dir='ltr'>Lm.</span> <span class='ocrx_word' id='word_1_5' title='bbox 808 275 844 318; x_wconf 90' lang='lat'>1.</span> <span class='ocrx_word' id='word_1_6' title='bbox 890 274 1066 319; x_wconf 76' lang='lat' dir='ltr'>cAP.</span> <span class='ocrx_word' id='word_1_7' title='bbox 1110 275 1188 320; x_wconf 79' lang='grc' dir='ltr'>τυ.</span> <span class='ocrx_word' id='word_1_8' title='bbox 1233 277 1312 320; x_wconf 81' lang='lat'>71.</span> <span class='ocrx_word' id='word_1_9' title='bbox 1698 274 1760 325; x_wconf 70' lang='lat'>45</span> 
     </span>
    </p>
   </div>
   <div class='ocr_carea' id='block_1_2' title="bbox 141 376 1771 2864">
    <p class='ocr_par' dir='ltr' id='par_1_2' title="bbox 141 376 1768 1881">
     <span class='ocr_line' id='line_1_2' title="bbox 141 376 1758 452; baseline 0.001 -20"><span class='ocrx_word' id='word_1_10' title='bbox 141 377 259 442; x_wconf 85' lang='lat' dir='ltr'>etii,</span> <span class='ocrx_word' id='word_1_11' title='bbox 272 391 387 449; x_wconf 89' lang='lat' dir='ltr'>quo</span> <span class='ocrx_word' id='word_1_12' title='bbox 406 376 647 432; x_wconf 81' lang='lat' dir='ltr'>maxime</span> <span class='ocrx_word' id='word_1_13' title='bbox 665 376 915 430; x_wconf 86' lang='lat' dir='ltr'>tumescit</span> <span class='ocrx_word' id='word_1_14' title='bbox 930 391 1181 440; x_wconf 87' lang='lat' dir='ltr'>oceanus,</span> <span class='ocrx_word' id='word_1_15' title='bbox 1197 377 1309 447; x_wconf 90' lang='lat' dir='ltr'>rapi</span> <span class='ocrx_word' id='word_1_16' title='bbox 1329 378 1526 450; x_wconf 77' lang='lat' dir='ltr'><strong>agique</strong></span> <span class='ocrx_word' id='word_1_17' title='bbox 1545 395 1758 452; x_wconf 84' lang='lat' dir='ltr'>agmen.</span> 
     </span>
     <span class='ocr_line' id='line_1_3' title="bbox 144 450 1764 526; baseline 0.001 -20"><span class='ocrx_word' id='word_1_18' title='bbox 144 454 213 508; x_wconf 91' lang='lat' dir='ltr'>Et</span> <span class='ocrx_word' id='word_1_19' title='bbox 230 451 593 525; x_wconf 78' lang='lat' dir='ltr'>opplebantur</span> <span class='ocrx_word' id='word_1_20' title='bbox 613 458 807 506; x_wconf 84' lang='lat' dir='ltr'>terrae:</span> <span class='ocrx_word' id='word_1_21' title='bbox 850 450 1035 505; x_wconf 82' lang='lat' dir='ltr'>eadem</span> <span class='ocrx_word' id='word_1_22' title='bbox 1057 450 1189 506; x_wconf 84' lang='lat' dir='ltr'>freto</span> <span class='ocrx_word' id='word_1_23' title='bbox 1203 492 1215 515; x_wconf 88' lang='lat'><strong>‚</strong></span> <span class='ocrx_word' id='word_1_24' title='bbox 1249 452 1388 507; x_wconf 85' lang='lat' dir='ltr'>litori</span> <span class='ocrx_word' id='word_1_25' title='bbox 1403 494 1416 518; x_wconf 90' lang='lat'><strong>‚</strong></span> <span class='ocrx_word' id='word_1_26' title='bbox 1447 452 1656 526; x_wconf 88' lang='lat' dir='ltr'>campis</span> <span class='ocrx_word' id='word_1_27' title='bbox 1681 453 1764 508; x_wconf 82' lang='lat' dir='ltr'>fa-</span> 
     </span>
     <span class='ocr_line' id='line_1_4' title="bbox 143 526 1762 600; baseline 0.001 -18"><span class='ocrx_word' id='word_1_28' title='bbox 143 528 286 583; x_wconf 82' lang='lat' dir='ltr'>cies:</span> <span class='ocrx_word' id='word_1_29' title='bbox 332 543 515 600; x_wconf 88' lang='lat' dir='ltr'>neque</span> <span class='ocrx_word' id='word_1_30' title='bbox 530 526 763 581; x_wconf 87' lang='lat' dir='ltr'>discerni</span> <span class='ocrx_word' id='word_1_31' title='bbox 781 531 1025 598; x_wconf 77' lang='lat' dir='ltr'>poterant</span> <span class='ocrx_word' id='word_1_32' title='bbox 1043 526 1242 580; x_wconf 85' lang='lat' dir='ltr'>incerta</span> <span class='ocrx_word' id='word_1_33' title='bbox 1261 526 1330 581; x_wconf 87' lang='lat' dir='ltr'>ab</span> <span class='ocrx_word' id='word_1_34' title='bbox 1347 527 1550 594; x_wconf 89' lang='lat' dir='ltr'>solidis,</span> <span class='ocrx_word' id='word_1_35' title='bbox 1577 528 1762 586; x_wconf 77' lang='lat' dir='ltr'>brevia</span> 
     </span>
     <span class='ocr_line' id='line_1_5' title="bbox 144 599 1764 678; baseline 0.002 -22"><span class='ocrx_word' id='word_1_36' title='bbox 144 621 173 656; x_wconf 91' lang='lat' dir='ltr'>a</span> <span class='ocrx_word' id='word_1_37' title='bbox 196 600 507 674; x_wconf 80' lang='lat' dir='ltr'><strong>profundis.</strong></span> <span class='ocrx_word' id='word_1_38' title='bbox 586 600 907 656; x_wconf 88' lang='lat' dir='ltr'>Sternuntur</span> <span class='ocrx_word' id='word_1_39' title='bbox 925 599 1210 666; x_wconf 77' lang='lat' dir='ltr'>fluctibuS‚</span> <span class='ocrx_word' id='word_1_40' title='bbox 1236 601 1556 658; x_wconf 86' lang='lat' dir='ltr'>hauriuntur</span> <span class='ocrx_word' id='word_1_41' title='bbox 1611 605 1764 678; x_wconf 76' lang='lat' dir='ltr'>urgi-</span> 
     </span>
     <span class='ocr_line' id='line_1_6' title="bbox 145 677 1758 748; baseline 0.001 -16"><span class='ocrx_word' id='word_1_42' title='bbox 145 679 297 732; x_wconf 86' lang='lat' dir='ltr'>tibus</span> <span class='ocrx_word' id='word_1_43' title='bbox 318 677 590 743; x_wconf 82' lang='lat' dir='ltr'>iumenta,</span> <span class='ocrx_word' id='word_1_44' title='bbox 620 677 887 732; x_wconf 86' lang='lat' dir='ltr'>sarcinae:</span> <span class='ocrx_word' id='word_1_45' title='bbox 926 691 1146 748; x_wconf 86' lang='lat' dir='ltr'>corpora</span> <span class='ocrx_word' id='word_1_46' title='bbox 1165 677 1410 731; x_wconf 79' lang='lat' dir='ltr'>exanima</span> <span class='ocrx_word' id='word_1_47' title='bbox 1429 679 1564 732; x_wconf 88' lang='lat' dir='ltr'>inter</span> <span class='ocrx_word' id='word_1_48' title='bbox 1603 687 1758 745; x_wconf 85' lang='lat' dir='ltr'>nunt,</span> 
     </span>
     <span class='ocr_line' id='line_1_7' title="bbox 144 751 1764 825; baseline 0.001 -17"><span class='ocrx_word' id='word_1_49' title='bbox 144 760 456 808; x_wconf 70' lang='lat' dir='ltr'><strong>occursant.</strong></span> <span class='ocrx_word' id='word_1_50' title='bbox 535 751 929 806; x_wconf 67' lang='lat' dir='ltr'>Pei-miscentur</span> <span class='ocrx_word' id='word_1_51' title='bbox 950 752 1090 806; x_wconf 87' lang='lat' dir='ltr'>inter</span> <span class='ocrx_word' id='word_1_52' title='bbox 1108 767 1168 806; x_wconf 89' lang='lat' dir='ltr'>se</span> <span class='ocrx_word' id='word_1_53' title='bbox 1178 751 1471 823; x_wconf 76' lang='lat' dir='ltr'><strong>manipuli,</strong></span> <span class='ocrx_word' id='word_1_54' title='bbox 1493 753 1651 809; x_wconf 86' lang='lat' dir='ltr'>medo</span> <span class='ocrx_word' id='word_1_55' title='bbox 1668 771 1764 825; x_wconf 88' lang='lat' dir='ltr'>pe-</span> 
     </span>
     <span class='ocr_line' id='line_1_8' title="bbox 145 825 1765 900; baseline 0.001 -18"><span class='ocrx_word' id='word_1_56' title='bbox 145 835 291 884; x_wconf 85' lang='lat' dir='ltr'>ctore</span> <span class='ocrx_word' id='word_1_57' title='bbox 306 836 329 894; x_wconf 85' lang='lat'>,&#39;</span> <span class='ocrx_word' id='word_1_58' title='bbox 364 825 527 884; x_wconf 86' lang='lat' dir='ltr'>modo</span> <span class='ocrx_word' id='word_1_59' title='bbox 541 840 633 883; x_wconf 85' lang='lat' dir='ltr'>ore</span> <span class='ocrx_word' id='word_1_60' title='bbox 652 834 811 882; x_wconf 85' lang='lat' dir='ltr'>tenus</span> <span class='ocrx_word' id='word_1_61' title='bbox 841 833 1110 882; x_wconf 81' lang='lat' dir='ltr'>exstantes</span> <span class='ocrx_word' id='word_1_62' title='bbox 1125 867 1139 892; x_wconf 86' lang='lat'>,</span> <span class='ocrx_word' id='word_1_63' title='bbox 1180 825 1470 900; x_wconf 85' lang='lat' dir='ltr'>aliquando</span> <span class='ocrx_word' id='word_1_64' title='bbox 1497 829 1765 884; x_wconf 86' lang='lat' dir='ltr'>subtracto</span> 
     </span>
     <span class='ocr_line' id='line_1_9' title="bbox 145 902 1765 968; baseline 0.001 -11"><span class='ocrx_word' id='word_1_65' title='bbox 145 903 262 959; x_wconf 89' lang='lat' dir='ltr'>solo</span> <span class='ocrx_word' id='word_1_66' title='bbox 288 902 504 958; x_wconf 87' lang='lat' dir='ltr'>disiecti</span> <span class='ocrx_word' id='word_1_67' title='bbox 520 945 535 968; x_wconf 91' lang='lat'>,</span> <span class='ocrx_word' id='word_1_68' title='bbox 582 910 675 957; x_wconf 83' lang='lat' dir='ltr'>aut</span> <span class='ocrx_word' id='word_1_69' title='bbox 701 902 900 958; x_wconf 84' lang='lat' dir='ltr'>obruti.</span> <span class='ocrx_word' id='word_1_70' title='bbox 978 903 1097 957; x_wconf 85' lang='lat' dir='ltr'>Non</span> <span class='ocrx_word' id='word_1_71' title='bbox 1123 919 1232 958; x_wconf 79' lang='lat' dir='ltr'>vox</span> <span class='ocrx_word' id='word_1_72' title='bbox 1252 909 1306 957; x_wconf 91' lang='lat' dir='ltr'>et</span> <span class='ocrx_word' id='word_1_73' title='bbox 1322 903 1500 959; x_wconf 88' lang='lat' dir='ltr'>mutui</span> <span class='ocrx_word' id='word_1_74' title='bbox 1526 903 1765 960; x_wconf 80' lang='lat' dir='ltr'><strong>hortatus</strong></span> 
     </span>
     <span class='ocr_line' id='line_1_10' title="bbox 148 975 1763 1055; baseline 0.002 -22"><span class='ocrx_word' id='word_1_75' title='bbox 148 978 440 1045; x_wconf 75' lang='lat' dir='ltr'>iuvabant,</span> <span class='ocrx_word' id='word_1_76' title='bbox 473 977 785 1034; x_wconf 74' lang='lat' dir='ltr'>adversante</span> <span class='ocrx_word' id='word_1_77' title='bbox 812 975 989 1034; x_wconf 85' lang='lat' dir='ltr'>unda:</span> <span class='ocrx_word' id='word_1_78' title='bbox 1030 975 1167 1032; x_wconf 87' lang='lat' dir='ltr'>nihil</span> <span class='ocrx_word' id='word_1_79' title='bbox 1187 984 1438 1034; x_wconf 85' lang='lat' dir='ltr'>strenuus</span> <span class='ocrx_word' id='word_1_80' title='bbox 1455 977 1528 1035; x_wconf 78' lang='lat' dir='ltr'>ab</span> <span class='ocrx_word' id='word_1_81' title='bbox 1545 979 1763 1055; x_wconf 78' lang='lat' dir='ltr'>ignavo,</span> 
     </span>
     <span class='ocr_line' id='line_1_11' title="bbox 146 1051 1764 1126; baseline 0.001 -17"><span class='ocrx_word' id='word_1_82' title='bbox 146 1055 369 1126; x_wconf 87' lang='lat' dir='ltr'>sapiens</span> <span class='ocrx_word' id='word_1_83' title='bbox 388 1051 461 1108; x_wconf 80' lang='lat' dir='ltr'>ab</span> <span class='ocrx_word' id='word_1_84' title='bbox 476 1053 804 1125; x_wconf 82' lang='lat' dir='ltr'>imprudenti</span> <span class='ocrx_word' id='word_1_85' title='bbox 820 1094 834 1119; x_wconf 90' lang='lat'>,</span> <span class='ocrx_word' id='word_1_86' title='bbox 856 1051 1078 1108; x_wconf 86' lang='lat' dir='ltr'>consilia</span> <span class='ocrx_word' id='word_1_87' title='bbox 1097 1070 1128 1108; x_wconf 86' lang='lat' dir='ltr'>a</span> <span class='ocrx_word' id='word_1_88' title='bbox 1147 1069 1275 1108; x_wconf 84' lang='lat' dir='ltr'>casu</span> <span class='ocrx_word' id='word_1_89' title='bbox 1293 1053 1534 1110; x_wconf 82' lang='lat' dir='ltr'>differre:</span> <span class='ocrx_word' id='word_1_90' title='bbox 1575 1063 1764 1110; x_wconf 86' lang='lat' dir='ltr'>cuncta</span> 
     </span>
     <span class='ocr_line' id='line_1_12' title="bbox 148 1127 1765 1201; baseline 0.001 -17"><span class='ocrx_word' id='word_1_91' title='bbox 148 1130 264 1201; x_wconf 83' lang='lat' dir='ltr'>pari</span> <span class='ocrx_word' id='word_1_92' title='bbox 282 1128 542 1185; x_wconf 87' lang='lat' dir='ltr'>violentia</span> <span class='ocrx_word' id='word_1_93' title='bbox 560 1127 988 1184; x_wconf 80' lang='lat' dir='ltr'>involvebantur.</span> <span class='ocrx_word' id='word_1_94' title='bbox 1052 1127 1286 1184; x_wconf 81' lang='lat' dir='ltr'>Tandem</span> <span class='ocrx_word' id='word_1_95' title='bbox 1307 1128 1554 1186; x_wconf 78' lang='lat' dir='ltr'>Vitellius</span> <span class='ocrx_word' id='word_1_96' title='bbox 1571 1131 1631 1186; x_wconf 90' lang='lat' dir='ltr'>in</span> <span class='ocrx_word' id='word_1_97' title='bbox 1650 1129 1765 1186; x_wconf 90' lang='lat' dir='ltr'>edi-</span> 
     </span>
     <span class='ocr_line' id='line_1_13' title="bbox 148 1203 1765 1278; baseline 0.001 -19"><span class='ocrx_word' id='word_1_98' title='bbox 148 1206 282 1260; x_wconf 84' lang='lat' dir='ltr'>tiora</span> <span class='ocrx_word' id='word_1_99' title='bbox 312 1205 532 1270; x_wconf 87' lang='lat' dir='ltr'>enisus,</span> <span class='ocrx_word' id='word_1_100' title='bbox 572 1203 756 1260; x_wconf 87' lang='lat' dir='ltr'>eodem</span> <span class='ocrx_word' id='word_1_101' title='bbox 796 1221 990 1278; x_wconf 81' lang='lat' dir='ltr'>agmen</span> <span class='ocrx_word' id='word_1_102' title='bbox 1030 1203 1309 1276; x_wconf 83' lang='lat' dir='ltr'>subduxit.</span> <span class='ocrx_word' id='word_1_103' title='bbox 1387 1205 1765 1262; x_wconf 74' lang='lat' dir='ltr'>pernoctavere</span> 
     </span>
     <span class='ocr_line' id='line_1_14' title="bbox 148 1275 1766 1353; baseline 0.001 -19"><span class='ocrx_word' id='word_1_104' title='bbox 148 1281 269 1334; x_wconf 86' lang='lat' dir='ltr'>sine</span> <span class='ocrx_word' id='word_1_105' title='bbox 286 1275 617 1335; x_wconf 88' lang='lat' dir='ltr'>utensilibus</span> <span class='ocrx_word' id='word_1_106' title='bbox 632 1320 648 1345; x_wconf 86' lang='lat'>,</span> <span class='ocrx_word' id='word_1_107' title='bbox 680 1280 798 1335; x_wconf 88' lang='lat' dir='ltr'>sine</span> <span class='ocrx_word' id='word_1_108' title='bbox 816 1279 961 1353; x_wconf 87' lang='lat' dir='ltr'>igni,</span> <span class='ocrx_word' id='word_1_109' title='bbox 990 1291 1184 1353; x_wconf 82' lang='lat' dir='ltr'>magna</span> <span class='ocrx_word' id='word_1_110' title='bbox 1203 1296 1327 1350; x_wconf 87' lang='lat' dir='ltr'>pars</span> <span class='ocrx_word' id='word_1_111' title='bbox 1348 1280 1492 1337; x_wconf 87' lang='lat' dir='ltr'>nudo</span> <span class='ocrx_word' id='word_1_112' title='bbox 1511 1290 1602 1336; x_wconf 90' lang='lat' dir='ltr'>aut</span> <span class='ocrx_word' id='word_1_113' title='bbox 1621 1280 1766 1336; x_wconf 85' lang='lat' dir='ltr'>mul-</span> 
     </span>
     <span class='ocr_line' id='line_1_15' title="bbox 150 1354 1766 1430; baseline 0.001 -20"><span class='ocrx_word' id='word_1_114' title='bbox 150 1361 269 1410; x_wconf 82' lang='lat' dir='ltr'>cato</span> <span class='ocrx_word' id='word_1_115' title='bbox 285 1369 535 1427; x_wconf 81' lang='lat' dir='ltr'>corpore3</span> <span class='ocrx_word' id='word_1_116' title='bbox 574 1354 721 1410; x_wconf 85' lang='lat' dir='ltr'>haud</span> <span class='ocrx_word' id='word_1_117' title='bbox 738 1355 923 1410; x_wconf 87' lang='lat' dir='ltr'>minus</span> <span class='ocrx_word' id='word_1_118' title='bbox 948 1354 1303 1421; x_wconf 84' lang='lat' dir='ltr'>miserabiles,</span> <span class='ocrx_word' id='word_1_119' title='bbox 1324 1374 1490 1429; x_wconf 89' lang='lat' dir='ltr'>quam</span> <span class='ocrx_word' id='word_1_120' title='bbox 1511 1373 1648 1430; x_wconf 88' lang='lat' dir='ltr'>quos</span> <span class='ocrx_word' id='word_1_121' title='bbox 1667 1357 1766 1413; x_wconf 89' lang='lat' dir='ltr'>ho·-</span> 
     </span>
     <span class='ocr_line' id='line_1_16' title="bbox 150 1427 1765 1502; baseline 0.001 -16"><span class='ocrx_word' id='word_1_122' title='bbox 150 1431 249 1486; x_wconf 86' lang='lat' dir='ltr'>stis</span> <span class='ocrx_word' id='word_1_123' title='bbox 277 1429 644 1486; x_wconf 81' lang='lat' dir='ltr'>circumsidet.</span> <span class='ocrx_word' id='word_1_124' title='bbox 721 1427 937 1502; x_wconf 79' lang='lat' dir='ltr'>Quippe</span> <span class='ocrx_word' id='word_1_125' title='bbox 965 1429 1078 1486; x_wconf 87' lang='lat' dir='ltr'>illis</span> <span class='ocrx_word' id='word_1_126' title='bbox 1111 1432 1270 1486; x_wconf 82' lang='lat' dir='ltr'>etiam</span> <span class='ocrx_word' id='word_1_127' title='bbox 1299 1431 1550 1488; x_wconf 86' lang='lat' dir='ltr'>honestae</span> <span class='ocrx_word' id='word_1_128' title='bbox 1581 1433 1765 1487; x_wconf 86' lang='lat' dir='ltr'>mortis</span> 
     </span>
     <span class='ocr_line' id='line_1_17' title="bbox 150 1503 1762 1580; baseline 0 -18"><span class='ocrx_word' id='word_1_129' title='bbox 150 1524 321 1563; x_wconf 84' lang='lat' dir='ltr'>usus:</span> <span class='ocrx_word' id='word_1_130' title='bbox 362 1503 451 1561; x_wconf 89' lang='lat' dir='ltr'>his</span> <span class='ocrx_word' id='word_1_131' title='bbox 477 1504 772 1580; x_wconf 85' lang='lat' dir='ltr'>inglorium</span> <span class='ocrx_word' id='word_1_132' title='bbox 800 1507 1047 1562; x_wconf 85' lang='lat' dir='ltr'>exitium.</span> <span class='ocrx_word' id='word_1_133' title='bbox 1127 1505 1249 1563; x_wconf 86' lang='lat' dir='ltr'>Lux</span> <span class='ocrx_word' id='word_1_134' title='bbox 1276 1506 1506 1562; x_wconf 88' lang='lat' dir='ltr'>reddidit</span> <span class='ocrx_word' id='word_1_135' title='bbox 1539 1515 1762 1576; x_wconf 81' lang='lat' dir='ltr'>terram3</span> 
     </span>
     <span class='ocr_line' id='line_1_18' title="bbox 149 1580 1767 1658; baseline 0 -21"><span class='ocrx_word' id='word_1_136' title='bbox 149 1586 603 1658; x_wconf 85' lang='lat' dir='ltr'>penetratumque</span> <span class='ocrx_word' id='word_1_137' title='bbox 620 1583 689 1637; x_wconf 82' lang='lat' dir='ltr'>ad·</span> <span class='ocrx_word' id='word_1_138' title='bbox 710 1600 925 1637; x_wconf 89' lang='lat' dir='ltr'>amnem</span> <span class='ocrx_word' id='word_1_139' title='bbox 944 1582 1253 1656; x_wconf 81' lang='lat' dir='ltr'>Unsi&#39;ngim,</span> <span class='ocrx_word' id='word_1_140' title='bbox 1267 1598 1376 1655; x_wconf 90' lang='lat' dir='ltr'>quo</span> <span class='ocrx_word' id='word_1_141' title='bbox 1386 1580 1578 1637; x_wconf 81' lang='lat' dir='ltr'>Caesar</span> <span class='ocrx_word' id='word_1_142' title='bbox 1597 1581 1767 1637; x_wconf 88' lang='lat' dir='ltr'>classe</span> 
     </span>
     <span class='ocr_line' id='line_1_19' title="bbox 151 1656 1764 1732; baseline -0.002 -17"><span class='ocrx_word' id='word_1_143' title='bbox 151 1656 513 1715; x_wconf 86' lang='lat' dir='ltr'>contenderat.</span> <span class='ocrx_word' id='word_1_144' title='bbox 594 1659 672 1712; x_wconf 88' lang='lat' dir='ltr'>Im</span> <span class='ocrx_word' id='word_1_145' title='bbox 744 1659 875 1713; x_wconf 87' lang='lat' dir='ltr'>sitae</span> <span class='ocrx_word' id='word_1_146' title='bbox 894 1658 1019 1712; x_wconf 85' lang='lat' dir='ltr'>dein</span> <span class='ocrx_word' id='word_1_147' title='bbox 1043 1656 1276 1731; x_wconf 82' lang='lat' dir='ltr'>legiones</span> <span class='ocrx_word' id='word_1_148' title='bbox 1292 1698 1306 1723; x_wconf 86' lang='lat'>,</span> <span class='ocrx_word' id='word_1_149' title='bbox 1353 1666 1578 1732; x_wconf 82' lang='lat' dir='ltr'>vagante</span> <span class='ocrx_word' id='word_1_150' title='bbox 1603 1656 1764 1723; x_wconf 82' lang='lat' dir='ltr'>fama,</span> 
     </span>
     <span class='ocr_line' id='line_1_20' title="bbox 151 1732 1768 1806; baseline 0 -17"><span class='ocrx_word' id='word_1_151' title='bbox 151 1733 503 1789; x_wconf 77' lang='lat' dir='ltr'>submersas:</span> <span class='ocrx_word' id='word_1_152' title='bbox 548 1750 647 1789; x_wconf 87' lang='lat' dir='ltr'>nec</span> <span class='ocrx_word' id='word_1_153' title='bbox 702 1733 797 1788; x_wconf 85' lang='lat' dir='ltr'>des</span> <span class='ocrx_word' id='word_1_154' title='bbox 815 1732 1035 1799; x_wconf 77' lang='lat' dir='ltr'>salutis,</span> <span class='ocrx_word' id='word_1_155' title='bbox 1060 1740 1348 1806; x_wconf 86' lang='lat' dir='ltr'>antequam</span> <span class='ocrx_word' id='word_1_156' title='bbox 1369 1733 1647 1789; x_wconf 86' lang='lat' dir='ltr'>Caesarem</span> <span class='ocrx_word' id='word_1_157' title='bbox 1673 1750 1768 1789; x_wconf 87' lang='lat' dir='ltr'>ex-</span> 
     </span>
     <span class='ocr_line' id='line_1_21' title="bbox 152 1808 981 1881; baseline -0.002 -16"><span class='ocrx_word' id='word_1_158' title='bbox 152 1810 495 1881; x_wconf 86' lang='lat' dir='ltr'>ercitumque</span> <span class='ocrx_word' id='word_1_159' title='bbox 512 1809 762 1865; x_wconf 85' lang='lat' dir='ltr'>reducem</span> <span class='ocrx_word' id='word_1_160' title='bbox 784 1808 981 1865; x_wconf 82' lang='lat' dir='ltr'>videre.</span> 
     </span>
    </p>

    <p class='ocr_par' dir='ltr' id='par_1_3' title="bbox 156 1884 1771 2864">
     <span class='ocr_line' id='line_1_22' title="bbox 267 1884 1765 1957; baseline 0.002 -18"><span class='ocrx_word' id='word_1_161' title='bbox 267 1885 327 1939; x_wconf 75' lang='lat'>7⁴</span> <span class='ocrx_word' id='word_1_162' title='bbox 344 1925 357 1939; x_wconf 94' lang='lat'>.</span> <span class='ocrx_word' id='word_1_163' title='bbox 401 1884 513 1939; x_wconf 88' lang='lat' dir='ltr'>Iam</span> <span class='ocrx_word' id='word_1_164' title='bbox 542 1884 826 1941; x_wconf 82' lang='lat' dir='ltr'>Stertinius</span> <span class='ocrx_word' id='word_1_165' title='bbox 842 1927 855 1950; x_wconf 90' lang='lat'>,</span> <span class='ocrx_word' id='word_1_166' title='bbox 888 1884 956 1939; x_wconf 88' lang='lat' dir='ltr'>ad</span> <span class='ocrx_word' id='word_1_167' title='bbox 976 1884 1346 1957; x_wconf 86' lang='lat' dir='ltr'>accipiendum</span> <span class='ocrx_word' id='word_1_168' title='bbox 1366 1885 1423 1941; x_wconf 89' lang='lat' dir='ltr'>in</span> <span class='ocrx_word' id='word_1_169' title='bbox 1442 1885 1765 1942; x_wconf 85' lang='lat' dir='ltr'>deditionem</span> 
     </span>
     <span class='ocr_line' id='line_1_23' title="bbox 156 1958 1769 2035; baseline 0.001 -21"><span class='ocrx_word' id='word_1_170' title='bbox 156 1960 519 2034; x_wconf 81' lang='lat' dir='ltr'>Segimerum‚</span> <span class='ocrx_word' id='word_1_171' title='bbox 541 1958 755 2015; x_wconf 78' lang='lat' dir='ltr'>fratrem</span> <span class='ocrx_word' id='word_1_172' title='bbox 780 1958 1032 2035; x_wconf 83' lang='lat' dir='ltr'>Segestis,</span> <span class='ocrx_word' id='word_1_173' title='bbox 1053 1961 1404 2033; x_wconf 82' lang='lat' dir='ltr'>praemissus,</span> <span class='ocrx_word' id='word_1_174' title='bbox 1425 1962 1610 2033; x_wconf 89' lang='lat' dir='ltr'>ipsum</span> <span class='ocrx_word' id='word_1_175' title='bbox 1634 1968 1685 2015; x_wconf 85' lang='lat' dir='ltr'>et</span> <span class='ocrx_word' id='word_1_176' title='bbox 1705 1960 1769 2015; x_wconf 80' lang='lat' dir='ltr'>ti-</span> 
     </span>
     <span class='ocr_line' id='line_1_24' title="bbox 158 2034 1768 2109; baseline 0 -18"><span class='ocrx_word' id='word_1_177' title='bbox 158 2036 295 2091; x_wconf 90' lang='lat' dir='ltr'>lium</span> <span class='ocrx_word' id='word_1_178' title='bbox 343 2034 464 2090; x_wconf 85' lang='lat' dir='ltr'>eius</span> <span class='ocrx_word' id='word_1_179' title='bbox 502 2036 560 2090; x_wconf 82' lang='lat' dir='ltr'>i&#39;n</span> <span class='ocrx_word' id='word_1_180' title='bbox 604 2036 874 2091; x_wconf 85' lang='lat' dir='ltr'>civitatem</span> <span class='ocrx_word' id='word_1_181' title='bbox 914 2035 1174 2091; x_wconf 85' lang='lat' dir='ltr'>Ubiorum</span> <span class='ocrx_word' id='word_1_182' title='bbox 1223 2036 1562 2109; x_wconf 75' lang='lat' dir='ltr'>perduxerat.</span> <span class='ocrx_word' id='word_1_183' title='bbox 1640 2037 1768 2091; x_wconf 86' lang='lat' dir='ltr'>Data</span> 
     </span>
     <span class='ocr_line' id='line_1_25' title="bbox 162 2109 1768 2185; baseline -0.001 -18"><span class='ocrx_word' id='word_1_184' title='bbox 162 2111 377 2183; x_wconf 85' lang='lat' dir='ltr'>utrique</span> <span class='ocrx_word' id='word_1_185' title='bbox 394 2110 583 2179; x_wconf 82' lang='lat' dir='ltr'>venia3</span> <span class='ocrx_word' id='word_1_186' title='bbox 623 2109 777 2166; x_wconf 81' lang='lat' dir='ltr'>facile</span> <span class='ocrx_word' id='word_1_187' title='bbox 793 2109 1068 2185; x_wconf 80' lang='lat' dir='ltr'>Segimero</span> <span class='ocrx_word' id='word_1_188' title='bbox 1083 2154 1096 2177; x_wconf 89' lang='lat'><strong>,</strong></span> <span class='ocrx_word' id='word_1_189' title='bbox 1119 2110 1457 2166; x_wconf 82' lang='lat' dir='ltr'>cunctantius</span> <span class='ocrx_word' id='word_1_190' title='bbox 1475 2110 1587 2165; x_wconf 84' lang='lat' dir='ltr'>fflio</span> <span class='ocrx_word' id='word_1_191' title='bbox 1601 2153 1616 2177; x_wconf 87' lang='lat'>‚</span> <span class='ocrx_word' id='word_1_192' title='bbox 1638 2112 1768 2184; x_wconf 88' lang='lat' dir='ltr'>quia</span> 
     </span>
     <span class='ocr_line' id='line_1_26' title="bbox 160 2184 1768 2258; baseline 0.001 -17"><span class='ocrx_word' id='word_1_193' title='bbox 160 2184 439 2252; x_wconf 86' lang='lat' dir='ltr'>Quinctilii</span> <span class='ocrx_word' id='word_1_194' title='bbox 466 2184 593 2242; x_wconf 87' lang='lat' dir='ltr'>Vari</span> <span class='ocrx_word' id='word_1_195' title='bbox 622 2202 817 2258; x_wconf 86' lang='lat' dir='ltr'>corpus</span> <span class='ocrx_word' id='word_1_196' title='bbox 857 2185 1116 2242; x_wconf 86' lang='lat' dir='ltr'>inlusisse</span> <span class='ocrx_word' id='word_1_197' title='bbox 1149 2186 1442 2243; x_wconf 85' lang='lat' dir='ltr'>dicebatur.</span> <span class='ocrx_word' id='word_1_198' title='bbox 1521 2185 1768 2242; x_wconf 87' lang='lat' dir='ltr'>Ceterum</span> 
     </span>
     <span class='ocr_line' id='line_1_27' title="bbox 161 2260 1771 2333; baseline 0.001 -18"><span class='ocrx_word' id='word_1_199' title='bbox 161 2261 225 2316; x_wconf 90' lang='lat' dir='ltr'>ad</span> <span class='ocrx_word' id='word_1_200' title='bbox 251 2260 556 2333; x_wconf 85' lang='lat' dir='ltr'>supplenda</span> <span class='ocrx_word' id='word_1_201' title='bbox 590 2263 853 2319; x_wconf 85' lang='lat' dir='ltr'>exercitus</span> <span class='ocrx_word' id='word_1_202' title='bbox 880 2262 1076 2318; x_wconf 89' lang='lat' dir='ltr'>damna</span> <span class='ocrx_word' id='word_1_203' title='bbox 1112 2269 1378 2319; x_wconf 83' lang='lat' dir='ltr'>certavere</span> <span class='ocrx_word' id='word_1_204' title='bbox 1404 2260 1636 2328; x_wconf 87' lang='lat' dir='ltr'>Galliae,</span> <span class='ocrx_word' id='word_1_205' title='bbox 1673 2261 1771 2317; x_wconf 85' lang='lat' dir='ltr'>Hi-</span> 
     </span>
     <span class='ocr_line' id='line_1_28' title="bbox 162 2335 1766 2411; baseline 0 -20"><span class='ocrx_word' id='word_1_206' title='bbox 162 2337 401 2409; x_wconf 86' lang='lat' dir='ltr'>spaniae,</span> <span class='ocrx_word' id='word_1_207' title='bbox 424 2335 603 2393; x_wconf 86' lang='lat' dir='ltr'>ltalia:</span> <span class='ocrx_word' id='word_1_208' title='bbox 644 2336 791 2409; x_wconf 87' lang='lat' dir='ltr'>quod</span> <span class='ocrx_word' id='word_1_209' title='bbox 809 2338 1007 2409; x_wconf 87' lang='lat' dir='ltr'>cuique</span> <span class='ocrx_word' id='word_1_210' title='bbox 1023 2344 1334 2411; x_wconf 87' lang='lat' dir='ltr'>promptum</span> <span class='ocrx_word' id='word_1_211' title='bbox 1350 2381 1364 2404; x_wconf 91' lang='lat'><strong>‚</strong></span> <span class='ocrx_word' id='word_1_212' title='bbox 1387 2354 1553 2402; x_wconf 87' lang='lat' dir='ltr'>arma,</span> <span class='ocrx_word' id='word_1_213' title='bbox 1578 2352 1766 2409; x_wconf 88' lang='lat' dir='ltr'>equos,</span> 
     </span>
     <span class='ocr_line' id='line_1_29' title="bbox 165 2410 1771 2479; baseline 0.001 -13"><span class='ocrx_word' id='word_1_214' title='bbox 165 2428 387 2478; x_wconf 86' lang='lat' dir='ltr'>aurum,</span> <span class='ocrx_word' id='word_1_215' title='bbox 416 2410 712 2468; x_wconf 76' lang='lat' dir='ltr'>offerentes,</span> <span class='ocrx_word' id='word_1_216' title='bbox 793 2412 1035 2479; x_wconf 85' lang='lat' dir='ltr'>Quorum</span> <span class='ocrx_word' id='word_1_217' title='bbox 1059 2413 1267 2471; x_wconf 89' lang='lat' dir='ltr'>laudato</span> <span class='ocrx_word' id='word_1_218' title='bbox 1289 2414 1468 2469; x_wconf 82' lang='lat' dir='ltr'>studio</span> <span class='ocrx_word' id='word_1_219' title='bbox 1487 2413 1771 2470; x_wconf 86' lang='lat' dir='ltr'>Germani-</span> 
     </span>
     <span class='ocr_line' id='line_1_30' title="bbox 165 2487 1770 2561; baseline 0.001 -20"><span class='ocrx_word' id='word_1_220' title='bbox 165 2504 257 2543; x_wconf 86' lang='lat' dir='ltr'>cus</span> <span class='ocrx_word' id='word_1_221' title='bbox 272 2529 285 2553; x_wconf 85' lang='lat'>‚</span> <span class='ocrx_word' id='word_1_222' title='bbox 317 2488 487 2543; x_wconf 83' lang='lat' dir='ltr'>armis</span> <span class='ocrx_word' id='word_1_223' title='bbox 506 2487 664 2544; x_wconf 91' lang='lat' dir='ltr'>modo</span> <span class='ocrx_word' id='word_1_224' title='bbox 688 2496 739 2543; x_wconf 87' lang='lat' dir='ltr'>et</span> <span class='ocrx_word' id='word_1_225' title='bbox 756 2490 912 2561; x_wconf 91' lang='lat' dir='ltr'>equis</span> <span class='ocrx_word' id='word_1_226' title='bbox 943 2489 1008 2544; x_wconf 91' lang='lat' dir='ltr'>ad</span> <span class='ocrx_word' id='word_1_227' title='bbox 1024 2487 1230 2545; x_wconf 87' lang='lat' dir='ltr'>bellum</span> <span class='ocrx_word' id='word_1_228' title='bbox 1256 2489 1517 2561; x_wconf 86' lang='lat' dir='ltr'>sumptis,</span> <span class='ocrx_word' id='word_1_229' title='bbox 1555 2489 1770 2561; x_wconf 87' lang='lat' dir='ltr'>propria</span> 
     </span>
     <span class='ocr_line' id='line_1_31' title="bbox 167 2562 1769 2637; baseline 0.002 -20"><span class='ocrx_word' id='word_1_230' title='bbox 167 2563 390 2635; x_wconf 85' lang='lat' dir='ltr'>pecunia</span> <span class='ocrx_word' id='word_1_231' title='bbox 410 2562 639 2619; x_wconf 85' lang='lat' dir='ltr'>militem</span> <span class='ocrx_word' id='word_1_232' title='bbox 656 2565 815 2621; x_wconf 86' lang='lat' dir='ltr'>iuvit.</span> <span class='ocrx_word' id='word_1_233' title='bbox 894 2564 1071 2637; x_wconf 82' lang='lat' dir='ltr'>thue</span> <span class='ocrx_word' id='word_1_234' title='bbox 1090 2564 1256 2619; x_wconf 88' lang='lat' dir='ltr'>cladis</span> <span class='ocrx_word' id='word_1_235' title='bbox 1275 2564 1589 2627; x_wconf 84' lang='lat' dir='ltr'>memoriam</span> <span class='ocrx_word' id='word_1_236' title='bbox 1610 2565 1769 2620; x_wconf 88' lang='lat' dir='ltr'>etiam</span> 
     </span>
     <span class='ocr_line' id='line_1_32' title="bbox 169 2636 1769 2715; baseline 0.001 -21"><span class='ocrx_word' id='word_1_237' title='bbox 169 2638 407 2694; x_wconf 84' lang='lat' dir='ltr'>comitate</span> <span class='ocrx_word' id='word_1_238' title='bbox 428 2636 646 2705; x_wconf 85' lang='lat' dir='ltr'>leniret,</span> <span class='ocrx_word' id='word_1_239' title='bbox 688 2639 971 2695; x_wconf 87' lang='lat' dir='ltr'>circumire</span> <span class='ocrx_word' id='word_1_240' title='bbox 991 2640 1202 2695; x_wconf 83' lang='lat' dir='ltr'>saucios</span> <span class='ocrx_word' id='word_1_241' title='bbox 1217 2682 1230 2706; x_wconf 91' lang='lat'><strong>‚</strong></span> <span class='ocrx_word' id='word_1_242' title='bbox 1270 2638 1403 2695; x_wconf 82' lang='lat' dir='ltr'>facta</span> <span class='ocrx_word' id='word_1_243' title='bbox 1429 2640 1769 2715; x_wconf 84' lang='lat' dir='ltr'>singulorum</span> 
     </span>
     <span class='ocr_line' id='line_1_33' title="bbox 170 2710 1768 2790; baseline 0.002 -22"><span class='ocrx_word' id='word_1_244' title='bbox 170 2712 441 2783; x_wconf 83' lang='lat' dir='ltr'>extollere3</span> <span class='ocrx_word' id='word_1_245' title='bbox 487 2710 712 2771; x_wconf 80' lang='lat' dir='ltr'>vulnera</span> <span class='ocrx_word' id='word_1_246' title='bbox 738 2716 957 2770; x_wconf 82' lang='lat' dir='ltr'>intuens</span> <span class='ocrx_word' id='word_1_247' title='bbox 972 2757 986 2780; x_wconf 86' lang='lat'>‚</span> <span class='ocrx_word' id='word_1_248' title='bbox 1028 2714 1197 2769; x_wconf 89' lang='lat' dir='ltr'>alium</span> <span class='ocrx_word' id='word_1_249' title='bbox 1226 2730 1350 2787; x_wconf 82' lang='lat' dir='ltr'>spe,</span> <span class='ocrx_word' id='word_1_250' title='bbox 1388 2714 1555 2770; x_wconf 87' lang='lat' dir='ltr'>alium</span> <span class='ocrx_word' id='word_1_251' title='bbox 1579 2715 1768 2790; x_wconf 76' lang='lat' dir='ltr'>gioria,</span> 
     </span>
     <span class='ocr_line' id='line_1_34' title="bbox 172 2787 1663 2864; baseline 0 -20"><span class='ocrx_word' id='word_1_252' title='bbox 172 2798 382 2846; x_wconf 83' lang='lat' dir='ltr'>cunctos</span> <span class='ocrx_word' id='word_1_253' title='bbox 403 2787 639 2864; x_wconf 89' lang='lat' dir='ltr'>alloquio</span> <span class='ocrx_word' id='word_1_254' title='bbox 657 2799 709 2847; x_wconf 89' lang='lat' dir='ltr'>et</span> <span class='ocrx_word' id='word_1_255' title='bbox 726 2808 853 2847; x_wconf 83' lang='lat' dir='ltr'>cura</span> <span class='ocrx_word' id='word_1_256' title='bbox 873 2788 1090 2863; x_wconf 87' lang='lat' dir='ltr'>sibique</span> <span class='ocrx_word' id='word_1_257' title='bbox 1114 2798 1164 2845; x_wconf 87' lang='lat' dir='ltr'>et</span> <span class='ocrx_word' id='word_1_258' title='bbox 1181 2788 1382 2863; x_wconf 88' lang='lat' dir='ltr'>proelio</span> <span class='ocrx_word' id='word_1_259' title='bbox 1401 2788 1663 2846; x_wconf 78' lang='lat' dir='ltr'>firmabat.</span> 
     </span>
    </p>
   </div>
  </div>
 </body>
</html>
