2081 3038
302 213 405 269 22⁰
776 216 1427 263 msToRIARUM
1629 210 1900 284 (mesu.

299 336 463 389 neque
488 334 641 373 arma
659 321 771 373 sine
788 321 1078 386 stipendiis,
1107 335 1271 387 neque
1288 322 1550 387 stipendia
1565 323 1678 375 sinc
1700 324 1908 376 tributis

299 396 480 447 haberi
493 402 704 462 queunt.
788 392 971 449 Cetera
989 398 1047 449 in
1068 399 1322 449 communi
1339 399 1448 449 sita
1465 404 1602 449 sunt.
1667 396 1780 463 Ipsi
1793 400 1908 463 ple-

297 486 517 537 rumque
538 471 820 537 leyionibus
836 473 1031 525 nostris
1043 472 1355 537 praesidetis
1367 489 1385 523 .·
1424 474 1530 537 ipsi
1555 474 1650 525 has
1669 474 1926 561 aliasque.

295 547 598 611 provincias
634 548 829 613 regitis.
908 544 1056 601 Nihil
1099 553 1402 612 separatum
1452 548 1763 601 clausumve.
1840 547 1905 601 Et

299 622 633 675 laudatorum
657 623 957 687 principum
984 636 1112 673 usus
1139 637 1208 675 σω
1242 637 1425 690 aequo,
1458 625 1696 689 quamvis
1716 625 1908 689 procul

298 698 597 763 aqentibus:
634 699 779 751 saeui
794 698 1056 763 proximis
1079 699 1346 763 inqruunt.
1429 694 1692 761 Quomodo
1707 699 1906 751 sterili-

299 778 456 827 tatem
483 778 577 826 aut
604 774 791 825 nimios
818 773 1007 825 imbres
1033 778 1084 824 et
1105 778 1276 825 cetera
1295 778 1520 826 naturae
1539 774 1698 834 mala,
1725 777 1800 827 ita
1822 775 1902 825 lu-

233 872 244 881 ‘
296 862 427 901 <cum
444 848 526 900 vel
543 849 829 902 avaritiam
857 848 1234 899 dominantium
1253 848 1482 901 tolerate.
1570 846 1710 901 Vitia
1734 857 1902 905 erunt.

297 924 457 977 donec
484 923 741 977 homines:
776 923 867 977 sed
894 938 1059 989 neque
1087 923 1212 975 hacc
1242 925 1505 984 continua,
1544 930 1598 975 ct
1634 924 1904 977 meliorum

296 1000 587 1051 interventu
617 1002 924 1063 pensantur.
1001 995 1124 1050 Nisi
1159 1000 1310 1065 forte,
1357 997 1544 1051 Tutore
1581 1004 1630 1050 et
1673 996 1904 1053 Classico

297 1074 649 1140 regnantibus,
678 1073 997 1125 moderatius
1024 1074 1299 1140 imperium
1325 1076 1580 1139 speratis.-
1617 1079 1712 1126 aut
1736 1077 1908 1127 mino-

295 1148 457 1209 ribus,
482 1162 637 1213 quam
657 1161 811 1205 nunc,
834 1147 1045 1199 tributis
1057 1148 1392 1213 parabuntur
1414 1151 1692 1209 exercitus,
1719 1150 1908 1216 quibus

300 1220 549 1275 Germani
570 1220 914 1287 Britannique
930 1231 1233 1276 arceantur.
1309 1221 1447 1277 Nam
1461 1226 1632 1289 pulsis
1649 1220 1809 1293 (quod
1829 1228 1912 1277 dii

291 1292 615 1366 prohibeant)
652 1295 915 1358 Romanis,
956 1300 1082 1365 quid
1117 1299 1286 1359 aliud,
1325 1314 1484 1365 quam
1514 1300 1648 1353 bella
1675 1304 1904 1353 omnium

294 1375 431 1424 inter
448 1387 503 1424 se
520 1374 749 1440 yentium
767 1370 1056 1427 cmsistent?
1079 1370 1499 1439 octingentorum
1519 1390 1775 1429 annorum
1790 1378 1902 1441 sor-

296 1454 422 1501 tuna
448 1448 829 1514 disciplinaque
847 1463 1115 1517 compayes
1133 1449 1260 1503 haec
1281 1449 1490 1510 coaluit,
1510 1465 1643 1517 quae
1663 1452 1901 1511 convelli,

292 1527 403 1576 sinc
432 1527 607 1580 exitio
624 1525 1027 1586 convellentium,
1059 1540 1162 1576 non
1177 1531 1359 1590 potest.
1439 1523 1541 1579 Sed
1559 1527 1701 1578 vobis
1723 1531 1906 1580 maaei-
1970 1544 1977 1548 ·

290 1615 431 1652 mum
466 1601 763 1659 discrimen,
796 1615 955 1665 penes
974 1615 1102 1666 quos
1125 1615 1317 1652 aurum
1348 1607 1396 1654 ct
1421 1615 1557 1666 opes,
1581 1605 1906 1667 praecipuae

292 1674 541 1725 bellorum
563 1689 794 1730 caussae.
871 1673 1094 1727 Proinde
1106 1691 1290 1740 pacem
1309 1683 1358 1730 et
1375 1677 1570 1736 urbem,
1597 1672 1754 1742 quam
1774 1681 1904 1730 victi

289 1751 613 1815 victoresque
638 1750 809 1802 eodem
837 1751 952 1802 iure
980 1751 1281 1811 obtinemus,
1323 1758 1513 1814 amate,
1539 1753 1702 1804 colite.
1783 1751 1904 1804 Mo·

292 1831 446 1876 neant
465 1839 556 1877 vos
566 1826 837 1891 utriusque
852 1827 1095 1892 fortunae
1105 1827 1426 1887 documenta,
1440 1841 1503 1880 ne
1521 1832 1904 1883 contumaciam

292 1915 407 1952 cum
434 1902 683 1966 pernicie,
717 1914 873 1966 quam
903 1901 1198 1966 obsequium
1229 1917 1345 1956 cum
1362 1905 1658 1964 securitate,
1682 1903 1900 1956 malitis.

292 1971 405 2028 Tali
434 1973 668 2028 oratione
686 1971 929 2044 graviora
956 1980 1254 2029 metuentes
1279 1976 1579 2045 composuit
1597 1977 1896 2047 erexitque.

399 2048 491 2115 75.
529 2047 864 2104 Tenebantur
884 2047 1081 2104 victore
1101 2050 1333 2104 exercitu
1353 2050 1902 2114 Treveri‚eum‹Civi-

290 2120 359 2176 lis
387 2130 439 2178 et
468 2121 737 2181 Classicus
765 2122 959 2180 misere
979 2124 1047 2178 ad
1067 2123 1327 2180 Cerialem
1350 2124 1619 2197 epistolas,
1663 2143 1899 2198 quarum

287 2196 419 2252 haec
454 2197 710 2256 sententia
751 2195 877 2256 fuit:
930 2200 1315 2266 Vespasianum,
1347 2217 1664 2270 quamquam
1689 2209 1904 2258 'nuntios

289 2275 625 2336 occultarent,
648 2278 929 2330 excessisse
948 2279 1058 2330 vita
1068 2296 1087 2343 ;
1125 2279 1302 2332 urbem
1323 2285 1480 2344 atque
1497 2278 1714 2334 Italiam
1734 2282 1901 2334 inter-

286 2365 354 2400 no
395 2350 525 2400 bello
566 2357 944 2417 consumptam‚·
983 2351 1225 2406 Muciani
1251 2368 1316 2404 ac
1343 2351 1632 2406 Domitiani
1668 2369 1814 2408 vana
1853 2362 1901 2404 et

285 2424 397 2474 sine
426 2424 626 2474 viribus
652 2428 879 2476 nomina.
958 2423 1027 2478 Si
1051 2424 1272 2479 Cerialis
1299 2429 1572 2493 imperium
1598 2425 1901 2480 Galliarum

285 2497 424 2556 velit,
448 2501 588 2561 ipsos
606 2498 793 2563 finibus
814 2501 1084 2554 civitatum
1109 2517 1326 2554 suarum
1347 2509 1636 2567 contentos;
1675 2505 1726 2553 si
1738 2518 1900 2568 proe-

288 2569 415 2619 lium
444 2571 637 2631 mallet,
667 2588 731 2627 ne
758 2575 814 2626 id
833 2577 1037 2640 quidem
1060 2577 1300 2630 abnuere.
1377 2573 1462 2628 Ad
1479 2590 1542 2628 ea
1562 2572 1786 2630 Cerialis
1809 2575 1900 2630 Ci-

288 2638 382 2692 vili
423 2649 473 2694 et
509 2641 743 2701 Classico
782 2645 948 2701 nihil:
992 2663 1137 2711 eum,
1179 2647 1280 2718 qui
1316 2647 1595 2713 adtulerat,
1636 2648 1898 2721 ipsasque

286 2712 533 2780 epistolas
554 2715 621 2772 ad
640 2717 1001 2778 Domitianum
1021 2721 1188 2776 misit.
1257 2722 1461 2788 Hostes
1484 2721 1678 2780 divisis
1697 2725 1894 2798 copiis.
