2081 3038
180 217 419 295 μακε.)
593 227 749 274 mn.
788 223 881 274 ιν.
924 226 1101 274 cAP.
1144 227 1386 274 ιιι-43.
1690 223 1788 278 ⁴69

178 334 443 402 increpat,
488 326 747 386 extollens
786 327 1038 382 laudibus
1067 328 1304 398 quietem
1329 337 1382 384 et
1410 326 1785 386 solitudinem:

178 405 314 480 quis
345 404 534 460 abesse
560 402 733 460 taedia
757 410 809 458 et
835 401 1173 468 offensiones,
1213 419 1276 457 ac
1301 403 1588 476 praecipua
1606 421 1788 462 rerum

182 479 424 537 maxime
442 477 653 554 agitari.

299 557 385 612 42.
424 553 504 610 Ac
524 551 657 608 forte
674 549 853 607 habita
872 568 968 624 per
988 549 1111 606 illos
1129 550 1245 607 dies
1263 550 1331 606 de
1347 550 1569 609 Votieno
1585 553 1791 610 Monta-

186 649 277 697 no,
300 629 527 686 celebris
549 628 604 683 in
644 628 752 683 enii
770 627 906 692 viro,
1072 627 1168 682 itio
1215 634 1552 682 cunctantem
1571 629 1681 684 iam
1699 629 1792 686 Ti-

186 703 403 761 berium
442 720 616 776 perpu
637 699 696 767 it,
735 710 797 757 ut
832 702 979 758 vitan
1014 719 1077 758 os
1111 701 1345 758 crederet
1370 709 1586 774 patrum
1613 711 1791 758 coetus

192 795 475 852 vocesque,
495 795 635 852 quae
656 776 976 849 plerumque
992 793 1149 835 verae
1167 785 1218 832 et
1233 793 1428 852 graves
1444 794 1622 833 coram
1641 777 1795 852 inge-

188 856 464 910 rebantur.
542 853 698 918 Nam,
728 851 991 925 postulato
1019 854 1242 910 Votieno
1267 853 1337 910 ob
1365 850 1715 910 contumelias
1737 853 1792 908 in

190 927 470 985 Caesarem
502 927 687 994 dictas,
720 929 867 984 testis
898 927 1185 996 Aemilius,
1223 945 1254 984 e
1283 927 1609 985 militaribus
1636 928 1789 994 viris,

188 1004 324 1060 dum
344 1004 520 1060 smdio
537 1003 799 1078 probandi
818 1012 1007 1060 cuncta
1026 1003 1204 1070 refert,
1218 1012 1286 1070 et,
1299 1019 1636 1078 quamquam
1656 995 1794 1058 inter

186 1080 569 1152 obstrepentes,
602 1096 795 1154 magna
823 1079 1220 1136 adseveratione
1245 1080 1453 1146 nititur,
1475 1079 1684 1135 audivit
1702 1079 1794 1133 Ti-

188 1155 373 1214 berius
390 1155 603 1227 probra,
624 1155 751 1228 quis
769 1172 865 1227 per
882 1155 1154 1210 occultum
1177 1153 1524 1222 lacerabatur,
1556 1153 1793 1228 adeoque

186 1229 469 1304 perculsus
496 1237 595 1297 est,
630 1238 690 1287 ut
716 1247 770 1285 ae
796 1233 879 1285 vel
901 1235 1097 1295 atatim,
1117 1232 1200 1286 vel
1216 1236 1272 1287 in
1291 1235 1579 1301 counitione
1591 1247 1794 1300 parqu-

189 1305 723 1374 turumfficlamitaren
763 1304 1124 1378 precibusque
1145 1305 1537 1378 proximorum,
1565 1304 1794 1374 adulati-

186 1399 289 1440 one
306 1382 573 1446 omnium,
600 1396 758 1454 aegre
776 1388 1114 1454 componeret
1128 1380 1393 1436 animum.
1451 1381 1521 1434 Et
1537 1379 1793 1436 Votienus

188 1456 413 1533 quidem
451 1455 745 1512 maiestatis
780 1455 970 1527 poenis
1007 1451 1246 1510 adfectus
1283 1461 1391 1510 est:
1433 1453 1625 1510 Caesar
1649 1454 1796 1509 obie-

190 1542 329 1589 ctam
355 1532 461 1587 sibi
490 1530 749 1587 adversus
778 1547 895 1585 reos
923 1528 1321 1585 inclementiam
1359 1546 1422 1585 eo
1456 1529 1796 1601 pei-vivacius

190 1605 493 1681 amplexus,
524 1602 820 1678 Aquiliam,
850 1602 1100 1659 adulterii
1126 1603 1353 1659 delatam
1381 1620 1507 1659 cum
1527 1604 1687 1659 Vario
1706 1604 1797 1657 Li-

190 1700 343 1757 gure,
366 1696 699 1754 quamquam
710 1678 976 1735 Lentulus
984 1679 1317 1746 Gaetulicus,
1339 1678 1525 1736 consul
1546 1678 1796 1753 designa-

194 1766 301 1823 tus,
325 1754 441 1831 lege
466 1753 599 1810 lulia
616 1753 939 1821 damnasset,
950 1752 1143 1815 exsilio
1161 1756 1404 1829 punivit:
1427 1754 1796 1829 Apidiumque

194 1829 475 1899 Merulam,
506 1834 643 1900 quod
669 1834 725 1887 in
753 1841 876 1886 acta
898 1835 949 1885 d.
981 1832 1206 1901 Augusti
1230 1849 1335 1886 non
1359 1834 1648 1896 iuraverat,
1675 1828 1797 1885 albo

194 1906 453 1961 senatorio
476 1904 653 1961 erasit.

306 1982 387 2037 43.
429 1979 657 2035 Auditae
682 1976 877 2037 dehinc
904 1980 1442 2038 Lacedaemoniorum
1463 1988 1514 2035 et
1535 1978 1796 2037 Messeni-

193 2074 347 2112 orum
388 2052 696 2129 legationes,
734 2055 803 2110 de
836 2055 955 2111 iure
992 2055 1179 2130 templi
1216 2056 1414 2112 Dianae
1452 2054 1790 2120 LimnatidiS,

195 2130 338 2205 quod
357 2132 474 2187 suis
495 2148 525 2186 a
546 2130 859 2196 maioribus,
887 2148 1095 2204 suaque
1113 2133 1171 2187 in
1191 2140 1327 2187 terra
1347 2130 1602 2196 dicatum,
1633 2131 1797 2184 Lace-

196 2206 458 2263 daemonii
488 2204 771 2262 firmabant
794 2206 1071 2262 annalium
1090 2208 1345 2263 memoria
1367 2214 1659 2277 vatumque
1679 2221 1796 2259 car-

200 2282 463 2339 minibus:
503 2280 599 2337 scd
619 2282 920 2338 Macedonis
944 2280 1335 2354 Philippi,cum
1358 2298 1468 2355 quo
1485 2280 1792 2344 bellassent,

186 2359 359 2413 armis
406 2356 736 2429 ademptum,
777 2374 839 2411 ac
872 2364 994 2429 post
1032 2354 1092 2413 C.
1113 2356 1353 2412 Caesaris
1391 2364 1443 2411 et
1475 2356 1548 2411 Μ.
1581 2355 1798 2411 Antonii

202 2433 453 2488 sententia
491 2432 780 2488 redditum.
860 2432 1054 2488 Contra
1085 2432 1366 2498 Messenii,
1406 2438 1626 2487 veterem
1661 2434 1798 2484 inter

204 2508 438 2564 Herculia
450 2516 685 2577 posteros
702 2511 1005 2564 divisionem
1020 2507 1354 2579 Peloponnesi
1369 2503 1654 2578 protulere,
1674 2522 1800 2559 suo-

202 2600 293 2653 que
309 2586 424 2653 rem·
432 2583 802 2638 Demheliatem
814 2588 1090 2653 ommia
1109 2600 1212 2653 quo
1229 2584 1286 2637 id
1303 2582 1590 2647 delubrum,
1615 2585 1799 2637 cessis-

202 2674 278 2713 σοι
314 2662 725 2729 ωοηδηιοηίαᾳηο
748 2664 861 2714 eiua
894 2662 976 2714 rei
1002 2660 1212 2727 sculpta
1234 2660 1387 2711 samis
1415 2664 1465 2709 et
1487 2674 1609 2711 aere
1619 2660 1800 2727 prisco

204 2749 419 2790 manere.
492 2732 688 2800 Quodsi
704 2744 900 2801 vatum,
920 2735 1195 2789 annalium
1215 2734 1286 2787 ad
1306 2736 1596 2789 testimonia
1614 2748 1800 2788 vocen-
