2081 3038
239 187 304 241 70
719 191 1376 244 insa-onmium
1568 185 1838 260 (A.1J.823.

239 311 362 348 rum
393 293 562 350 multo
592 313 813 350 suorum
836 312 1020 352 cruore
1040 293 1235 367 pulsus
1256 293 1510 350 Caecina:
1550 303 1605 350 et
1624 313 1729 350 nox
1747 311 1842 366 pa-

173 389 178 396 ·
238 367 420 424 randis
449 369 700 440 operibus
727 370 1029 441 adsumpta.
1109 368 1381 428 Vitelliani
1412 368 1623 442 pluteos
1648 379 1842 426 crates-

237 460 345 516 que
376 452 435 504 et„
452 445 635 500 vineas
663 444 1010 501 suffodiendis
1048 446 1241 510 muris,
1273 445 1718 518 protegendisque
1746 463 1831 516 op-

236 519 654 592 pugnatoribus:
713 518 998 575 Othoniani
1027 519 1190 575 sudes
1218 527 1269 574 et
1296 521 1570 577 inmensas
1598 519 1836 591 lapidum

237 610 298 648 ac
317 593 529 666 plumbi
547 597 794 667 aerisque
812 595 998 660 moleS,
1030 593 1424 667 perfringendis
1440 594 1840 666 obruendisque

236 667 501 736 hostibus,
525 670 834 743 expediunt.
916 670 1195 742 Utrimque
1213 669 1408 741 pudor,
1433 670 1705 742 utrimque
1722 669 1841 743 glo-

235 745 334 810 ria,
357 754 408 800 et
425 745 666 802 diversae
686 745 1093 809 exhortationeS,
1124 743 1252 800 hinc
1272 748 1526 813 leqionum
1547 754 1595 802 et
1620 746 1839 800 Germa-

233 824 344 874 uici
362 826 625 876 exercitus
643 825 820 883 robur,
841 820 966 874 inde
986 823 1219 874 urban-ae
1238 823 1457 874 militiae
1476 829 1523 874 et
1536 825 1839 888 praetoria·-

233 912 354 952 rum
394 900 680 951 cohortium
716 900 872 950 decus
910 893 1305 950 adtollentium:
1346 892 1428 948 illi
1467 903 1524 948 ut
1551 911 1757 964 segnem
1774 913 1839 950 ac

233 975 458 1026 desidem
485 979 535 1026 et
561 975 703 1026 circo
730 989 797 1024 ac
828 973 1044 1024 theatris
1066 977 1371 1038 conruptum
1390 972 1602 1024 militem
1611 988 1631 1038 ,·
1670 969 1729 1024 bi
1744 987 1839 1038 pe-

233 1050 502 1116 reyrinum
541 1054 590 1100 et
631 1054 902 1100 eaeternum
940 1044 1301 1117 increpabant.
1380 1043 1553 1100 Simul
1575 1043 1837 1102 Othonem

237 1137 298 1174 ac
306 1120 604 1184 Vitellium,
621 1119 942 1176 celebrantes
961 1118 1324 1192 culpantesve,
1343 1118 1682 1176 uberioribus
1702 1121 1841 1175 inter

235 1212 292 1248 se
311 1194 521 1265 probris
541 1212 706 1266 quam
728 1193 978 1249 laudibus
999 1194 1433 1250 stimulabantur.

343 1272 428 1326 22.
471 1268 708 1324 Vixdum
737 1277 848 1324 orto
875 1269 980 1336 die,
1010 1268 1169 1340 plena
1188 1269 1673 1344 propugnatoribus
1692 1288 1837 1330 moe·

233 1344 353 1398 nia:
404 1341 668 1418 fulgentes
699 1345 866 1402 armis
895 1345 1137 1416 virisque
1165 1345 1369 1416 campi,
1410 1345 1639 1402 densum
1675 1344 1865 1419 legio-.

235 1436 370 1474 num
396 1437 608 1494 agmen,
639 1436 826 1493 sparsa
854 1419 1179 1482 auxiliorum
1210 1437 1423 1485 manus,
1448 1419 1632 1475 altiora
1655 1438 1840 1477 muro-

233 1512 358 1551 rum
397 1495 604 1570 sagittis
643 1503 734 1551 aut
771 1497 918 1553 saxis
958 1497 1249 1557 incessere:
1292 1494 1549 1570 neglecta,
1588 1503 1683 1551 aut
1708 1513 1840 1552 aevo

232 1568 378 1626 fluxa
409 1572 652 1627 cominus
683 1571 918 1647 adgredi.
1000 1574 1255 1646 Ingerunt
1292 1572 1520 1643 desuper
1551 1570 1839 1633 Othoniani

233 1644 364 1717 pila,
387 1644 574 1702 librato
592 1648 765 1721 magis
791 1655 843 1705 et
869 1656 1008 1703 certo
1027 1648 1158 1712 icm,
1182 1646 1441 1703 adversus
1463 1655 1657 1707 temere
1676 1647 1840 1702 sube-

235 1729 392 1774 untes
413 1722 650 1777 cohortes
662 1724 1073 1789 Germanorum,
1088 1730 1243 1779 cantu
1266 1723 1422 1788 truci,
1437 1730 1487 1779 et
1506 1739 1657 1779 more
1667 1723 1841 1793 patrio

236 1795 396 1850 nudis
437 1798 767 1867 corporibus,
808 1815 970 1869 super
1000 1797 1253 1853 humeros
1282 1805 1430 1853 scuta
1456 1798 1835 1870 quatientium.

235 1871 604 1944 LegionariUS,
633 1872 829 1945 pluteis
857 1883 907 1927 ct
926 1873 1161 1927 cratibus
1178 1881 1367 1938 tectuS,
1392 1873 1607 1928 subruit
1630 1890 1839 1938 muros,

235 1947 455 2001 instruit
480 1965 746 2021 aggerem,
779 1948 994 2005 molitur
1023 1957 1221 2019 portas.
1302 1948 1491 2005 Contra
1522 1949 1839 2019 praetoriani

234 2022 520 2093 dispositos
549 2023 615 2077 ad
642 2023 697 2077 id
723 2024 904 2097 ipsum
925 2022 1152 2079 molares
1172 2024 1377 2097 ingenti
1402 2023 1635 2094 pondere
1652 2040 1715 2081 ao
1736 2022 1841 2079 tra-

234 2114 361 2171 gore
380 2097 717 2168 provolvunt.
801 2099 926 2153 l‘ars
951 2097 1301 2153 subeuntium
1321 2098 1527 2166 obruti;
1568 2116 1695 2169 pars
1714 2116 1841 2154 con·
1942 2160 1947 2165 ,

236 2172 330 2226 fixi
358 2182 408 2227 et
437 2188 756 2245 exsangueS,
785 2180 876 2227 aut
896 2172 1076 2239 laceri,
1104 2191 1227 2229 cum
1250 2181 1465 2245 augeret
1484 2181 1717 2247 stragem
1735 2182 1842 2229 tre·

235 2247 452 2319 pidatio,
487 2264 656 2320 eoque
685 2248 860 2307 acrius
890 2265 919 2302 e
945 2248 1229 2306 moenibus
1250 2249 1677 2314 vulnerarentur,
1698 2248 1841 2303 redi-

235 2338 341 2387 ere,
364 2320 583 2377 infracta
602 2324 838 2397 partium
860 2322 1017 2378 fama.
1058 2324 1126 2379 Et
1146 2322 1387 2389 Caecina,
1405 2322 1611 2393 pudore
1629 2331 1843 2395 coeptae

237 2404 432 2451 temere
459 2398 890 2473 oppugnationiS,
923 2416 990 2453 ne
1016 2398 1218 2455 inrisus
1249 2416 1311 2454 ac
1334 2416 1511 2455 vanus
1539 2398 1730 2453 iisdem
1754 2414 1842 2452 ca·-

237 2472 361 2524 stris
383 2472 661 2537 adsideret,
687 2474 898 2529 traiecto
922 2490 1113 2529 rursus
1133 2473 1292 2539 Pado,
1322 2472 1639 2528 Cremonam
1663 2482 1844 2543 petere

238 2544 480 2599 intendit.
511 2547 794 2603 Tradidere
818 2566 936 2605 sese
955 2548 1173 2605 abeunti
1194 2548 1452 2604 Turulius
1474 2546 1696 2603 Cerialis
1713 2564 1841 2602 cum

238 2617 608 2700 compluribus
635 2621 900 2691 classicis3
942 2632 993 2678 et
1011 2622 1183 2679 Iulius
1200 2624 1535 2697 Briganticus
1558 2636 1685 2679 cum
1704 2638 1845 2695 pau-

239 2705 318 2741 cis
355 2692 624 2761 equitum:
669 2696 760 2752 hic
783 2697 1080 2770 praefectus
1110 2698 1243 2765 alae,
1283 2700 1343 2753 in
1359 2697 1573 2755 Batavis
1590 2696 1839 2773 genitum
