2081 3038
544 223 965 279 mALoeus„
1010 224 1166 271 cAP.
1209 223 1290 269 33.
1334 223 1412 269 34.
1686 220 1784 274 333

180 344 308 382 ones
327 342 530 381 eorum.
612 323 951 397 Quamquam
984 325 1120 397 ipsis
1149 324 1354 380 artibus
1373 326 1787 383 inestexercita-

181 402 269 466 tio,
304 416 401 454 nec
428 400 721 473 quisquam
750 400 1021 472 percipere
1042 408 1112 454 tot
1131 400 1428 455 reconditas
1451 410 1542 456 aut
1561 411 1668 457 tam
1690 420 1788 458 va-

181 478 288 529 rias
318 491 403 529 res
431 483 619 547 potest,
653 475 759 530 nisi
788 483 848 529 ut
874 476 1125 530 scientiae
1146 476 1432 542 meditatio,
1457 478 1783 533 meditationi

185 549 404 605 facultas
424 592 437 615 ‚
470 549 705 605 facultati
733 551 817 605 vis
848 550 1182 623 eloquentiae
1213 551 1440 606 accedat.
1525 553 1621 605 Per
1647 570 1786 623 quae

182 623 487 699 conligitur,
521 626 762 681 eamdem
793 644 910 680 esse
929 627 1184 681 rationem
1207 633 1258 680 et
1275 626 1624 698 percipiendi,
1649 644 1787 697 quae

186 700 439 772 proferas,
472 709 523 755 et
547 700 867 773 proferendi,
911 719 1051 773 quae
1070 702 1392 773 perceperis.
1474 700 1598 766 Sed,
1630 702 1784 755 sicui

181 776 487 831 obscuriora
518 776 648 831 haec
667 776 935 843 videntur,
960 779 1120 849 isque
1145 778 1420 832 seientiam
1448 776 1514 831 ab
1533 778 1788 831 exercita-

184 853 325 907 tione
344 860 569 922 separat,
600 850 734 906 illud
766 860 903 906 certe
930 852 1204 918 concedet,
1236 853 1559 907 instructum
1591 860 1640 906 et
1674 850 1790 923 ple-

184 944 316 981 num
340 927 426 981 his
447 927 650 981 artibus
671 927 914 981 animum
937 926 1092 1001 longe
1111 928 1426 998 paratiorem
1447 928 1515 982 ad
1534 945 1622 982 eas
1637 944 1790 983 exer-

184 1002 455 1057 citationes
476 1011 785 1067 venturum,
808 1020 945 1075 quae
965 1005 1209 1075 propriae
1227 1011 1494 1059 oratorum
1516 1003 1784 1057 videntur.

296 1080 379 1133 34.
420 1079 563 1153 Ergo
603 1078 746 1150 apud
790 1080 1019 1134 maiores
1056 1086 1263 1134 nostros
1291 1078 1506 1133 iuvenis
1533 1078 1655 1143 ille,
1689 1080 1788 1151 qui

183 1152 295 1209 foro
322 1161 373 1209 et
400 1153 729 1227 eloquentiae
762 1156 1077 1226 parabatur,
1109 1154 1334 1210 inbutus
1362 1156 1471 1209 iam
1500 1155 1786 1210 domestica

182 1228 485 1301 disciplina,
539 1229 763 1285 refertus
819 1231 1058 1287 honestis
1095 1231 1320 1298 studiis,
1361 1230 1720 1287 deducebatur
1759 1248 1788 1285 a

183 1313 329 1375 patre
356 1304 438 1359 vel
460 1324 490 1359 a
508 1306 829 1377 propinquis
848 1310 916 1359 ad
936 1323 1062 1360 eum
1077 1308 1356 1370 oratorem,
1375 1309 1474 1378 qui
1489 1308 1786 1378 principem

183 1380 242 1433 in
268 1380 479 1433 civitate
496 1380 673 1434 locum
694 1379 981 1434 obtinebat.
1033 1381 1190 1435 Hunc
1210 1382 1418 1445 sectari,
1444 1381 1590 1435 hunc
1607 1399 1790 1451 prose-

185 1454 303 1528 qui,
332 1454 499 1509 huius
519 1452 773 1508 omnibus
791 1453 1116 1509 dictionibus
1139 1456 1412 1519 interesse,
1435 1455 1552 1509 sive
1572 1456 1626 1509 in
1648 1456 1788 1509 iud1-

185 1531 305 1595 cii5‚
334 1530 527 1586 sivein
548 1530 915 1595 concionibuS,
937 1530 1303 1594 adsuescebat,
1331 1531 1402 1584 ita
1422 1537 1482 1585 ut
1501 1530 1791 1587 altercatio-

186 1623 283 1660 nes
319 1623 537 1678 quoque
584 1606 851 1676 exciperet
889 1614 939 1660 et
970 1606 1166 1680 iurgiis
1197 1606 1493 1671 interesset,
1519 1615 1685 1678 utque
1712 1605 1793 1661 sic

184 1681 435 1747 dixerim,
460 1698 701 1755 pugnare
725 1681 781 1735 in
803 1681 1003 1752 proelio
1024 1680 1269 1735 disceret.
1349 1682 1578 1754 Magnus
1599 1699 1665 1736 ex
1692 1682 1791 1736 hoc

186 1774 341 1822 usu5‚
358 1756 592 1811 multum
612 1758 954 1822 constantiae,
968 1756 1270 1828 plurimum
1293 1756 1480 1810 iudicii
1501 1758 1790 1812 iuvenibus

184 1833 363 1888 statim
399 1833 753 1906 contingebat,
786 1835 845 1887 in
880 1833 1056 1887 media
1086 1831 1204 1887 luce
1229 1832 1598 1898 studentibus,
1631 1842 1792 1904 atque

184 1909 323 1963 inter
351 1907 467 1978 ipsa
495 1908 827 1974 discrimina,
860 1909 957 1963 ubi
986 1925 1144 1964 nemo
1173 1909 1376 1980 inpune
1406 1907 1566 1962 stulte
1585 1905 1792 1978 aliquid
1866 1947 1878 1954 .

184 1991 277 2038 aut
303 1984 561 2038 contrarie
590 1984 737 2048 dicit,
769 2001 878 2056 quo
908 1985 1091 2039 minus
1121 1993 1171 2038 et
1195 1983 1360 2038 iudex
1385 1990 1601 2054 respuat
1629 1991 1680 2037 et
1697 1982 1792 2037 ad·-

184 2060 457 2116 versarius
484 2060 785 2131 exprobret,
826 2060 933 2130 ipsi
963 2060 1199 2131 denique
1236 2059 1472 2116 advocati
1502 2076 1791 2130 aspernen-

154 2137 159 2143 '
184 2144 311 2191 tur.
346 2136 514 2210 Igitur
533 2152 657 2190 vera
679 2135 858 2189 statim
878 2142 928 2189 et
946 2135 1262 2206 inconrupta
1285 2133 1791 2208 eloquentiainbue-

183 2211 405 2266 bantur:
474 2217 550 2274 et,
598 2228 930 2282 quamquam
976 2228 1148 2265 unum
1195 2219 1569 2282 sequerentur,
1617 2219 1789 2265 tamen

183 2303 370 2342 omnes
398 2284 641 2340 eiusdem
670 2287 852 2340 aetatis
879 2292 1128 2357 patronos
1157 2287 1212 2341 in
1235 2287 1488 2358 plurimis
1513 2295 1565 2340 et
1583 2288 1788 2341 caussis

186 2369 236 2416 et
251 2363 468 2417 iudiciis
506 2361 919 2435 cognoscebant:
982 2360 1354 2434 habebantque
1391 2363 1567 2433 ipsius
1604 2359 1788 2432 populi

184 2437 681 2492 diversissimarum
712 2437 927 2492 aurium
966 2437 1194 2509 copiam,
1219 2455 1284 2492 ex
1302 2455 1409 2510 qua
1433 2436 1583 2490 facile
1602 2436 1791 2505 depre-

185 2511 494 2579 henderent,
516 2513 651 2585 quid
670 2513 726 2567 in
750 2529 967 2585 quoque
986 2512 1068 2568 vel
1092 2512 1402 2583 probaretur
1430 2511 1514 2566 vel
1541 2510 1792 2582 displice-

187 2595 283 2642 ret.
364 2589 436 2644 Ita
488 2605 585 2644 nec
628 2595 935 2661 praeceptor
972 2588 1168 2653 deerat,
1208 2589 1444 2658 optimus
1481 2586 1701 2658 quidem
1741 2595 1791 2642 et

188 2662 563 2730 electissimuS,
605 2666 703 2738 qui
732 2663 918 2718 faciem
961 2663 1320 2736 eloquentiae,
1361 2680 1467 2718 non
1498 2662 1788 2737 imaginem

186 2747 499 2810 praestaret:
546 2758 643 2796 nec
674 2740 964 2796 adversarii
990 2747 1042 2795 et
1077 2739 1272 2795 aemuli
1307 2737 1470 2804 ferro,
1508 2757 1612 2795 non
1640 2739 1790 2796 rudi-
