2081 3038
99 263 341 339 Δ.α.19.)
510 273 672 322 mn,
718 273 790 320 11.
831 274 933 320 cA
951 273 1005 320 P.
1049 272 1288 322 ται-τι
1537 257 1544 262 ’
1629 267 1696 322 93

100 376 244 431 denti
262 373 443 431 Sentio
460 375 742 432 concessit.
810 373 973 446 isque
990 371 1246 432 infamem
1266 372 1538 432 veneficiis
1555 390 1617 429 ea
1636 376 1696 430 in

100 451 373 524 provincia
392 458 445 505 et
460 448 743 504 Plancinae
759 463 1054 520 percaram,
1081 449 1296 504 nomine
1311 449 1614 516 Martinam,
1635 451 1696 505 in

104 527 287 582 urbem
309 525 488 590 misit,
516 521 911 595 postulantibus
928 523 1142 580 Vitellio
1161 541 1222 579 ac
1240 524 1465 580 Veranio
1481 525 1698 580 ceteris-
1753 542 1756 544 ’

98 613 207 674 que
220 642 234 666 ‚
266 601 363 672 qui
382 599 607 655 crimina
628 605 679 654 et
698 600 1087 655 accusationem
1101 640 1116 665 ,
1142 607 1420 672 tamquam
1437 599 1696 656 adversus

103 684 337 748 receptos
356 675 467 729 iam
486 691 623 740 reos,
644 673 997 731 instruebant.

211 753 297 806 75.
339 751 409 804 At
428 748 741 823 Agrippina,
764 765 1098 823 quamquam
1118 747 1325 805 defessa
1345 747 1494 806 luctu
1512 755 1565 804 et
1583 765 1698 804 cor-

99 841 228 899 pore
246 841 424 898 aegro,
436 825 679 880 omnium
700 832 896 890 tamen,
907 841 1048 897 quae
1065 823 1324 880 ultionem
1343 830 1695 889 morarentur,

99 899 408 966 intolerans,
428 898 701 954 adscendit
719 898 943 955 classem
962 916 1088 956 cum
1109 899 1382 956 cineribus
1393 898 1697 955 Germanici

102 983 155 1030 et
174 972 383 1044 liberis3
406 973 785 1030 miserantibus
804 975 1031 1042 cunctis,
1044 974 1190 1048 quod
1211 973 1408 1030 femina
1428 973 1700 1032 nobilitate

98 1051 375 1122 princepe,
404 1047 767 1122 pulcherrimo
786 1051 943 1107 modo
966 1051 1306 1106 matrimonio
1321 1092 1335 1116 ‚
1366 1053 1504 1105 inter
1536 1065 1700 1106 vene-

100 1125 266 1180 rantis
284 1125 650 1198 gratantisque
668 1123 873 1198 adspici
890 1125 1044 1182 solita
1059 1167 1073 1192 ‚
1095 1132 1226 1182 tuuc
1243 1125 1421 1180 feralis
1440 1124 1716 1198 reliquias·

98 1202 223 1255 sinu
246 1199 428 1266 ferret,
452 1200 650 1254 incerta
670 1199 889 1257 ultionis
902 1243 915 1268 ,
938 1201 1098 1257 anxia
1117 1200 1204 1256 sui
1223 1207 1275 1256 et
1292 1197 1494 1256 infelici
1512 1199 1698 1255 {ecun-

98 1275 257 1330 ‹litate
278 1275 515 1331 fortunae
533 1275 725 1330 totiens
740 1275 990 1332 obnoxia.
1053 1277 1300 1332 Pisonem
1319 1275 1534 1331 interim
1553 1273 1699 1347 apud

98 1344 268 1405 Cou'm
288 1346 523 1406 insulam
544 1351 768 1406 nuntius
792 1349 1107 1424 adsequitur
1121 1391 1135 1416 ,
1165 1351 1458 1408 excessisse
1475 1349 1699 1405 Germa-

98 1427 303 1481 uicum.
382 1423 503 1492 Quo
527 1425 938 1496 intemperanter
965 1433 1203 1498 accepto,
1233 1425 1406 1480 caedit
1429 1425 1696 1489 victimas,

101 1501 212 1556 adit
230 1498 455 1573 templa3
496 1515 675 1571 neque
692 1499 810 1571 ipse
827 1499 1089 1575 gaudium
1109 1499 1390 1555 moderans
1404 1541 1417 1565 ‚
1449 1506 1500 1556 et
1525 1501 1699 1573 magis

80 1576 449 1631 ·ins0}esoente
484 1573 735 1630 Plancina
750 1615 764 1640 ‚
814 1590 957 1648 quae
994 1572 1202 1631 luctum
1239 1574 1468 1629 amissae
1505 1574 1700 1630 sororis

100 1659 215 1706 tum
235 1650 477 1721 primum
494 1646 629 1704 laeto
646 1646 795 1704 cultu
815 1649 1060 1705 mutavit.

210 1727 298 1780 76.
339 1720 659 1781 Adfluebant
675 1724 1030 1792 centuriones,
1047 1723 1442 1797 monebantque
1455 1732 1698 1797 prompta

98 1800 181 1855 illi
220 1800 493 1871 legionum
520 1798 726 1855 studia:
766 1806 1022 1873 repeteret
1047 1799 1375 1873 provinciam
1391 1841 1406 1867 ,
1421 1824 1427 1827 ·’
1447 1816 1552 1855 non
1583 1800 1702 1871 iure

100 1874 331 1929 ablatam
350 1881 405 1928 et
430 1890 674 1930 vacuam.
752 1876 921 1949 Igitur
934 1917 948 1942 ,
986 1875 1123 1949 quid
1149 1874 1416 1951 agendum
1431 1915 1446 1941 ,
1485 1874 1700 1931 oonsul—

100 1950 260 2015 tanti,
302 1948 377 2007 M.
402 1948 526 2005 Piso
553 1948 698 2004 filius
721 1955 1108 2019 properandum
1135 1955 1194 2007 in
1217 1954 1398 2005 urbem
1421 1950 1694 2006 censebat:

98 2028 234 2080 nihil
250 2027 421 2079 adhue
440 2026 758 2092 inexpiabile
774 2030 1074 2091 admissum,
1084 2043 1248 2096 neque
1263 2028 1583 2095 suspiciones
1601 2029 1700 2080 im-

100 2102 317 2156 becillas
329 2141 342 2165 ,
374 2106 471 2154 aut
486 2102 673 2154 inania
686 2103 859 2169 famae
872 2104 1293 2168 pertimescenda.
1370 2100 1702 2156 Discordiam

99 2191 227 2244 crya
254 2174 620 2230 Gmmnicum
639 2176 757 2230 odio
776 2178 999 2245 fortasse
1014 2180 1251 2245 dignam,
1290 2192 1394 2230 non
1412 2191 1614 2245 poena.-
1653 2183 1702 2230 et

98 2254 423 2319 adeniptione
444 2253 751 2319 provinciae
786 2254 1114 2320 satisfactum
1147 2253 1390 2306 inimict's.
1471 2250 1620 2315 Quod
1651 2252 1700 2301 si

97 2329 477 2395 regrederetur,
499 2326 771 2381 obsistente
794 2324 990 2389 Sentio,
1012 2326 1166 2383 civile
1185 2328 1372 2380 bellum
1391 2328 1558 2393 incipi
1568 2343 1586 2379 .·
1608 2341 1703 2378 nec

98 2404 387 2455 duraturos
402 2402 461 2454 in
472 2403 715 2473 partibus
734 2403 1058 2456 centuriones
1073 2403 1385 2471 militesque,
1413 2402 1556 2469 apud
1575 2414 1704 2469 quos

97 2492 281 2531 recens
318 2480 649 2544 imperatoris
682 2480 771 2529 sui
806 2480 1082 2541 memoria,
1121 2484 1172 2533 et
1189 2480 1399 2547 penitus
1422 2478 1622 2545 infimus
1645 2478 1703 2529 in

104 2550 356 2605 Caesares
372 2566 523 2605 amor
535 2553 883 2619 praevaleret.

210 2626 299 2680 77.
340 2623 533 2681 Contra
550 2624 815 2682 Domitius
836 2624 1005 2691 Celer,
1017 2641 1086 2681 ex
1103 2625 1294 2681 intima
1313 2624 1430 2680 eius
1448 2624 1698 2692 amicitia,

97 2699 381 2757 disseruit:
412 2705 657 2757 utendum
675 2710 872 2757 eventu.
950 2701 1207 2764 Pisonem,
1227 2717 1332 2755 non
1349 2700 1580 2756 Sentium
1600 2700 1702 2770 Sy-

98 2781 217 2833 riae
231 2779 611 2847 praepositum:
646 2780 767 2834 huie
790 2783 962 2849 fasces
988 2784 1037 2832 et
1063 2779 1150 2831 ins
1159 2780 1448 2846 praetoris,
1482 2780 1602 2832 huic
1632 2779 1702 2831 le-
