2081 3038
225 237 272 280 ιι.
298 243 348 281 c.
369 223 464 296 53.)
631 232 767 276 mn.
810 231 936 276 ΧΠ.
980 232 1164 277 οΑΡ.-
1184 231 1425 277 57—59.
1730 220 1830 277 279

225 339 390 387 sti-em
413 329 480 385 ad
498 347 760 404 pugnam.
841 329 984 396 Quin
1007 338 1058 385 et
1076 331 1383 387 convivium
1402 373 1415 398 ,
1446 329 1662 388 effluvio
1682 327 1831 388 lacus

223 407 549 480 adpositum,
573 423 770 480 magn-a
790 403 1075 461 formidine
1094 413 1311 469 cunctos
1336 405 1552 476 adfecit3
1595 407 1725 480 quia
1745 408 1832 462 vis

223 498 488 554 aquarum
507 491 864 553 prorumpens
882 481 1128 553 proxima
1148 480 1413 546 trahebat,
1444 481 1719 538 convulsis
1746 482 1834 538 ul-

223 555 510 613 terioribus
525 598 538 622 ,
587 564 681 612 aut
725 555 932 630 fragore
978 564 1029 611 et
1074 555 1253 612 sonitu
1294 557 1575 612 exterritis.
1653 557 1829 614 Simul

224 632 539 706 Agrippina,
552 631 898 705 trepidatione
913 632 1177 704 principis
1192 647 1311 698 usa,
1326 631 1635 687 ministrum
1654 633 1831 705 operis

223 709 537 764 Narcissum
565 709 777 764 incusat
801 705 1074 780 cupidinis
1104 723 1167 762 ac
1190 707 1530 780 praedarum.
1609 708 1719 764 Nec
1735 705 1832 764 ille

224 784 433 850 reticet,
473 785 820 856 inpotentiam
858 781 1179 840 muliebrem
1219 782 1527 856 nimiasque
1564 789 1688 856 spes
1714 781 1833 840 eius

223 875 474 934 arguens.

331 973 418 1039 58,
458 967 522 1025 D.
545 970 698 1027 Iunio
712 1011 726 1035 ,
754 968 819 1036 Q.
843 969 1053 1026 Haterio
1072 985 1209 1024 coss.
1232 965 1467 1026 sedecim
1486 985 1655 1026 annos
1675 977 1833 1026 natus

223 1047 362 1102 Nero
381 1045 674 1111 Octaviam,
699 1045 940 1102 Caesaris
961 1044 1129 1100 filiam
1144 1086 1158 1111 ,
1180 1045 1239 1100 in
1258 1045 1662 1102 matrimonium
1684 1063 1835 1102 acce-

219 1123 317 1196 pit.
376 1118 551 1196 thue
571 1120 765 1177 studiis
784 1117 1022 1178 honestis
1042 1128 1094 1177 et
1116 1118 1450 1193 eloquentiae
1466 1120 1635 1196 gloria
1665 1121 1835 1177 enite-

224 1206 410 1264 sceret,
435 1195 624 1254 caussa
645 1194 926 1253 Iliensium
941 1203 1215 1270 suscepta,
1242 1197 1545 1254 Romanum
1565 1197 1719 1253 Troia
1738 1195 1833 1252 de-

223 1273 449 1330 missum
467 1314 482 1340 ,
527 1281 580 1328 et
605 1271 772 1328 Iuliae
800 1271 985 1344 stirpis
1020 1279 1289 1327 auctorem
1313 1269 1575 1338 Aeneam,
1616 1273 1831 1346 aliaque

220 1349 368 1405 haud
397 1348 582 1421 procul
610 1347 808 1404 fabulis
841 1356 1018 1403 vetera
1045 1345 1273 1402 facunde
1300 1357 1613 1414 exsecutus,
1640 1366 1832 1421 perpe-

222 1432 348 1490 trat,
403 1419 463 1480 ut
499 1421 719 1479 Ilienses
766 1423 914 1479 omni
958 1419 1176 1493 publico
1214 1437 1439 1478 munere
1474 1422 1825 1479 solverentur.

221 1499 421 1555 Eodem
441 1501 642 1557 oratore
661 1490 983 1554 Bononiensi
1002 1494 1267 1562 coloniae,
1290 1497 1405 1571 igni
1428 1497 1674 1563 haustae,
1698 1499 1832 1555 sub-

221 1582 444 1630 ventum
473 1572 671 1629 centies
698 1572 927 1629 sestertii
955 1570 1254 1646 largitione.
1332 1572 1590 1628 Redditur
1610 1574 1831 1631 Rhodiis

223 1647 440 1705 libertas
457 1690 470 1717 ,
493 1648 738 1719 adempta
757 1664 916 1719 saepe
936 1654 1028 1703 aut
1045 1646 1253 1701 firmata
1266 1687 1280 1712 ‚
1302 1656 1463 1719 prout
1478 1647 1637 1705 bellis
1656 1658 1831 1707 exter-

223 1726 312 1781 nis
333 1722 654 1789 meruerant,
677 1730 770 1778 aut
786 1722 932 1779 domi
952 1720 1212 1779 seditione
1226 1720 1581 1795 deliquerant.
1636 1723 1831 1779 Tribu-

224 1811 448 1871 tumque
467 1798 882 1871 Apamensibus,
909 1804 1077 1855 terrae
1096 1804 1244 1855 motu
1264 1798 1559 1867 convulsis,
1588 1800 1649 1857 in
1665 1800 1830 1872 quin-‚-

223 1875 524 1949 quennium
551 1871 860 1929 remissum.

331 1992 417 2047 59.
461 1990 530 2046 At
545 1988 804 2047 Claudius
833 1990 1147 2053 saevissima
1174 1998 1422 2064 quaeque
1448 2006 1691 2063 promere
1716 1992 1831 2047 adiss

221 2068 446 2142 gebatur
475 2065 716 2123 eiusdem
746 2064 1075 2141 Agrippinae
1112 2066 1317 2123 artibus
1335 2108 1349 2132 ,
1391 2082 1531 2139 quae
1559 2064 1829 2123 Statilium

222 2146 462 2199 Taurum
480 2185 493 2209 ‚
521 2142 718 2215 opibus
743 2142 1028 2197 inlustrem
1045 2184 1057 2207 ,
1090 2141 1255 2198 hortis
1274 2142 1399 2198 'eius
1426 2140 1673 2207 inhianS,
1708 2159 1850 2215 per-—

223 2221 406 2285 vertit,
439 2224 719 2275 accusante
738 2216 1014 2291 Tarquitio
1032 2218 1231 2273 Prisco.
1311 2218 1541 2294 Legatus
1570 2218 1619 2273 is
1644 2215 1827 2284 Tauri,

222 2293 454 2352 Africam
477 2296 702 2367 imperio
721 2290 1087 2366 proconsulari
1109 2293 1359 2368 regentis,
1373 2302 1659 2367 postquam
1681 2310 1830 2350 reve-

223 2378 428 2446 nerunt,
449 2380 619 2443 pauca
641 2369 1058 2443 repetundarum
1080 2368 1325 2435 crimina,
1339 2378 1573 2425 ceterum
1596 2370 1831 2447 magicas

221 2448 626 2521 superstitiones
642 2446 954 2503 obiectabat.
1033 2445 1144 2500 Nec
1171 2444 1263 2500 ille
1290 2443 1497 2501 diutius
1524 2441 1719 2501 falsum
1744 2464 1832 2501 ac-

221 2531 518 2579 cusatorem
555 2520 915 2597 indignusque
954 2519 1136 2576 sordes
1175 2537 1464 2593 perpessus
1480 2563 1493 2587 ,
1534 2521 1650 2577 vim
1694 2520 1830 2577 vitae

223 2608 352 2656 suae
380 2596 600 2665 adtulit,
633 2606 752 2655 ante
769 2596 1086 2653 sententiam
1106 2602 1341 2651 senatus.
1422 2596 1732 2671 Tarquitius
1752 2606 1832 2653 ta-

225 2682 346 2731 men
365 2675 513 2731 curia
534 2678 750 2731 exactus
770 2680 877 2730 est:
902 2671 1049 2747 quod
1066 2679 1263 2747 patres,
1276 2670 1397 2731 odio
1416 2670 1682 2742 delatoris,
1704 2692 1835 2750 con-‚

223 2760 300 2811 tra
320 2751 582 2809 ambitum
603 2749 930 2829 Agrippinae
953 2748 1247 2826 pervicere.
