2081 3038
292 231 401 286 ⁴24
854 237 1098 282 ANNA
1119 235 1334 282 ntum
1622 225 1690 301 (A.
1717 234 1904 284 mm.

288 339 615 402 obiecerant,
662 344 965 392 arcuerunt.
1047 337 1491 410 Praemissusque
1529 353 1656 390 cum
1695 335 1904 393 delecta

291 431 455 470 manu
476 410 649 467 Iulius
669 411 835 468 Indus
850 454 865 478 ,
898 429 927 468 e
945 412 1160 468 civitate
1177 412 1359 468 eadem
1378 453 1392 478 ‚
1413 412 1619 467 disoers
1639 410 1796 467 Floro
1810 451 1824 476 ‚
1845 419 1908 466 et

289 489 359 546 oh
378 486 435 544 id
456 487 731 544 navandae
748 504 937 560 operae
964 487 1171 543 avidior
1185 529 1199 554 ‚
1235 487 1564 543 inconditam
1591 485 1906 542 multitudi-

291 581 417 628 nem
444 563 621 618 adhuc
644 562 873 618 disiecit.
951 561 1143 618 Florus
1172 563 1389 618 incertis
1419 561 1633 618 latebris
1669 563 1904 617 victores

292 639 577 695 frustratus
592 679 607 704 ,
628 645 897 711 postremo
909 679 922 703 ‚
946 637 1082 692 visis
1102 637 1370 694 militibus
1385 678 1399 704 ,
1419 637 1518 710 qui
1537 635 1734 712 effugia
1751 636 1908 692 inse-

292 715 503 781 derant,
546 729 647 768 sua
673 730 839 769 manu
864 712 1072 769 cecidit.
1151 713 1312 786 Isque
1338 712 1604 769 Treverici
1631 711 1907 768 tumultus

294 791 438 846 finis.

408 867 494 922 43.
532 862 695 936 Apud
711 861 925 919 Aeduos
944 864 1114 919 maior
1132 861 1300 920 moles
1319 871 1517 930 exorta,
1539 869 1740 936 quanto
1765 863 1911 918 civi-

296 950 376 996 tas
421 938 721 1012 opulentior
734 979 749 1004 ,
796 945 851 994 et
893 939 1282 1010 comprimendi
1321 938 1504 1010 procul
1545 937 1902 1010 praesidium.

295 1014 747 1089 Augustodunum
764 1053 779 1078 ‚
810 1021 971 1084 caput
996 1016 1174 1088 gentis
1191 1055 1204 1080 ‚
1235 1015 1454 1070 armatis
1482 1013 1787 1070 cohortibus
1805 1011 1910 1068 Sa—

296 1090 471 1146 crovir
495 1095 871 1160 occupaverat,
904 1096 955 1143 et
980 1089 1374 1146 nobilissimam
1403 1088 1702 1145 Galliarum
1737 1089 1911 1144 subo-

298 1165 403 1220 lem
419 1204 433 1229 ,
476 1162 789 1218 liberalibus
818 1163 1015 1219 studiis
1040 1164 1118 1220 ibi
1145 1171 1440 1237 operatam,
1481 1171 1544 1220 ut
1579 1181 1643 1219 eo
1679 1165 1911 1238 pignore

298 1245 540 1312 parentes
559 1239 1001 1311 propinquosque
1018 1256 1205 1295 eorum
1225 1239 1554 1314 adiungeret.
1621 1237 1796 1294 Simul
1817 1257 1912 1292 ar-

299 1331 406 1379 ma,
428 1313 631 1370 occulte
650 1312 919 1379 fabricata,
943 1315 1209 1371 iuventuti
1228 1314 1490 1388 dispertit.
1541 1312 1910 1388 Quadraginta

298 1387 470 1446 millia
488 1387 636 1444 fuere
650 1430 665 1455 ‚
696 1389 885 1461 quinta
904 1390 993 1444 sui
1012 1398 1162 1461 parte
1183 1389 1488 1464 legionariis
1507 1391 1702 1457 armis;
1743 1389 1910 1444 ceteri

297 1481 425 1530 cum
443 1463 728 1521 venabulis
746 1471 798 1519 et
816 1463 1003 1521 cultris
1018 1507 1033 1531 ‚
1064 1481 1314 1540 quaeque
1337 1464 1439 1521 alia
1461 1465 1782 1522 venantibus
1803 1463 1908 1518 tela

298 1548 445 1598 sunt.
522 1539 809 1596 Adduntur
827 1558 856 1596 e
875 1542 1110 1597 servitiis
1128 1540 1456 1617 gladiaturae
1473 1542 1721 1597 destinati
1737 1582 1750 1606 ‚
1778 1542 1914 1613 qui-

296 1619 403 1675 bus
422 1633 571 1672 more
588 1616 798 1690 gentico
816 1618 1130 1672 continuum
1154 1616 1279 1671 ferri
1299 1617 1559 1690 tegimen3
1603 1614 1912 1687 cruppella-

298 1695 406 1748 rios
434 1699 652 1757 vocant,
694 1690 985 1746 inferendis
1016 1692 1212 1747 ictibus
1246 1691 1540 1758 inhabiles,
1583 1690 1912 1762 accipiendis

299 1764 749 1837 impenetrabiles.
826 1763 1176 1839 Augebantur
1213 1766 1312 1821 hae
1350 1767 1559 1838 copiae,
1601 1767 1910 1821 vicinarum

298 1841 576 1895 civitatum
592 1880 605 1905 ‚
638 1847 699 1897 ut
724 1839 967 1895 nondum
994 1849 1172 1913 aperta
1202 1843 1550 1899 consensione
1565 1884 1578 1907 ‚
1607 1842 1682 1896 ita
1701 1842 1910 1895 viritim

300 1914 561 1987 promptis
598 1914 793 1969 studiis
808 1956 823 1980 ,
864 1922 917 1969 et
952 1917 1240 1972 certamine
1275 1916 1475 1972 ducum
1521 1918 1908 1983 Romanorum,

300 1995 439 2062 quos
456 1991 596 2045 inter
613 1989 1010 2064 ambigebatur3
1043 2000 1272 2065 utroque
1287 1990 1490 2048 bellum
1511 1992 1616 2047 sibi
1637 1998 1906 2065 poscente.

299 2068 424 2121 Mox
442 2065 628 2131 Varro,
650 2064 925 2121 invalidus
945 2075 1176 2133 senecta,
1200 2068 1402 2141 vigenti
1422 2066 1556 2124 Silio
1579 2068 1860 2123 concessit.

414 2142 498 2197 44.
538 2140 609 2196 At
634 2141 859 2207 Romae,
888 2158 993 2196 non
1026 2143 1273 2198 Treveros
1305 2146 1456 2197 modo
1478 2151 1534 2207 ,at
1557 2144 1784 2205 Aeduos,
1805 2146 1915 2197 'sed

302 2224 530 2286 quatuor
548 2225 599 2271 et
614 2221 895 2287 sexaginta
919 2216 1220 2272 Galliarum
1239 2221 1476 2273 civitates
1493 2222 1795 2273 descivisse.-
1815 2222 1914 2271 ad-

298 2301 529 2360 sumptos
564 2296 625 2345 in
656 2290 953 2347 societatem
998 2292 1313 2348 Germanos.-
1363 2296 1553 2348 dubias
1594 2294 1912 2361 Hispanias.-

301 2374 520 2431 cuncta‚
560 2373 623 2422 ut
658 2383 775 2421 mos
814 2364 1016 2432 famae,
1057 2368 1116 2422 in
1155 2367 1331 2423 maius
1365 2366 1580 2423 credita.
1657 2366 1914 2439 Optimus

302 2442 559 2513 quisque,
583 2440 815 2513 reipubl.
838 2458 989 2507 cura,
1010 2442 1308 2512 maerebat3
1341 2441 1499 2497 multi
1517 2442 1641 2499 odio
1659 2458 1912 2515 praesen-

271 2517 469 2588 tium,
508 2524 562 2570 et
586 2515 841 2587 cupidine
866 2517 1206 2583 mutationis,
1249 2518 1366 2573 suis
1404 2534 1624 2591 quoque
1656 2516 1913 2590 periculis

304 2588 660 2647 laetabantur:
702 2591 1154 2665 increpabantque
1172 2591 1445 2647 Tiberium
1462 2634 1476 2657 ‚
1507 2598 1660 2662 quod,
1689 2598 1748 2647 in
1769 2602 1915 2647 tanto

305 2678 483 2715 rerum
516 2674 699 2729 motu.
732 2670 919 2723 libellis
952 2676 1320 2723 accusatorum
1359 2672 1636 2721 insumeret
1679 2685 1910 2736 ορατ-ατη.

304 2735 587 2795 Aulult'um
595 2738 937 2797 Sacrovirum
952 2747 1241 2799 maiestatis
1259 2745 1475 2797 crimine
1489 2758 1636 2795 reum
1655 2746 1712 2796 in
1729 2751 1912 2797 comta

2055 0 2058 102 Ν
