2081 3038
283 200 382 253 438
538 210 546 223 ’
763 202 1421 255 Hls'roRIARuu
1612 198 1889 273 (amau.

281 304 454 359 suerat
471 304 732 361 Caninius
750 306 990 372 Rebilus,
1013 306 1313 365 C.Caesare
1326 308 1597 374 dictatore,
1610 325 1736 363 cum
1760 308 1899 363 belli

279 378 458 435 civilis
478 381 714 453 praemia
734 379 1127 438 festinarentur.
1588 412 1605 427 ·

391 458 475 509 38.
519 456 650 511 Nota
677 473 773 527 per
799 474 888 513 eos
917 457 1033 513 dies
1063 458 1206 515 Iunii
1232 456 1405 514 Blaesi
1434 474 1579 514 mors
1608 466 1661 513 et
1682 457 1888 514 famosa

277 528 409 586 fuit:
451 530 518 585 de
555 548 664 602 qua
699 531 782 587 sic
819 534 1143 604 accepimus.
1224 533 1389 589 Gravi
1426 534 1662 605 corporis
1700 532 1889 590 morbo

279 621 434 679 aeger
453 605 701 662 Vitellius
729 606 1044 663 Servilianis
1080 608 1248 663 hortis
1285 610 1479 664 turrim
1509 610 1688 663 vicino
1724 608 1883 663 sitam

278 679 557 736 conlucere
583 699 678 753 per
707 690 912 737 noctem
941 684 1145 739 crebris
1164 682 1465 739 luminibus
1486 682 1882 739 animadvertit.

277 752 576 811 Sciscitanti
611 774 878 822 caussam,
917 763 1063 827 apud
1104 758 1379 814 Caecinam
1421 760 1641 813 Tuscum
1676 761 1890 825 epulari

276 835 480 897 multos,
500 837 841 900 praecipuum
865 835 1057 889 honore
1076 835 1285 889 Iunium
1302 834 1563 897 Blaesum,
1584 834 1883 889 nuntiatur.

279 904 461 961 Cetera
502 907 559 961 in
598 907 797 972 maius,
839 907 908 963 de
942 912 1211 977 adparatu
1238 917 1288 963 et
1312 910 1499 965 solutis
1525 913 1583 963 in
1611 911 1888 963 lasciviam

277 986 482 1037 animis.
562 982 671 1036 Nec
695 980 929 1047 defuere,
962 984 1061 1055 qui
1082 983 1264 1055 ipsum
1284 983 1522 1038 Tuscum
1540 989 1593 1037 et
1608 982 1763 1047 alios,
1784 982 1886 1037 sed

276 1056 620 1112 criminosius
639 1054 910 1123 Blaesum,
933 1059 1259 1123 incusarent,
1282 1062 1435 1127 quod,
1448 1075 1607 1127 asyro
1624 1062 1879 1132 principe,

278 1134 440 1185 laetos
465 1136 577 1185 dies
604 1142 796 1201 ageret.
873 1133 978 1189 Ubi
1005 1141 1309 1205 asperatum
1328 1131 1623 1198 Vitellium,
1650 1138 1704 1188 et
1720 1148 1887 1203 posse

275 1204 525 1261 Blaesum
545 1208 796 1278 perverti,
824 1208 956 1264 satis
973 1210 1146 1280 patuit
1159 1208 1251 1273 iis,
1272 1207 1370 1280 qui
1390 1208 1698 1280 principum
1714 1206 1889 1263 offen-

277 1297 365 1335 sas
385 1282 574 1337 acriter
593 1282 956 1354 speculantur,
979 1283 1131 1339 datae
1148 1283 1213 1339 L.
1229 1282 1442 1338 Vitellio
1458 1282 1738 1339 delationis
1756 1300 1888 1353 par-

277 1362 374 1411 tes.
453 1354 548 1411 Ille
595 1356 840 1415 infensus
875 1358 1061 1415 Blaeso
1104 1355 1457 1414 aemulatione
1498 1374 1692 1429 prava,
1733 1358 1887 1429 quod

277 1449 422 1497 eum,
433 1430 583 1488 omni
603 1432 858 1489 dedecore
873 1433 1229 1499 maculosum,
1242 1434 1454 1507 egregia
1473 1431 1614 1488 fama
1626 1430 1880 1498 anteibat,

277 1507 590 1564 cubiculum
619 1508 954 1582 imperatoris
982 1516 1200 1575 reserat,
1232 1508 1408 1564 filium
1438 1508 1556 1565 eius
1586 1508 1713 1564 sinu
1732 1525 1885 1564 com-

277 1582 470 1655 plexus
517 1592 569 1638 et
610 1585 844 1658 genibus
887 1585 1151 1641 accidens.
1231 1583 1491 1640 Caussam
1548 1581 1885 1640 confusionis

275 1659 571 1729 quaerenti,
595 1677 700 1714 non
716 1679 772 1716 se
782 1666 1003 1730 proprio
1019 1670 1175 1726 metu,
1196 1677 1289 1716 nec
1306 1665 1393 1716 sui
1406 1663 1647 1724 anxium,
1674 1663 1767 1713 sed
1779 1676 1887 1728 pro

273 1730 456 1797 fratre,
485 1751 586 1802 pro
616 1737 794 1792 liberis
817 1741 1024 1806 fratris,
1040 1753 1225 1804 preces
1250 1739 1595 1804 lacrimasque
1610 1737 1883 1791 adtulisse.

273 1808 502 1864 Frustra
529 1810 896 1878 Vespasianum
915 1815 1105 1877 timeri,
1128 1828 1277 1880 quem
1298 1819 1371 1866 tot
1392 1809 1733 1866 Germanicae
1750 1812 1889 1880 16ρί-

275 1901 412 1948 ones,
446 1893 518 1939 tot
541 1890 846 1953 provinciae
872 1891 1066 1942 virtute
1086 1903 1151 1941 ac
1178 1890 1293 1955 fide.
1319 1894 1521 1940 tantum
1536 1888 1755 1954 denique
1774 1894 1886 1942 tor-

273 1978 459 2014 rarum
497 1978 562 2014 ae
601 1966 766 2016 maris
792 1966 1039 2016 inmensis
1062 1966 1267 2030 spatiis,
1303 1969 1504 2016 arceat.
1580 1960 1647 2014 In
1669 1963 1801 2014 urbe
1816 1975 1886 2016 ac

273 2040 392 2089 sinu
421 2039 704 2090 cavendum
732 2039 938 2100 hostem,
969 2037 1148 2091 Iunios
1162 2036 1510 2104 Antoniosque
1528 2053 1655 2090 avos
1671 2039 1887 2090 iactan-

277 2119 390 2172 tem,
433 2114 526 2178 qui
561 2127 616 2164 se
653 2115 818 2179 stirpe
844 2114 1200 2180 imperatoria,
1242 2128 1432 2166 comem
1458 2128 1525 2165 ac
1550 2113 1886 2180 maqnificum

276 2187 542 2248 militibus,
575 2193 806 2241 ostentet.
893 2188 1079 2240 Versus
1106 2189 1234 2241 illuc
1264 2190 1491 2241 omnium
1516 2194 1723 2249 mentes,
1758 2189 1889 2239 dum

285 2260 533 2323 Vitellius,
565 2264 854 2314 amicorum
877 2266 1305 2331 inimicorumque
1334 2262 1607 2329 neyliqens,
1637 2265 1775 2328 (ovet
1788 2277 1887 2314 ae-

273 2337 486 2398 mulum,
506 2339 768 2404 principis
788 2339 988 2390 labores
1006 2353 1033 2390 e
1054 2341 1287 2391 convivio
1299 2343 1727 2404 prospectantem.
1749 2335 1889 2388 Rea-

273 2413 495 2462 dendam
519 2427 620 2478 pro
645 2415 998 2479 intempestiva
1028 2413 1231 2466 laetitia
1258 2419 1505 2465 moestum
1532 2417 1582 2464 et
1617 2411 1889 2478 funebrem

271 2493 486 2547 noctem,
512 2501 617 2554 qua
634 2491 769 2540 sciat
790 2496 838 2539 et
855 2491 1062 2549 sentiat,
1083 2490 1255 2540 vivere
1278 2487 1535 2540 Vitellium
1552 2493 1603 2540 et
1618 2486 1891 2552 imperare

273 2567 338 2620 et,
362 2562 411 2611 si
430 2563 556 2626 quid
575 2565 686 2629 [ato
703 2564 930 2624 accidat,
951 2563 1119 2628 filium
1136 2563 1335 2614 habere.

385 2635 470 2686 39.
514 2633 820 2705 Trepidanti
858 2635 994 2689 inter
1031 2632 1208 2688 scelus
1236 2640 1582 2706 metumque,
1624 2650 1691 2688 ne
1718 2632 1889 2690 dilata

277 2701 447 2758 Blaesi
475 2723 622 2763 mors
649 2718 913 2766 maturam
939 2709 1254 2782 perniciem,
1282 2708 1463 2782 palam
1482 2709 1631 2765 iussa
1650 2715 1889 2766 atrocem
