2081 3038
296 265 398 325 234
862 269 1336 324 ANNAan
1628 265 1911 342 (Α.υ.εοο.

299 395 424 434 nam
451 378 596 450 ipse,
629 377 1052 450 haudquaquam
1073 377 1161 434 sui
1187 376 1471 443 detractor,
1502 385 1667 432 unam
1686 393 1917 433 ommno

296 470 528 530 anguem
550 453 606 508 in
624 450 873 524 cubiculo
891 453 1087 520 visam,
1111 470 1324 509 narrare
1342 451 1533 510 solitus
1554 454 1651 508 e'st.

407 530 494 585 ⁴2.
533 519 736 585 Verum
756 525 1028 584 inclinatio
1049 524 1233 602 populi
1254 536 1545 602 supererat,
1565 546 1631 583 ex
1650 528 1914 586 memoria

297 601 605 660 Germanici
619 644 635 671 ‚
663 603 822 659 cuius
848 602 942 658 illa
968 602 1176 686 reliqua
1201 603 1415 659 suboles
1440 601 1635 660 virilis:
1678 611 1730 660 et
1750 603 1915 660 matri

293 677 623 752 Agrippinae
649 677 919 735 miseratio
946 679 1269 752 augebatur,
1299 676 1369 736 ob
1387 678 1665 734 saevitiam
1685 677 1914 735 Messal-

296 753 465 810 linae:
490 771 631 828 quae
644 771 858 827 semper
875 751 1087 821 infesta,
1110 759 1161 810 et
1180 761 1309 810 tunc
1326 753 1655 820 commotior,
1673 771 1783 828 quo
1804 755 1914 808 mi-

299 847 405 886 nus
423 837 654 886 strueret
672 829 900 885 crimina
919 836 970 884 et
989 835 1319 886 accusatores
1333 871 1347 896 ,
1370 847 1508 886 novo
1527 837 1579 884 et
1597 827 1764 885 furori
1783 845 1912 901 pro-

295 905 446 960 ximo
462 921 644 960 amore
661 903 1012 960 detinebatur.
1093 903 1230 960 Nam
1253 905 1311 960 in
1330 899 1390 960 C.
1414 901 1630 970 Silium,
1652 906 1912 962 iuventu-

296 979 364 1034 tis
391 980 659 1036 Romanae
684 978 1115 1052 pulcherrimum
1132 1021 1145 1046 ‚
1179 980 1250 1036 ita
1280 975 1573 1046 exarserat,
1610 987 1671 1036 ut
1693 981 1907 1034 Iuniam

295 1053 532 1112 Silanam
545 1096 561 1120 ‚
591 1053 828 1112 nobilem
847 1053 1131 1122 feminam,
1160 1056 1498 1111 matrimonio
1518 1055 1636 1112 eius
1656 1049 1909 1112 ext'urba-

295 1137 393 1195 ret,
419 1146 699 1218 vacuoque
715 1128 953 1186 adultero
971 1129 1248 1209 potiretur.
1328 1129 1514 1204 Neque
1532 1120 1699 1186 Silius
1719 1125 1907 1218 flagitii

295 1211 388 1260 aut
403 1204 632 1276 periculi
653 1205 868 1272 nescius
888 1214 1026 1262 erat:
1051 1205 1147 1261 sed
1166 1207 1325 1274 certo,
1347 1206 1396 1262 si
1416 1203 1691 1272 abnueret,
1719 1205 1903 1270 e'xitio,

293 1288 346 1334 et
365 1279 622 1337 nonnulla
640 1275 858 1338 fallendi
878 1298 976 1354 spe
991 1324 1005 1348 ,
1027 1279 1194 1337 simul
1215 1280 1720 1356 magnis-praemiis,
1742 1285 1908 1354 oppe-

293 1353 391 1410 riri
430 1353 609 1412 futura
645 1363 697 1412 et
731 1350 1105 1429 praesentibus
1145 1353 1283 1422 frui,
1318 1373 1419 1439 pro
1446 1354 1631 1411 solatio
1657 1343 1903 1410 liabebat.

293 1427 390 1485 Illa
410 1448 516 1486 non
535 1429 751 1498 furtim,
781 1429 880 1487 sed
906 1419 1077 1490 mult'o
1104 1433 1355 1488 comitatu
1382 1431 1640 1487 ventitare
1659 1431 1903 1496 domum,

293 1506 602 1583 egressibus
621 1507 1020 1587 adhaerescere;
1042 1507 1227 1587 largiri
1245 1507 1391 1581 opes,
1416 1496 1669 1563 bonores:
1700 1515 1908 1581 postre—

298 1598 416 1649 mo,
445 1580 594 1639 velut
610 1581 860 1649 translata
879 1584 987 1639 iam
1009 1580 1238 1649 fortuna,
1262 1580 1433 1650 servi,
1458 1582 1633 1640 liberti
1650 1625 1664 1649 ‚
1686 1582 1906 1655 paratus

291 1656 558 1731 principis
578 1658 723 1730 apud
741 1656 1044 1715 adulterum
1068 1652 1395 1725 visebantur.

406 1733 492 1787 ⁴3.
535 1731 603 1803 At
623 1728 901 1799 Claudius,
926 1726 1362 1791 matrimonii‘sui
1372 1733 1625 1820 ignarus,
1647 1732 1905 1789 et'm'unia

293 1806 533 1863 censoria
555 1824 844 1881 usurpans,
870 1808 1178 1881 theatralem
1266 1804 1683 1884 puli'lasciviam
1701 1809 1904 1864 severis

294 1878 482 1936 edictis
510 1882 804 1954 increpuit,
835 1876 1063 1955 quod‘i'n
1085 1884 1145 1957 P.
1168 1826 1296 1940 {gom
1369 1886 1522 1939 niu'ni
1543 1881 1901 1948 consiliarem,

293 1952 362 2085 gs
391 1956 629 2013 carmina
658 1973 847 2013 scenae
873 1957 1050 2031 dabat)
1076 1959 1241 2033 inque
1281 1950 1761 2015 eminas'i'nl’ustres
1778 1972 1906 2032 pro-

211 2023 235 2049 *
331 2048 390 2087 ra
407 2030 618 2088 iecerat.
659 2031 727 2088 Et
747 2030 863 2107 lege
883 2030 983 2089 lata
1003 2029 1281 2090 saevitiam
1302 2032 1621 2089 creditorum
1650 2033 1900 2098 coercuit,

294 2122 358 2160 ne
385 2110 442 2161 in
470 2114 683 2162 mortem
703 2114 984 2175 parentum
1003 2110 1267 2179 pecunia-3⁶
1284 2108 1412 2181 filiis
1436 2101 1763 2178 familiarum
1794 2113 1905 2181 [oo-

291 2184 412 2236 nors·
427 2184 634 2237 darent.
713 2180 1015 2255 Fontesque
1035 2188 1298 2257 aquarum
1316 2225 1329 2249 ‚
1362 2182 1431 2238 ab'
1446 2180 1775 2253 Simbruinis
1792 2182 1904 2239 col-

291 2252 437 2311 libus
457 2254 711 2311 deductos
725 2298 740 2322 ,
769 2254 893 2313 urbi
916 2257 1117 2313 intulit.
1194 2258 1273 2313 Ac
1292 2254 1773 2315 novas'litterarum
1796 2256 1906 2314 for-

293 2340 409 2385 mas
429 2327 633 2386 addidit
653 2328 1025 2408 vulgavitque;
1069 2340 1335 2407 comperto
1350 2375 1363 2401 ,
1400 2332 1656 2389 Graecam
1682 2350 1903 2407 quoque

292 2401 640 2461 litteraturam
660 2422 766 2463 non
789 2406 955 2463 simul
975 2410 1214 2481 coeptam
1244 2407 1669 2481 absolutamque.

403 2475 489 2535 14⁷.
530 2479 700 2536 Primi
725 2498 822 2555 per
849 2480 1052 2559 figuras
1080 2480 1397 2552 animalium
1424 2478 1677 2557 Aegyptii
1704 2488 1901 2539 sensus

292 2555 488 2609 mentis
515 2554 865 2631 effingebant3
907 2556 988 2632 (ea
1026 2558 1404 2632 antiquissima
1433 2558 1759 2613 monimenta
1786 2574 1903 2612 me-

291 2629 492 2683 moriae
518 2628 787 2687 humanae
815 2633 1060 2705 inpressa
1085 2633 1233 2689 saxis
1260 2631 1571 2705 cernuntur)
1609 2639 1661 2686 et
1702 2630 1903 2687 littera-

291 2716 414 2781 rum
434 2712 604 2758 semet
620 2706 921 2763 inventores
939 2706 1249 2780 perhibent3
1282 2706 1406 2762 inde
1425 2706 1715 2761 Phoenicas
1730 2748 1742 2771 ,
1768 2703 1901 2779 q'uia

410 2772 426 2797 ²
478 2778 900 2853 praepollebant,
950 2780 1200 2848 intulisse
1234 2782 1511 2849 Graeciae,
1562 2778 1901 2857 gloriamque
