2081 3038
308 245 405 299 {22
862 247 1341 295 ANNALIUM
1635 239 1914 313 (num.

304 349 634 423 plementum
674 356 800 406 erat.
881 347 1074 406 Caesar
1103 345 1398 404 Antistium
1427 347 1667 405 Veterem
1684 390 1698 415 ,
1739 367 1771 404 e
1798 367 1858 422 pr
1870 350 1924 406 i·-

305 423 548 481 moribus
577 424 912 481 Macedoniae
926 467 939 491 ,
981 422 1288 494 absolutum
1317 422 1590 490 adulterii,
1633 423 1920 497 increpitis

306 499 598 565 iudicibus,
622 500 689 556 ad
708 498 988 556 dicendam
1006 499 1302 556 maiestatis
1322 515 1569 556 caussam
1589 499 1830 567 retraxit,
1853 508 1924 556 ut

308 574 611 642 turbidum,
644 583 695 631 et
712 574 1130 648 Rhescuporidis
1149 569 1392 631 consiliis
1407 575 1738 650 permixtum
1753 616 1768 644 ,
1802 592 1920 648 qua

306 655 613 722 tempestate
625 692 639 717 ,
662 650 825 726 Cotye
842 647 1116 708 interfecto
1128 691 1142 716 ,
1171 647 1378 706 bellum
1397 649 1656 707 adversus
1675 667 1775 707 nos
1795 649 1921 708 vol-

305 734 469 782 verat.
548 726 717 802 Igitur
736 743 877 798 aqua
896 735 946 782 et
965 729 1079 796 tyni
1095 728 1426 782 interdictum
1443 742 1560 790 reo,
1589 729 1921 796 adpositum-

307 819 421 872 que,
442 809 499 856 ut
520 809 778 858 teneretur
794 801 971 858 insula
985 842 999 867 ,
1020 817 1184 872 nequa
1202 801 1542 858 Macedoniae
1557 817 1720 872 neque
1743 802 1922 858 Thra-

308 882 421 932 ciae
445 885 750 946 opportuna.
800 877 937 932 Nam
956 873 1200 942 Thracia,
1222 871 1399 932 diviso
1419 874 1645 948 imperio
1661 877 1721 932 in
1737 876 1923 934 Rhoe-

309 951 563 1008 metalcen
585 959 635 1007 et
655 951 849 1009 liberos
868 951 1052 1028 Cotyis
1065 992 1079 1017 ,
1111 950 1238 1025 quis
1256 950 1326 1007 ob
1341 947 1623 1007 infantiam
1644 957 1784 1008 tutor
1803 957 1924 1008 erat

307 1026 673 1086 Trebellianus
702 1023 905 1096 Rufus,
936 1025 1229 1084 insolentia
1257 1026 1423 1082 nostri
1449 1025 1654 1082 discors
1691 1027 1917 1102 agebat;

308 1119 484 1175 neque
510 1101 695 1158 minus
722 1101 1128 1160 Rhoemetalcen
1143 1141 1158 1170 ,
1187 1115 1355 1174 quam
1374 1100 1767 1158 Trebellianum
1782 1142 1796 1167 ,
1828 1103 1922 1158 in-

310 1193 535 1242 cusans,
564 1176 907 1250 popularium
926 1177 1158 1234 iniurias
1175 1175 1598 1234 inultas-sinere.
1677 1175 1922 1234 Coeletae

308 1252 660 1325 Odrusaeque
678 1260 730 1308 et
747 1251 831 1309 Dii
848 1295 860 1319 ,
892 1251 1100 1309 validae
1120 1252 1359 1309 nationes
1375 1293 1388 1320 ,
1413 1249 1562 1308 arma
1581 1269 1784 1326 cepere,
1811 1251 1923 1308 du-

308 1326 465 1382 cibus
497 1326 725 1383 diversis
742 1369 755 1394 ,
795 1335 847 1383 et
874 1327 1098 1400 paribus
1125 1328 1266 1384 inter
1291 1344 1350 1384 se
1375 1344 1472 1401 per
1495 1325 1916 1404 ignobilitatem:

310 1419 449 1476 quae
468 1419 655 1458 caussa
676 1401 797 1470 fuit,
821 1419 889 1458 ne
907 1403 965 1459 in
986 1401 1190 1460 bellum
1209 1409 1358 1460 atrox
1375 1401 1744 1460 coalescerent.
1785 1403 1922 1459 Pars

312 1478 527 1535 turbant
543 1479 861 1554 praesentia,
873 1475 964 1537 alii
984 1485 1219 1537 montem
1229 1477 1494 1536 Haemum
1513 1477 1924 1555 transgrediun-

314 1564 399 1611 tur
412 1598 426 1621 ,
448 1562 510 1611 ut
528 1562 755 1613 remotos
772 1554 999 1629 populos
1010 1553 1316 1613 concirent:
1355 1554 1584 1628 plurimi
1602 1571 1665 1611 ac
1681 1556 1924 1612 maxime

310 1631 609 1703 compositi,
638 1646 817 1707 regem
834 1632 1136 1704 urbemque
1145 1628 1581 1705 Philippopolim,
1593 1628 1922 1689 aMaoedone

313 1706 561 1778 Philippo
578 1707 756 1772 sitam,
780 1706 1188 1763 circumsidunt.

424 1783 510 1835 39.
550 1779 699 1847 Quae
718 1780 815 1839 ubi
834 1783 1042 1857 cognita
1067 1781 1124 1837 P.
1145 1778 1346 1838 Velleio
1359 1821 1374 1848 ‚
1405 1780 1472 1855 (is
1491 1782 1802 1855 proximum
1823 1798 1922 1839 ex-

312 1854 537 1910 ercitum
556 1854 905 1931 praesidebat)
926 1856 1117 1914 alarios
1137 1858 1345 1931 equites
1365 1874 1428 1913 ac
1446 1856 1588 1913 leves
1618 1854 1920 1915 cohortium

315 1930 477 1987 mittit
494 1930 551 1986 in
572 1944 660 1987 eos
675 1972 688 1998 ,
719 1932 816 2005 qui
843 1932 1237 2005 praedabundi,
1269 1939 1360 1988 aut
1387 1930 1735 1989 adsumendis
1762 1934 1924 1991 auxi-

314 2004 423 2072 liis,
447 2004 796 2081 vagabantur.
858 2008 978 2079 Ipse
994 2006 1160 2063 robur
1178 2006 1422 2081 peditum
1443 2006 1511 2065 ad
1529 2006 1922 2065 exsolvendum

312 2081 586 2137 obsidium
603 2081 770 2138 ducit.
850 2080 1136 2157 Simulque
1153 2091 1342 2140 cuncta
1360 2100 1612 2159 prospere
1631 2090 1772 2141 acta:
1801 2100 1924 2141 cae—

314 2159 392 2212 sis
410 2157 813 2247 populatoribus
832 2201 844 2225 ‚
874 2164 926 2215 et
944 2158 1279 2217 dissensione
1297 2166 1410 2216 crta
1429 2178 1458 2215 a
1501 2159 1574 2216 ud
1592 2158 1916 2228 obsidentes,

316 2241 1214 2382 ffiffiffissffssziusste‘iffi'z?
1227 2232 1923 2385 ᾈεὲιὶθῖιιῖῗέῑέυῗέἓέἰζ

316 2400 431 2439 mes
453 2400 515 2439 ac
531 2382 770 2457 palantes
792 2385 1042 2441 trucidati
1062 2393 1207 2452 sunt,
1231 2386 1347 2441 sine
1368 2391 1546 2443 nostro
1565 2385 1849 2462 sanguine.

431 2462 515 2517 to.
555 2460 757 2517 Eodem
786 2478 925 2518 anno
951 2460 1250 2518 Galliarum
1278 2460 1516 2518 civitates
1543 2462 1612 2520 ob
1649 2457 1924 2537 magnitu-

317 2534 499 2591 dinem
520 2535 655 2592 aeris
676 2534 835 2593 alieni
853 2536 1196 2595 rebellionem
1217 2544 1549 2611 coeptavere:
1580 2538 1738 2595 cuius
1757 2539 1926 2595 exsti-

319 2607 547 2665 mulator
565 2612 855 2670 acerrimus
870 2656 885 2681 ,
906 2614 1045 2670 inter
1065 2612 1322 2670 Treveros
1341 2610 1514 2669 Iulius
1531 2612 1724 2671 Florus
1740 2654 1755 2681 ,
1778 2614 1924 2687 apud

330 2682 532 2740 Aeduos
560 2686 731 2743 Iulius
759 2686 1021 2747 Sacrovir.
1101 2686 1362 2747 Nobilitas
1389 2688 1652 2747 ambobus
1676 2693 1728 2747 et
1754 2689 1925 2746 maio-

334 2774 445 2816 rum
464 2758 602 2818 bona
622 2760 754 2819 facta
768 2806 781 2831 ,
812 2782 981 2841 eoque
998 2764 1236 2823 Romana
1255 2762 1442 2823 civitas
1461 2762 1592 2824 olim
1619 2763 1739 2826 data
1751 2806 1767 2836 .
1795 2781 1925 2832 cum
