2081 3038
212 201 455 276 μου.)
578 214 734 257 [ΑΒ.
776 214 927 261 xlv,
970 215 1147 260 cAP.
1190 215 1432 270 38—35.
1712 211 1801 265 34⁴

213 313 310 370 loci
341 311 566 370 dulcedo
591 313 906 380 adtinuerat,
946 314 1013 370 ab
1043 314 1194 372 hoste
1219 319 1459 389 oppressi
1480 325 1625 374 sunt.
1703 320 1812 374 Ea·-

209 390 333 444 dem
372 387 549 444 clades
582 389 877 462 municipio
902 389 1212 447 Verulamio
1247 391 1375 460 fuit;
1415 394 1545 467 quia
1573 395 1806 459 barbari,

208 464 427 520 omissis
454 460 687 520 castellis
709 464 1104 538 praesidiisque
1121 465 1456 534 militarium,
1477 469 1625 540 quod
1649 470 1812 525 uber-

211 539 413 594 rimum
433 537 683 611 spolia-nti
702 548 755 594 et
770 539 1178 597 defendentibus
1195 541 1451 608 intutum,
1477 541 1597 599 laeti
1616 545 1810 616 praeda

208 624 261 670 et
279 614 506 688 aliorum
528 631 737 687 segnes,
761 615 1024 687 petebant.
1091 614 1176 672 Ad
1193 618 1526 691 septuaginta
1547 618 1715 674 millia
1731 621 1812 675 ci·-

208 691 363 762 vium
388 697 441 746 et
467 689 732 746 sociorum
757 691 848 757 iis,
884 708 1027 764 quae
1051 694 1364 758 memoravi,
1406 691 1536 749 locis
1555 693 1811 750 cecidisse

207 765 459 822 constitit.
538 766 727 838 Neque
753 767 899 823 enim
928 783 1133 839 capere,
1156 775 1250 823 aut
1269 767 1593 834 venundare,
1615 767 1814 824 aludve

207 839 354 915 quod
378 839 511 897 boni·
524 842 926 907 commercium,
964 842 1062 898 sed
1085 843 1290 909 caedes,
1333 843 1590 916 patibula,
1632 845 1806 917 ignee,

152 936 158 941 ·
207 933 414 982 cruces,
457 925 730 989 tamquam
768 917 1025 973 reddituri
1055 918 1405 992 supplicium,
1447 937 1512 974 ac
1534 927 1809 992 praerepta

208 993 421 1048 interim
446 991 662 1058 ultione,
686 990 1022 1048 festinabant.
1499 1008 1505 1015 ·

316 1071 400 1124 34.
441 1069 552 1123 iam
578 1067 829 1125 Suetonio
856 1067 1252 1142 quartadecima
1281 1068 1428 1144 legio
1437 1087 1562 1126 cum
1584 1069 1810 1126 vexilla-

204 1141 302 1198 riis
323 1144 685 1210 vicesimanis,
709 1152 762 1199 et
778 1161 809 1199 e
827 1144 1098 1218 proximis.
1109 1145 1418 1211 auxiliares,
1439 1145 1622 1202 decem
1637 1145 1808 1202 ferme

204 1218 375 1274 millia
385 1226 717 1289 ⁸armatorum
736 1227 911 1276 erant:
944 1237 1072 1276 cum
1089 1220 1332 1276 omittere
1349 1223 1735 1278 cunctationem
1755 1229 1820 1276 et’

202 1293 452 1369 congredi
480 1295 593 1350 acie
620 1303 787 1367 parat.
866 1295 1168 1369 Deligitque
1194 1295 1372 1352 locum
1399 1297 1528 1352 artis
1559 1296 1805 1353 faucibus

202 1379 255 1425 et
281 1387 311 1424 a
332 1377 479 1499 ιοτῗο
497 1369 634 1426 silva
659 1369 935 1438 clausum3
977 1371 1108 1425 satis
1137 1373 1366 1444 cognito,
1389 1371 1524 1428 nihil
1543 1371 1802 1438 hostium,

202 1446 311 1500 nisi
331 1445 388 1500 in
428 1453 596 1510 route,
627 1453 679 1500 et
705 1452 940 1516 apertam
957 1445 1236 1516 planitiem
1257 1462 1393 1510 esse,
1415 1447 1535 1501 sine
1553 1455 1700 1503 metu
1719 1449 1807 1504 in-

202 1519 483 1575 sidiarum.
544 1521 712 1593 Igitur
731 1519 1056 1594 legionarius
1076 1519 1329 1593 frequens
1347 1521 1646 1587 ordinibus,
1669 1522 1805 1578 levis

192 1596 407 1651 *circum
436 1603 721 1660 armatura,
750 1594 1095 1669 conglobatus
1118 1613 1217 1668 pro
1244 1586 1497 1651 cornibus
1522 1614 1687 1669 eques
1711 1598 1806 1653 ad·-

202 1670 353 1726 stitit.
433 1668 501 1724 At
528 1670 901 1726 Britannorum
934 1672 1116 1743 copiae
1142 1672 1346 1743 passim
1374 1689 1470 1743 per
1495 1681 1730 1728 catervas
1754 1682 1808 1729 et

204 1756 407 1801 turmas
428 1743 782 1811 exsultabant,
802 1753 1003 1818 quanta
1022 1764 1128 1802 non
1149 1746 1280 1801 alias
1301 1747 1670 1814 multitud6,³et
1687 1750 1808 1804 ani-

203 1838 293 1877 mo
312 1819 441 1876 adeo
461 1819 589 1885 fero,
603 1826 663 1876 ut
680 1818 933 1894 coniuges
942 1838 1162 1895 quoque
1181 1830 1338 1877 testes
1347 1823 1600 1879 victoriae
1617 1842 1802 1879 secum

204 1895 492 1961 traherent,⁴
520 1893 885 1967 plaustrisque
910 1898 1242 1971 inponerent,
1273 1914 1413 1970 quae
1441 1913 1606 1971 super
1631 1908 1806 1955 extre-

146 1986 149 1989 ’
203 1985 355 2026 mum
376 1968 639 2026 ambitum
664 1970 841 2042 campi
857 1979 1162 2043 posuerant.
1429 1994 1432 1999 ·

312 2048 395 2101 35.
418 2044 699 2111 Boudicea,
722 2063 883 2101 curru
904 2046 1043 2126 filias
1063 2064 1189 2120 prae
1206 2061 1266 2103 se
1281 2047 1506 2113 vehens,
1529 2055 1590 2105 ut
1609 2066 1804 2121 quam-

198 2133 307 2195 que
328 2122 594 2177 nationem
623 2130 931 2188 accesserat,
960 2126 1170 2177 solitum
1187 2128 1392 2193 quidem
1412 2125 1702 2187 Britannis,
1723 2131 1806 2194 se·-

200 2203 463 2253 mr'mtrum
499 2201 659 2251 ductu
696 2199 905 2263 bellare,
947 2196 1264 2255 testabature
1323 2203 1413 2254 sed
1453 2208 1573 2253 tunc
1593 2216 1714 2262 non,
1743 2208 1804 2254 ut

200 2276 361 2329 tantia
388 2275 677 2329 maioribus
703 2281 886 2337 ortam,
917 2290 1131 2343 reynum
1149 2283 1200 2329 et
1213 2292 1348 2343 epea,
1369 2291 1548 2329 verum
1567 2282 1625 2329 ut
1645 2292 1804 2330 unam

200 2368 227 2404 e
251 2350 423 2418 vulqo,
458 2346 746 2404 libertatem
772 2352 1037 2413 amissam,
1063 2354 1346 2421 consectum
1364 2352 1661 2405 verberibus
1683 2366 1802 2405 cor-

197 2442 313 2493 pus,
337 2431 711 2480 contrectatam
729 2426 961 2494 filiarum
970 2428 1284 2493 pudicitiam
1302 2428 1503 2480 ulcisci.
1579 2425 1658 2479 Eo
1669 2442 1804 2495 pro-
1871 2474 1874 2480 .

198 2508 373 2563 vectas
405 2500 751 2554 Romanorum
780 2503 1061 2569 cupidinea,
1088 2510 1148 2556 ut
1173 2518 1278 2556 non
1307 2517 1546 2569 corpora,
1572 2518 1641 2555 ne
1654 2518 1804 2557 sene-

203 2582 341 2636 ctam
373 2578 594 2647 quidem,
632 2582 729 2629 aut
762 2578 1117 2645 virginitatem
1149 2578 1458 2645 inpollutam
1483 2577 1796 2646 relinquant.

198 2651 389 2707 Adesse
406 2658 577 2706 tamen
593 2654 897 2707 dominatae
914 2654 1190 2707 vindictae.
1263 2650 1515 2705 Cecidiaso
1535 2652 1796 2721 ceqimaem,

200 2742 336 2799 quaa
363 2728 623 2802 proelium
657 2744 793 2799 ausa
813 2731 917 2792 ‚ait-
956 2735 1152 2785 cetoros
1180 2725 1370 2789 caetu}
1393 2728 1673 2793 evacuavi,
1703 2734 1800 2785 aut
