2081 3038
302 253 401 311 266
855 255 1329 308 ANNALHJM
1628 243 1907 325 (amani,

395 365 495 419 ·35.
538 359 902 435 Obstupefecit
920 379 978 418 ea
999 361 1242 418 alacritas
1260 359 1453 416 ducem
1472 359 1807 417 Romanum:
1831 359 1912 416 si-

302 436 419 494 mui
437 436 674 495 obiectus
696 439 891 506 amuis,
915 437 1155 494 additum
1178 433 1401 503 vallum,
1416 435 1733 491 inminentia
1754 436 1905 510 iuga,

304 505 444 570 nibil
469 513 576 570 nisi
599 519 750 571 atrox
777 518 828 570 et
847 512 1339 590 propugnatoribus
1361 509 1631 586 frequens,
1656 511 1905 567 terrebat.

299 587 405 646 Sed
431 588 587 646 miles
614 589 878 664 proelium
895 593 1134 664 poscere,
1160 597 1349 644 cuncta
1370 593 1562 645 virtute
1578 589 1911 658 expugnabi-

303 667 378 721 lia
393 663 685 734 clamitare,
703 663 1065 739 praefectique·
1080 681 1145 720 ac
1165 659 1367 720 tribuni
1392 663 1541 736 paria
1560 662 1905 728 disserentes,

302 739 542 798 ardorem
581 743 845 800 exercitus
884 739 1253 797 incendebant.
1333 739 1471 794 Tum
1502 737 1769 805 Ostorius,
1802 738 1909 794 cir-

302 817 644 892 cumspectis,
667 827 807 892 quae
825 811 1249 890 inpenetrabilia,
1273 823 1520 890 quaeque
1539 814 1744 889 pervia,
1758 811 1911 868 ducit

303 891 558 960 infensos,
582 906 906 968 amnemque
922 890 1071 948 haud
1089 887 1371 946 difficulter
1392 890 1583 946 evadit.
1650 887 1754 954 Ubi
1773 905 1911 946 ven-

304 977 418 1025 tum
438 967 508 1024 ad
526 983 794 1044 aggerem,
817 967 950 1024 dum
977 961 1278 1022 missilibus
1299 961 1612 1032 certabatur,
1635 964 1761 1038 plus
1782 963 1909 1022 vul-

304 1060 495 1100 nerum
515 1044 573 1099 in
594 1061 708 1111 nos,
728 1051 780 1100 et
795 1041 1084 1118 pleraeque
1102 1041 1287 1098 caedes
1307 1042 1630 1098 oriebantur.
1692 1039 1909 1097 Postea-

303 1123 488 1194 quam,
512 1115 644 1176 sacta
663 1117 946 1185 testudine,
967 1117 1129 1174 rudes
1150 1124 1200 1173 et
1218 1113 1471 1173 informes
1490 1128 1744 1172 saxorum
1758 1132 1909 1173 com—

303 1193 788 1348 fitted-{33:333
831 1189 1443 1342 iffioesfdmzsszzzz‘s}
1459 1191 1908 1341 ’1533‘1‘532‘52351

303 1345 472 1401 tarius
489 1343 779 1420 gravisque
798 1343 983 1402 miles:
1006 1339 1087 1413 illi
1105 1343 1226 1400 *telis
1247 1341 1591 1412 adsultantes,
1604 1341 1664 1398 bi
1674 1339 1909 1400 conferto

303 1419 500 1498 gradu:
553 1420 778 1477 tiirbatis
807 1420 986 1497 contra
1008 1418 1385 1476 Britannorum
1424 1415 1725 1487 ordinibus,
1762 1418 1908 1492 apud

303 1508 442 1571 quos
461 1493 610 1554 nulla
638 1493 922 1557 loricarum
947 1493 1291 1576 galearumve
1312 1498 1361 1552 te
1458 1495 1565 1564 ina,
1588 1502 1659 1562 et,
1681 1492 1729 1552 ai
1750 1495 1909 1552 auxi-

305 1568 530 1629 liaribus
557 1572 880 1649 resisterent,
908 1572 1104 1648 gladiis
1134 1588 1195 1627 ac
1219 1570 1345 1645 pilis
1394 1572 1815 1649 egionariorum3
1859 1570 1907 1627 si

303 1648 414 1705 huc
432 1650 713 1715 verterent,
742 1640 948 1721 spathis
967 1656 1018 1703 et
1036 1646 1205 1703 hastis
1230 1646 1575 1703 auxiliarium
1596 1646 1911 1703 sterneban-

305 1732 411 1779 tur.
489 1722 642 1781 Clara
669 1736 728 1779 ea
749 1725 966 1781 victoria
995 1720 1114 1790 fuit,
1147 1730 1404 1799 captaque
1423 1718 1589 1779 uxore
1608 1730 1660 1778 et
1675 1720 1785 1778 filia
1808 1720 1881 1779 Ca

306 1798 516 1866 ractaci,
539 1798 724 1855 fratres
744 1811 961 1873 quoque
978 1800 1036 1855 in
1057 1796 1378 1855 deditionem
1398 1796 1618 1873 accepti.

416 1875 501 1931 36.
542 1874 663 1948 lpse
688 1874 768 1950 (ut
797 1874 963 1932 ferme
990 1876 1161 1931 intuta
1188 1877 1316 1931 sunt
1334 1869 1575 1949 adversa)
1599 1890 1723 1931 cum
1746 1870 1909 1929 fidem

305 1949 760 2018 Cartismanduae,
783 1951 998 2029 reginae
1016 1950 1351 2025 Brigantum,
1373 1946 1669 2024 petivisset,
1693 1948 1909 2005 vinctus

306 2033 367 2081 ac
386 2022 676 2081 victoribus
697 2022 920 2082 traditus
939 2021 1036 2091 est,
1063 2028 1203 2083 non‘o
1226 2039 1233 2041 “
1294 2033 1345 2081 st
1364 2042 1502 2081 auno
1517 2042 1683 2101 quam
1701 2022 1909 2083 b'ellum

307 2102 363 2157 in
381 2100 652 2157 Britannia
679 2109 944 2175 coeptum.
1022 2098 1177 2157 Unde
1226 2116 1344 2159 ama
1364 2100 1481 2157 eius
1502 2105 1680 2157 evecta
1700 2097 1909 2156 insulas

307 2184 359 2233 et
385 2177 659 2249 proximas
684 2176 989 2251 provincias
1015 2184 1322 2254 pervagata,
1350 2193 1446 2251 per
1468 2172 1671 2233 Italiam
1690 2192 1909 2251 quoque

305 2250 697 2309 celebrabatur:
738 2250 1071 2327 avebantque
1099 2253 1292 2320 visere,
1324 2254 1452 2326 quis
1479 2250 1572 2308 ille
1603 2253 1676 2331 tot
1697 2268 1794 2341 per
1814 2269 1911 2305 an·

307 2345 418 2458 {3332-
428 2332 1051 2461 {33:02031‘23303332335
1053 2346 1082 2460 ῗ
1082 2336 1153 2460 ‘122
1171 2326 1736 2471 0ῗὲῗὲΠᾶἶῖιὶῑὲὲῖθέ
1744 2344 1912 2459 ἂξέἕξ

308 2477 528 2546 extollit,
559 2476 763 2535 addidit
815 2476 1004 2536 loriam
1024 2479 1181 2536 victo.
1259 2479 1488 2536 Vocatus
1508 2478 1733 2553 quippe,
1761 2486 1825 2532 ut
1844 2474 1913 2531 ad
1930 2544 1945 2557 x

307 2553 520 2627 insigne
537 2560 564 2610 s
603 2560 778 2613 ectacu
804 2572 920 2623 um,
939 2553 1196 2629 populus.
1274 2552 1470 2611 Stetere
1493 2554 1551 2610 in
1572 2549 1738 2609 armis
1754 2568 1914 2625 prae-

310 2628 470 2684 toriae
505 2631 568 2684 c'c
604 2636 762 2697 ortes,
805 2648 1011 2705 campe,
1053 2628 1151 2705 qui
1189 2639 1357 2686 castra
1373 2630 1653 2703 praeiacet.
1734 2628 1910 2695 Tunc,

309 2691 674 2759 incedentibus
723 2706 886 2780 regiis
925 2702 1185 2762 clientelis
1201 2746 1215 2772 ,
1264 2704 1515 2778 phalerae
1559 2712 1911 2778 torquesque,

308 2788 556 2849 quaeque
578 2776 734 2837 bellis
755 2783 988 2844 externis
1005 2780 1325 2856 quaesierat,
1347 2780 1611 2841 traducta·
1655 2796 1785 2836 mox
1808 2776 1916 2835 sra-
