2081 3038
196 241 319 277 με.
347 220 442 293 aa.)
609 230 763 274 ma.
803 230 922 274 xv.
967 230 1140 276 cAP.
1184 232 1265 277 τε.
1307 232 1387 277 72.
1692 219 1793 277 399

197 338 246 385 et
267 330 504 385 Cervarii
527 327 740 384 Proculi
767 328 1010 384 festinata
1046 331 1245 385 indicia
1280 332 1577 403 inpunitate
1612 347 1795 387 remu—

195 414 442 461 neratur:
473 404 746 468 Milichum
769 406 1023 477 praemiis
1039 406 1257 470 ditatus,
1284 406 1671 461 Cenaei-valoris
1688 407 1795 461 sibi

195 497 411 544 nomen,
433 479 633 535 Graeco
651 479 768 533 eius
789 480 865 533 rei
885 478 1163 544 vocabulo,
1183 480 1499 553 adsumpsit.
1558 482 1603 535 E
1623 483 1796 536 tribu-

195 556 282 611 nis
303 554 538 611 Granius
563 552 836 619 Silvanus,
877 555 1131 627 quamvis
1169 554 1465 621 absolutae,
1504 572 1604 611 sua
1629 574 1794 611 manu

195 630 410 685 cecidit:
451 628 650 685 Statius
661 630 946 685 Proximus
961 631 1196 694 veniam,
1210 648 1373 702 quam
1395 632 1463 685 ab
1483 631 1797 701 imperatore

195 712 482 777 acceperat,
507 706 736 759 vanitate
761 704 937 761 exitus
961 706 1227 777 conrupit.
1305 706 1471 761 Exuti
1489 705 1683 760 dehinc
1698 706 1797 760 tri-

195 781 400 836 bunatu
417 780 726 851 Pompeiu8‚
758 778 1038 836 Cornelius
1058 780 1333 845 Martialis,
1357 780 1577 835 Flavius
1597 780 1792 851 Nepae,

194 855 392 911 Statius
409 856 694 918 Domitius,
725 862 876 925 quasi
891 858 1181 924 principem
1209 872 1312 909 non
1330 861 1535 925 quidem
1550 859 1793 924 odissent,

193 936 282 986 sed
303 940 473 985 tamen
491 934 935 985 existimarentur.
982 930 1153 985 Novio
1174 932 1370 994 Prisco,
1390 948 1487 1003 per
1505 931 1797 985 amicitiam

195 1006 440 1071 Senecae,
463 1013 514 1059 et
534 1004 700 1060 Glitio
717 1002 870 1060 Gallo
887 1012 1049 1077 atque
1069 1004 1245 1060 Annio
1264 1006 1506 1071 Pollioni,
1524 1004 1795 1061 infamatis

195 1081 390 1155 magis,
413 1097 578 1155 quam
599 1079 876 1145 convictis,
899 1079 1018 1135 data
1037 1080 1243 1135 exsilia.
1306 1082 1549 1136 Priscum
1568 1082 1795 1137 Antonia

197 1154 444 1212 Flaccilla
473 1155 708 1209 coniunx
726 1156 969 1210 comitata
989 1162 1097 1211 est:
1141 1154 1357 1210 Gallum
1382 1157 1605 1231 Egnatia
1624 1158 1795 1212 Maxi·-

195 1232 362 1297 milla,
396 1231 608 1305 maguis
635 1230 876 1302 primum
901 1238 952 1285 et
979 1230 1201 1303 integris
1228 1232 1441 1302 opibuS‚
1471 1239 1593 1303 post
1614 1231 1797 1287 adem·-

195 1308 319 1380 ptis.
401 1306 550 1371 Quae
577 1314 802 1377 utraque
825 1304 1049 1379 gloriam
1078 1305 1195 1359 eius
1216 1324 1429 1361 auxere.
1509 1305 1727 1361 Pellitur
1746 1316 1797 1360 et

193 1382 385 1438 Rufius
415 1382 718 1451 Crispinus,
748 1382 1022 1435 occasione
1050 1381 1447 1445 coniurationiS‚
1478 1380 1573 1435 sed
1599 1380 1795 1437 Neroni

193 1458 428 1523 invisus,
459 1456 605 1528 quod
631 1456 928 1528 Poppaeam
956 1454 1227 1528 quondam
1258 1455 1595 1511 matrimonio
1613 1464 1798 1510 tenue-

191 1541 288 1588 rat.
319 1531 627 1606 Virginium
645 1531 897 1586 Flaccum
917 1537 970 1584 et
987 1531 1298 1585 Musonium
1317 1529 1519 1586 Rufum
1540 1530 1797 1586 claritudo

195 1607 430 1664 nominis
451 1606 674 1676 expulit.
755 1607 891 1660 Nam
913 1603 1193 1680 Virginius
1211 1605 1387 1660 studia
1407 1605 1667 1661 iuvenum
1688 1606 1796 1660 elo-

192 1684 434 1756 quentia,
458 1681 740 1736 Musonius
761 1681 1055 1751 praeceptis
1078 1681 1367 1750 sapientiae
1385 1679 1611 1735 fovebat.
1666 1681 1797 1736 Clu-

190 1758 408 1813 vidieno
417 1755 627 1822 Quieto,
649 1755 1081 1828 IulioAgrippae‚
1102 1755 1259 1811 Blitio
1268 1750 1531 1822 Catulino,
1555 1757 1796 1813 Petronio

189 1834 393 1897 Prisco,
425 1831 562 1886 lulio
590 1831 788 1895 Altino,
821 1831 966 1885 velut
992 1831 1049 1885 in
1078 1847 1269 1904 agmen
1291 1840 1342 1884 et
1360 1849 1665 1896 numerum,
1692 1835 1796 1886 Ae—
1888 1898 1895 1904 ¹

190 1909 308 1977 gaci
349 1909 515 1962 maris
554 1905 763 1960 insulae
801 1907 1200 1976 permittuntur.
1279 1907 1348 1960 At
1382 1905 1615 1972 calicia,
1660 1923 1796 1962 uxor

189 1977 439 2038 Scaevini
485 1991 537 2036 et
585 1982 876 2037 Caesonius
920 1981 1190 2036 Maximus
1238 1979 1386 2035 Italia
1424 1981 1793 2052 prohibentur,

191 2075 310 2113 reos
349 2057 518 2112 fuisse
547 2073 634 2121 se,
676 2065 882 2111 tantum
910 2071 1078 2126 poena
1108 2057 1330 2126 experti.
1409 2053 1599 2120 Atilia,
1631 2065 1797 2110 mater

194 2133 401 2188 Annaei
431 2130 668 2197 Lucani‚‘
687 2132 806 2186 sine
829 2129 1179 2196 absolutione,
1210 2130 1329 2185 sine
1354 2129 1619 2202 supplicio
1636 2131 1798 2185 dissi-

193 2208 414 2264 mulata.

301 2285 389 2339 72.
431 2281 644 2348 Quibus
673 2279 983 2352 perpetratis
1011 2280 1169 2344 Nero,
1204 2288 1259 2334 et
1282 2282 1534 2336 concione
1562 2279 1797 2335 militum

194 2358 394 2422 habita,
435 2358 560 2412 bina
602 2359 890 2410 nummum
929 2354 1099 2409 millia
1129 2355 1329 2410 viritim
1370 2356 1797 2427 manipularibus

193 2433 399 2497 divisit,
430 2431 740 2503 addiditque
764 2432 884 2486 sine
902 2431 1071 2500 pretio
1090 2428 1439 2495 frumentum,
1462 2445 1571 2502 quo
1590 2439 1711 2485 ante
1730 2447 1796 2484 ex

193 2509 352 2564 modo
371 2525 612 2563 annonae
628 2506 930 2561 utebantur.
1011 2506 1149 2559 Tum
1168 2547 1180 2570 ,
1203 2507 1360 2577 quasi
1379 2515 1527 2578 gesta
1545 2505 1685 2560 bello
1704 2521 1797 2559 ex-

195 2585 493 2654 positurum
516 2589 667 2638 vocat
693 2589 938 2636 senatum
960 2588 1012 2634 et
1030 2579 1356 2650 triumphale
1372 2579 1536 2634 decus
1556 2581 1797 2635 Petronio

193 2657 510 2728 Turpiliano
529 2657 815 2722 consulari,
839 2654 1055 2711 Cocceio
1078 2655 1285 2708 Nervae
1302 2656 1528 2724 praetori
1548 2655 1795 2729 designa-

192 2741 266 2802 te,
297 2732 562 2808 Tigellino
587 2729 848 2804 praefecto
873 2730 1122 2804 praetorii
1151 2729 1357 2795 tribuit,
1394 2729 1717 2804 Tigellinum
1745 2739 1797 2785 et
