2081 3038
182 281 309 322 mc.
333 264 429 340 16.)
601 275 761 320 ΜΒ.
798 275 873 320 11.
914 277 953 320 c
978 275 1094 322 Ar.
1138 277 1378 322 28—30.
1723 273 1787 324 67

185 375 451 432 indicium
478 373 624 430 haud
678 380 993 445 aspernatus
1009 417 1023 439 ‚
1047 391 1366 450 congressus
1385 376 1601 433 abnuit:
1638 397 1791 447 posse

184 454 347 514 enim,
386 453 561 504 eodem
584 449 779 503 Flacco
806 452 1151 513 internuntio,
1187 467 1446 508 sermones
1483 470 1788 509 commeare.

185 525 363 598 Atque
402 525 615 580 interim
654 523 913 579 Libonem
950 531 1105 584 ornat
1140 533 1384 596 praetura
1398 568 1413 592 ‚
1453 528 1788 584 convictibus

184 599 431 665 adhibet,
472 615 579 656 non
606 597 762 654 vultu
790 596 1050 655 alienatus
1063 641 1078 665 ‚
1121 615 1226 655 non
1265 600 1444 656 vei-bis
1481 605 1790 661 commotior

183 675 337 750 (adeo
360 674 497 730 iram
524 672 845 746 condiderat)
868 683 1169 747 cunctaque
1195 677 1314 730 eius
1351 676 1489 730 dicta
1527 676 1788 750 factaque.

186 769 315 806 cum
355 749 635 821 prohibere
669 757 873 822 posset,
914 751 1056 806 scire
1091 749 1351 806 malebat:
1400 751 1567 806 donec
1603 753 1791 808 Iunius

186 824 413 898 quidam
428 866 442 890 ,
472 831 699 880 tentatus
714 867 731 890 ,
760 832 821 880 ut
846 824 1084 880 infernas
1103 825 1326 880 umbras
1345 826 1676 881 (terminibus
1695 827 1795 882 eli-

188 907 356 964 ceret,
386 899 455 954 ad
471 898 778 956 Fulcinium
798 900 1046 957 Trionem
1065 900 1328 956 indicium
1357 900 1564 956 detulit.
1644 901 1795 958 Cele-

190 976 285 1031 bre
312 974 448 1029 inter
475 984 803 1031 accusatores
824 975 1033 1032 Trionis
1056 976 1332 1050 ingenium
1365 985 1501 1042 erat,
1544 976 1795 1032 avidum-

188 1067 297 1124 que
316 1047 484 1106 famae
502 1049 690 1106 malae.
753 1049 941 1106 Statim
958 1051 1179 1122 corripit
1196 1069 1371 1117 reum,
1394 1052 1504 1107 ndit
1521 1052 1789 1116 consultae,

184 1133 404 1182 senatus
422 1126 775 1200 cognitionem
794 1127 993 1198 poscit:
1033 1135 1086 1182 et
1102 1133 1358 1183 vocantur
1375 1135 1570 1199 patres,
1595 1125 1793 1192 addito,

188 1204 583 1257 consultandum
600 1218 758 1271 super
774 1219 835 1256 re
850 1218 1043 1272 magna
1059 1211 1110 1256 et
1131 1207 1318 1258 atroci.

296 1278 382 1334 29.
426 1275 559 1333 Libo
574 1275 788 1332 interim
804 1317 819 1342 ‚
863 1285 1009 1333 veste
1036 1284 1238 1334 mutata
1253 1320 1268 1343 ,
1307 1295 1434 1332 cnm
1461 1277 1794 1348 primoribus

190 1350 407 1408 feminis
424 1352 711 1410 circumire
727 1351 914 1408 domos
926 1395 943 1418 ,
972 1369 1124 1408 orare
1141 1353 1346 1408 adfines
1361 1395 1375 1418 ,
1399 1369 1584 1408 vocem
1604 1352 1795 1407 adver-

186 1445 313 1484 sum
341 1425 579 1500 pericula
604 1443 847 1498 poscere,
888 1427 1249 1484 abnuentibus
1275 1428 1484 1482 cunctis
1499 1467 1514 1492 ‚
1555 1445 1682 1483 cum
1709 1428 1796 1482 di·-

188 1519 342 1577 versa
372 1501 799 1575 praetenderent,
838 1501 1023 1558 eadem
1053 1501 1354 1558 formidine.
1434 1502 1530 1557 Die
1555 1509 1792 1569 senatus,

190 1587 339 1635 metu
357 1586 411 1633 et
426 1576 762 1652 aegritudine
780 1574 959 1632 fessus
974 1616 989 1641 ‚
1010 1578 1128 1632 sive
1143 1619 1156 1643 ,
1186 1585 1247 1634 ut
1264 1575 1528 1632 tradidere
1546 1577 1766 1649 quidam
1777 1620 1789 1643 ‚

188 1652 442 1711 simulato
460 1650 673 1717 morbo,
716 1650 899 1707 lectica
916 1650 1124 1708 delatus
1144 1652 1212 1707 nd
1238 1650 1378 1707 fores
1403 1651 1612 1718 curiae,
1651 1654 1798 1709 inni-

188 1745 397 1801 susque
414 1726 584 1792 fratri,
602 1734 657 1783 et
672 1743 868 1783 manus
886 1744 949 1784 sc
964 1726 1240 1799 supplices
1257 1742 1412 1784 voces
1431 1726 1500 1782 ad
1519 1728 1794 1783 Tiberium

188 1804 433 1869 tendens,
456 1803 677 1860 immoto
692 1803 811 1859 eius
830 1803 985 1859 vultu
1002 1803 1288 1875 excipitur.
1366 1803 1492 1859 Mox
1516 1803 1726 1859 libellos
1745 1811 1797 1859 et

190 1887 432 1936 auctores
450 1879 630 1934 recitat
647 1878 841 1935 Caesar
852 1921 867 1945 ‚
894 1880 971 1936 its
988 1878 1270 1937 moderans
1283 1920 1298 1946 ,
1327 1894 1398 1934 ne
1425 1877 1620 1945 lenire,
1659 1894 1796 1935 neve

188 1970 440 2028 aspera-e
452 1954 677 2010 elimina
695 1954 983 2012 videretur.

304 2033 391 2087 30.
430 2027 775 2085 Accesserant
792 2038 997 2102 praeter
1014 2031 1266 2087 Trionem
1285 2036 1338 2083 et
1357 2028 1550 2085 Catum
1576 2044 1795 2085 aecusa-

192 2116 331 2165 tores
349 2104 605 2161 Fonteius
622 2102 859 2180 Agrippa
874 2112 927 2161 et
942 2106 1005 2163 C.
1025 2106 1219 2163 Vibius
1235 2146 1250 2171 ‚
1272 2104 1654 2176 certabantque
1665 2145 1680 2169 ,
1702 2106 1792 2161 cui

190 2184 279 2239 ius
298 2179 581 2257 perorandi
599 2181 656 2236 in
676 2197 829 2235 reum
849 2180 1090 2237 deretur:
1121 2181 1290 2237 donec
1308 2180 1523 2244 Vibius,
1546 2180 1676 2251 quie
1695 2195 1796 2235 neo

190 2259 298 2331 ipsi
314 2258 455 2313 inter
470 2272 531 2312 se
548 2256 919 2322 concederent,
958 2264 1013 2311 et
1028 2258 1164 2312 Libo
1187 2257 1307 2311 sine
1330 2263 1552 2327 patrono
1576 2255 1795 2311 introis-

179 2341 271 2389 set
286 2374 299 2399 .
331 2330 647 2407 singillatim
664 2349 723 2386 se
740 2332 967 2387 crimina
984 2332 1320 2387 obiecturum
1339 2328 1614 2403 professus
1628 2372 1643 2396 ‚
1669 2346 1798 2403 pro·-

190 2408 315 2465 tulit
334 2406 541 2463 libellos
554 2447 569 2473 ,
590 2407 839 2463 vecordes
859 2406 989 2464 adeo
1003 2449 1018 2473 ,
1053 2415 1113 2462 ut
1129 2406 1506 2463 consultaverit
1524 2406 1686 2472 Libo,
1722 2422 1794 2461 an

190 2487 465 2540 habitum
480 2488 616 2554 soret
633 2496 777 2553 opes,
810 2487 931 2553 quis
946 2487 1089 2538 viam
1106 2484 1330 2551 Appiam
1345 2482 1796 2537 Brundisium-us·-

190 2577 293 2628 quo
302 2562 527 2635 pecunia
544 2562 785 2628 operiret.
850 2558 1064 2613 Inerant
1081 2565 1132 2613 et
1149 2557 1252 2633 elia
1271 2554 1665 2622 huiuscemodi,
1687 2564 1797 2613 sto-

192 2632 301 2690 lida
314 2672 329 2699 ,
359 2646 523 2705 vena:
564 2634 613 2690 si
634 2633 851 2689 mollius
869 2633 1164 2705 acciperes,
1193 2629 1513 2692 miserenda.
1594 2632 1697 2688 Uni
1716 2641 1798 2689 te-

192 2724 317 2765 men
354 2706 533 2765 libello
570 2726 735 2765 manu
762 2708 983 2765 Libonis
1022 2706 1338 2764 nominibus
1377 2706 1666 2763 Caesarum
1703 2713 1797 2762 sut

192 2790 498 2842 semiorum
514 2783 719 2842 additas
740 2793 941 2843 atroces
958 2782 1046 2841 vel
1065 2782 1467 2913 occultasEngtns
1480 2826 1495 2850 ,
1523 2791 1798 2839 aecusator
