<?xml version="1.0" encoding="UTF-8"?>
<!DOCTYPE html PUBLIC "-//W3C//DTD XHTML 1.0 Transitional//EN"
    "http://www.w3.org/TR/xhtml1/DTD/xhtml1-transitional.dtd">
<html xmlns="http://www.w3.org/1999/xhtml" xml:lang="en" lang="en">
 <head>
  <title>
</title>
<meta http-equiv="Content-Type" content="text/html;charset=utf-8" />
  <meta name='ocr-system' content='tesseract 3.04.00' />
  <meta name='ocr-capabilities' content='ocr_page ocr_carea ocr_par ocr_line ocrx_word'/>
</head>
<body>
  <div class='ocr_page' id='page_1' title='image "./operaquoadextan03tacigoog_0660.png"; bbox 0 0 2081 3038; ppageno 0'>
   <div class='ocr_carea' id='block_1_1' title="bbox 344 178 1600 239">
    <p class='ocr_par' dir='ltr' id='par_1_1' title="bbox 344 178 1600 239">
     <span class='ocr_line' id='line_1_1' title="bbox 344 178 1600 239; baseline -0.002 -1"><span class='ocrx_word' id='word_1_1' title='bbox 344 178 443 239; x_wconf 78' lang='lat'>2‘50</span> <span class='ocrx_word' id='word_1_2' title='bbox 682 192 737 237; x_wconf 76' lang='lat' dir='ltr'>c,</span> <span class='ocrx_word' id='word_1_3' title='bbox 779 189 1224 237; x_wconf 77' lang='lat' dir='ltr'>CORNELIUS</span> <span class='ocrx_word' id='word_1_4' title='bbox 1265 190 1600 237; x_wconf 59' lang='lat' dir='ltr'>Tamarus</span> 
     </span>
    </p>
   </div>
   <div class='ocr_carea' id='block_1_2' title="bbox 330 290 1954 2773">
    <p class='ocr_par' dir='ltr' id='par_1_2' title="bbox 339 290 1954 1343">
     <span class='ocr_line' id='line_1_2' title="bbox 342 290 1954 366; baseline 0.001 -18"><span class='ocrx_word' id='word_1_5' title='bbox 342 299 463 348; x_wconf 86' lang='lat' dir='ltr'>ante</span> <span class='ocrx_word' id='word_1_6' title='bbox 480 292 651 347; x_wconf 83' lang='lat' dir='ltr'>aciem</span> <span class='ocrx_word' id='word_1_7' title='bbox 664 300 844 366; x_wconf 80' lang='lat' dir='ltr'><strong>agant,</strong></span> <span class='ocrx_word' id='word_1_8' title='bbox 864 291 1222 347; x_wconf 85' lang='lat' dir='ltr'>admiratione</span> <span class='ocrx_word' id='word_1_9' title='bbox 1231 298 1505 364; x_wconf 76' lang='lat' dir='ltr'><strong>praesunt.</strong></span> <span class='ocrx_word' id='word_1_10' title='bbox 1585 290 1840 349; x_wconf 83' lang='lat' dir='ltr'>Ceterum</span> <span class='ocrx_word' id='word_1_11' title='bbox 1864 312 1954 350; x_wconf 89' lang='lat' dir='ltr'>ne·</span> 
     </span>
     <span class='ocr_line' id='line_1_3' title="bbox 341 366 1946 439; baseline 0.001 -18"><span class='ocrx_word' id='word_1_12' title='bbox 341 384 449 439; x_wconf 87' lang='lat' dir='ltr'>que</span> <span class='ocrx_word' id='word_1_13' title='bbox 468 367 885 424; x_wconf 86' lang='lat' dir='ltr'>animadvertere</span> <span class='ocrx_word' id='word_1_14' title='bbox 906 384 1082 439; x_wconf 91' lang='lat' dir='ltr'>neque</span> <span class='ocrx_word' id='word_1_15' title='bbox 1102 367 1324 433; x_wconf 88' lang='lat' dir='ltr'>vincire,</span> <span class='ocrx_word' id='word_1_16' title='bbox 1338 384 1406 423; x_wconf 88' lang='lat' dir='ltr'>ne</span> <span class='ocrx_word' id='word_1_17' title='bbox 1417 366 1946 439; x_wconf 84' lang='lat' dir='ltr'>verberarequidem,</span> 
     </span>
     <span class='ocr_line' id='line_1_4' title="bbox 342 442 1945 515; baseline 0 -18"><span class='ocrx_word' id='word_1_18' title='bbox 342 444 450 497; x_wconf 88' lang='lat' dir='ltr'>nisi</span> <span class='ocrx_word' id='word_1_19' title='bbox 479 442 861 508; x_wconf 79' lang='lat' dir='ltr'>sacerdotibuS,</span> <span class='ocrx_word' id='word_1_20' title='bbox 893 442 1251 513; x_wconf 87' lang='lat' dir='ltr'>permissum:</span> <span class='ocrx_word' id='word_1_21' title='bbox 1295 460 1402 497; x_wconf 91' lang='lat' dir='ltr'>non</span> <span class='ocrx_word' id='word_1_22' title='bbox 1431 442 1589 514; x_wconf 82' lang='lat' dir='ltr'><strong>quasi</strong></span> <span class='ocrx_word' id='word_1_23' title='bbox 1619 443 1680 499; x_wconf 89' lang='lat' dir='ltr'>in</span> <span class='ocrx_word' id='word_1_24' title='bbox 1697 461 1945 515; x_wconf 85' lang='lat' dir='ltr'>poenam,</span> 
     </span>
     <span class='ocr_line' id='line_1_5' title="bbox 342 516 1949 589; baseline 0.001 -17"><span class='ocrx_word' id='word_1_25' title='bbox 342 535 439 572; x_wconf 89' lang='lat' dir='ltr'>nec</span> <span class='ocrx_word' id='word_1_26' title='bbox 467 516 621 573; x_wconf 82' lang='lat' dir='ltr'>ducis</span> <span class='ocrx_word' id='word_1_27' title='bbox 643 520 817 583; x_wconf 91' lang='lat' dir='ltr'>iussu,</span> <span class='ocrx_word' id='word_1_28' title='bbox 840 518 934 573; x_wconf 82' lang='lat' dir='ltr'>sed</span> <span class='ocrx_word' id='word_1_29' title='bbox 956 517 1100 574; x_wconf 87' lang='lat' dir='ltr'>velut</span> <span class='ocrx_word' id='word_1_30' title='bbox 1117 517 1216 573; x_wconf 92' lang='lat' dir='ltr'>deo</span> <span class='ocrx_word' id='word_1_31' title='bbox 1235 519 1548 589; x_wconf 86' lang='lat' dir='ltr'>imperante,</span> <span class='ocrx_word' id='word_1_32' title='bbox 1575 534 1745 589; x_wconf 89' lang='lat' dir='ltr'>quem</span> <span class='ocrx_word' id='word_1_33' title='bbox 1767 518 1949 575; x_wconf 84' lang='lat' dir='ltr'>adesse</span> 
     </span>
     <span class='ocr_line' id='line_1_6' title="bbox 340 592 1944 667; baseline -0.001 -18"><span class='ocrx_word' id='word_1_34' title='bbox 340 592 667 649; x_wconf 79' lang='lat' dir='ltr'>bellantibus</span> <span class='ocrx_word' id='word_1_35' title='bbox 706 592 947 649; x_wconf 85' lang='lat' dir='ltr'>credunt.</span> <span class='ocrx_word' id='word_1_36' title='bbox 1024 592 1356 664; x_wconf 79' lang='lat' dir='ltr'>Esfioiesque</span> <span class='ocrx_word' id='word_1_37' title='bbox 1393 604 1443 649; x_wconf 91' lang='lat' dir='ltr'>et</span> <span class='ocrx_word' id='word_1_38' title='bbox 1471 593 1624 667; x_wconf 88' lang='lat' dir='ltr'>signa</span> <span class='ocrx_word' id='word_1_39' title='bbox 1657 594 1944 666; x_wconf 85' lang='lat' dir='ltr'>quaedam,</span> 
     </span>
     <span class='ocr_line' id='line_1_7' title="bbox 342 635 1950 741; baseline 0 -16"><span class='ocrx_word' id='word_1_40' title='bbox 342 669 569 725; x_wconf 88' lang='lat' dir='ltr'>detracta</span> <span class='ocrx_word' id='word_1_41' title='bbox 588 668 743 734; x_wconf 82' lang='lat' dir='ltr'>luciS,</span> <span class='ocrx_word' id='word_1_42' title='bbox 771 670 827 723; x_wconf 89' lang='lat' dir='ltr'>in</span> <span class='ocrx_word' id='word_1_43' title='bbox 848 666 1112 739; x_wconf 91' lang='lat' dir='ltr'>proelium</span> <span class='ocrx_word' id='word_1_44' title='bbox 1129 635 1328 723; x_wconf 58' lang='lat' dir='ltr'>?erunt.</span> <span class='ocrx_word' id='word_1_45' title='bbox 1367 663 1648 741; x_wconf 63' lang='lat' dir='ltr'>&#39;Quodque</span> <span class='ocrx_word' id='word_1_46' title='bbox 1667 672 1950 741; x_wconf 87' lang='lat' dir='ltr'>praecipu-</span> 
     </span>
     <span class='ocr_line' id='line_1_8' title="bbox 342 744 1949 809; baseline -0.002 -8"><span class='ocrx_word' id='word_1_47' title='bbox 342 762 435 801; x_wconf 90' lang='lat' dir='ltr'>um</span> <span class='ocrx_word' id='word_1_48' title='bbox 469 744 793 800; x_wconf 80' lang='lat' dir='ltr'>fortitudinis</span> <span class='ocrx_word' id='word_1_49' title='bbox 821 744 1226 799; x_wconf 80' lang='lat' dir='ltr'>incitamentum</span> <span class='ocrx_word' id='word_1_50' title='bbox 1259 750 1356 809; x_wconf 77' lang='lat' dir='ltr'>est,</span> <span class='ocrx_word' id='word_1_51' title='bbox 1389 761 1496 799; x_wconf 87' lang='lat' dir='ltr'>non</span> <span class='ocrx_word' id='word_1_52' title='bbox 1515 762 1676 807; x_wconf 84' lang='lat' dir='ltr'>casus</span> <span class='ocrx_word' id='word_1_53' title='bbox 1725 761 1827 799; x_wconf 87' lang='lat' dir='ltr'>nec</span> <span class='ocrx_word' id='word_1_54' title='bbox 1848 744 1949 799; x_wconf 82' lang='lat' dir='ltr'>for-</span> 
     </span>
     <span class='ocr_line' id='line_1_9' title="bbox 342 818 1951 893; baseline 0 -20"><span class='ocrx_word' id='word_1_55' title='bbox 342 822 471 875; x_wconf 88' lang='lat' dir='ltr'>tuita</span> <span class='ocrx_word' id='word_1_56' title='bbox 494 819 821 893; x_wconf 83' lang='lat' dir='ltr'>conglobatio</span> <span class='ocrx_word' id='word_1_57' title='bbox 842 829 1076 875; x_wconf 87' lang='lat' dir='ltr'>turmam</span> <span class='ocrx_word' id='word_1_58' title='bbox 1096 827 1188 874; x_wconf 83' lang='lat' dir='ltr'>aut</span> <span class='ocrx_word' id='word_1_59' title='bbox 1205 836 1438 873; x_wconf 86' lang='lat' dir='ltr'>cuneum</span> <span class='ocrx_word' id='word_1_60' title='bbox 1461 818 1602 884; x_wconf 82' lang='lat' dir='ltr'>facit,</span> <span class='ocrx_word' id='word_1_61' title='bbox 1633 819 1732 873; x_wconf 89' lang='lat' dir='ltr'>sed</span> <span class='ocrx_word' id='word_1_62' title='bbox 1755 818 1951 875; x_wconf 84' lang='lat' dir='ltr'>famili-</span> 
     </span>
     <span class='ocr_line' id='line_1_10' title="bbox 342 894 1948 968; baseline -0.001 -17"><span class='ocrx_word' id='word_1_63' title='bbox 342 913 403 951; x_wconf 87' lang='lat' dir='ltr'>ae</span> <span class='ocrx_word' id='word_1_64' title='bbox 424 904 473 949; x_wconf 90' lang='lat' dir='ltr'>et</span> <span class='ocrx_word' id='word_1_65' title='bbox 492 896 931 968; x_wconf 80' lang='lat' dir='ltr'>propinquitates,</span> <span class='ocrx_word' id='word_1_66' title='bbox 1010 895 1080 949; x_wconf 90' lang='lat' dir='ltr'>Et</span> <span class='ocrx_word' id='word_1_67' title='bbox 1099 895 1155 949; x_wconf 92' lang='lat' dir='ltr'>in</span> <span class='ocrx_word' id='word_1_68' title='bbox 1173 895 1417 966; x_wconf 86' lang='lat' dir='ltr'>proximo</span> <span class='ocrx_word' id='word_1_69' title='bbox 1435 895 1681 968; x_wconf 86' lang='lat' dir='ltr'>pignora,</span> <span class='ocrx_word' id='word_1_70' title='bbox 1708 894 1854 950; x_wconf 90' lang='lat' dir='ltr'>unde</span> <span class='ocrx_word' id='word_1_71' title='bbox 1873 895 1948 949; x_wconf 81' lang='lat' dir='ltr'>fe-</span> 
     </span>
     <span class='ocr_line' id='line_1_11' title="bbox 343 968 1944 1041; baseline -0.001 -16"><span class='ocrx_word' id='word_1_72' title='bbox 343 972 611 1026; x_wconf 83' lang='lat' dir='ltr'>minarum</span> <span class='ocrx_word' id='word_1_73' title='bbox 637 969 872 1025; x_wconf 83' lang='lat' dir='ltr'>ululatus</span> <span class='ocrx_word' id='word_1_74' title='bbox 892 968 1088 1035; x_wconf 88' lang='lat' dir='ltr'>audiri,</span> <span class='ocrx_word' id='word_1_75' title='bbox 1113 968 1256 1023; x_wconf 87' lang='lat' dir='ltr'>unde</span> <span class='ocrx_word' id='word_1_76' title='bbox 1275 970 1486 1041; x_wconf 84' lang='lat' dir='ltr'>vagitus</span> <span class='ocrx_word' id='word_1_77' title='bbox 1508 968 1818 1025; x_wconf 82' lang='lat' dir='ltr'>infantium.</span> <span class='ocrx_word' id='word_1_78' title='bbox 1884 971 1944 1024; x_wconf 85' lang='lat' dir='ltr'>Hi</span> 
     </span>
     <span class='ocr_line' id='line_1_12' title="bbox 342 1044 1946 1117; baseline 0 -18"><span class='ocrx_word' id='word_1_79' title='bbox 342 1047 539 1117; x_wconf 85' lang='lat' dir='ltr'>cuique</span> <span class='ocrx_word' id='word_1_80' title='bbox 564 1046 890 1099; x_wconf 81' lang='lat' dir='ltr'>sanctissimi</span> <span class='ocrx_word' id='word_1_81' title='bbox 920 1052 1100 1111; x_wconf 76' lang='lat' dir='ltr'>testcS,</span> <span class='ocrx_word' id='word_1_82' title='bbox 1131 1044 1188 1099; x_wconf 86' lang='lat' dir='ltr'>hi</span> <span class='ocrx_word' id='word_1_83' title='bbox 1219 1045 1446 1099; x_wconf 82' lang='lat' dir='ltr'>maximi</span> <span class='ocrx_word' id='word_1_84' title='bbox 1464 1044 1784 1099; x_wconf 79' lang='lat' dir='ltr'>laudatores.</span> <span class='ocrx_word' id='word_1_85' title='bbox 1867 1045 1946 1099; x_wconf 88' lang='lat' dir='ltr'>Ad</span> 
     </span>
     <span class='ocr_line' id='line_1_13' title="bbox 343 1118 1949 1193; baseline 0.001 -20"><span class='ocrx_word' id='word_1_86' title='bbox 343 1129 555 1185; x_wconf 74' lang='lat' dir='ltr'>matres„</span> <span class='ocrx_word' id='word_1_87' title='bbox 578 1120 644 1173; x_wconf 92' lang='lat' dir='ltr'>ad</span> <span class='ocrx_word' id='word_1_88' title='bbox 662 1120 916 1193; x_wconf 85' lang='lat' dir='ltr'>coniuges</span> <span class='ocrx_word' id='word_1_89' title='bbox 936 1119 1159 1175; x_wconf 85' lang='lat' dir='ltr'>vulnera</span> <span class='ocrx_word' id='word_1_90' title='bbox 1179 1118 1382 1175; x_wconf 77' lang='lat' dir='ltr'>ferunt:</span> <span class='ocrx_word' id='word_1_91' title='bbox 1407 1136 1505 1175; x_wconf 90' lang='lat' dir='ltr'>nec</span> <span class='ocrx_word' id='word_1_92' title='bbox 1522 1119 1644 1173; x_wconf 89' lang='lat' dir='ltr'>illae</span> <span class='ocrx_word' id='word_1_93' title='bbox 1664 1136 1949 1175; x_wconf 88' lang='lat' dir='ltr'>numerare</span> 
     </span>
     <span class='ocr_line' id='line_1_14' title="bbox 340 1193 1949 1268; baseline 0.002 -20"><span class='ocrx_word' id='word_1_94' title='bbox 340 1203 431 1249; x_wconf 86' lang='lat' dir='ltr'>aut</span> <span class='ocrx_word' id='word_1_95' title='bbox 450 1194 660 1265; x_wconf 80' lang='lat' dir='ltr'>exigere</span> <span class='ocrx_word' id='word_1_96' title='bbox 677 1193 862 1267; x_wconf 81' lang='lat' dir='ltr'>plagas</span> <span class='ocrx_word' id='word_1_97' title='bbox 882 1203 1097 1267; x_wconf 90' lang='lat' dir='ltr'>pavent.</span> <span class='ocrx_word' id='word_1_98' title='bbox 1167 1193 1438 1268; x_wconf 88' lang='lat' dir='ltr'>Cibosque</span> <span class='ocrx_word' id='word_1_99' title='bbox 1457 1203 1506 1251; x_wconf 89' lang='lat' dir='ltr'>et</span> <span class='ocrx_word' id='word_1_100' title='bbox 1520 1194 1828 1251; x_wconf 76' lang='lat' dir='ltr'>hortamina</span> <span class='ocrx_word' id='word_1_101' title='bbox 1848 1214 1949 1267; x_wconf 84' lang='lat' dir='ltr'>pu-</span> 
     </span>
     <span class='ocr_line' id='line_1_15' title="bbox 339 1269 876 1343; baseline 0.006 -20"><span class='ocrx_word' id='word_1_102' title='bbox 339 1269 631 1343; x_wconf 85' lang='lat' dir='ltr'>gnantibus</span> <span class='ocrx_word' id='word_1_103' title='bbox 649 1277 876 1343; x_wconf 82' lang='lat' dir='ltr'>gestant.</span> 
     </span>
    </p>

    <p class='ocr_par' dir='ltr' id='par_1_3' title="bbox 337 1344 1947 2248">
     <span class='ocr_line' id='line_1_16' title="bbox 450 1344 1947 1419; baseline 0 -18"><span class='ocrx_word' id='word_1_104' title='bbox 450 1348 503 1401; x_wconf 90' lang='lat'>8.</span> <span class='ocrx_word' id='word_1_105' title='bbox 544 1346 828 1401; x_wconf 81' lang='lat' dir='ltr'>Memoriae</span> <span class='ocrx_word' id='word_1_106' title='bbox 862 1345 1134 1419; x_wconf 83' lang='lat' dir='ltr'>proditur,</span> <span class='ocrx_word' id='word_1_107' title='bbox 1178 1344 1442 1418; x_wconf 88' lang='lat' dir='ltr'>quasdam</span> <span class='ocrx_word' id='word_1_108' title='bbox 1487 1344 1626 1400; x_wconf 88' lang='lat' dir='ltr'>acies</span> <span class='ocrx_word' id='word_1_109' title='bbox 1665 1344 1947 1403; x_wconf 86' lang='lat' dir='ltr'>inclinatas</span> 
     </span>
     <span class='ocr_line' id='line_1_17' title="bbox 340 1419 1945 1493; baseline 0 -16"><span class='ocrx_word' id='word_1_110' title='bbox 340 1422 448 1477; x_wconf 90' lang='lat' dir='ltr'>iam</span> <span class='ocrx_word' id='word_1_111' title='bbox 470 1428 521 1477; x_wconf 90' lang='lat' dir='ltr'>et</span> <span class='ocrx_word' id='word_1_112' title='bbox 548 1419 783 1477; x_wconf 87' lang='lat' dir='ltr'>labantes</span> <span class='ocrx_word' id='word_1_113' title='bbox 805 1440 835 1477; x_wconf 92' lang='lat' dir='ltr'>a</span> <span class='ocrx_word' id='word_1_114' title='bbox 855 1421 1072 1477; x_wconf 81' lang='lat' dir='ltr'>feminis</span> <span class='ocrx_word' id='word_1_115' title='bbox 1095 1422 1381 1488; x_wconf 85' lang='lat' dir='ltr'>restitutas,</span> <span class='ocrx_word' id='word_1_116' title='bbox 1414 1422 1704 1477; x_wconf 85' lang='lat' dir='ltr'>constantia</span> <span class='ocrx_word' id='word_1_117' title='bbox 1723 1440 1945 1493; x_wconf 84' lang='lat' dir='ltr'>precum</span> 
     </span>
     <span class='ocr_line' id='line_1_18' title="bbox 340 1497 1943 1570; baseline -0.001 -15"><span class='ocrx_word' id='word_1_118' title='bbox 340 1506 391 1554; x_wconf 86' lang='lat' dir='ltr'>et</span> <span class='ocrx_word' id='word_1_119' title='bbox 414 1498 623 1555; x_wconf 90' lang='lat' dir='ltr'>obiectu</span> <span class='ocrx_word' id='word_1_120' title='bbox 650 1506 945 1570; x_wconf 85' lang='lat' dir='ltr'>pectorum,</span> <span class='ocrx_word' id='word_1_121' title='bbox 974 1505 1027 1554; x_wconf 84' lang='lat' dir='ltr'>et</span> <span class='ocrx_word' id='word_1_122' title='bbox 1043 1504 1331 1554; x_wconf 86' lang='lat' dir='ltr'>monstrata</span> <span class='ocrx_word' id='word_1_123' title='bbox 1355 1497 1600 1552; x_wconf 90' lang='lat' dir='ltr'>cominus</span> <span class='ocrx_word' id='word_1_124' title='bbox 1619 1499 1943 1568; x_wconf 82' lang='lat' dir='ltr'>captivitate,</span> 
     </span>
     <span class='ocr_line' id='line_1_19' title="bbox 340 1573 1946 1648; baseline 0 -20"><span class='ocrx_word' id='word_1_125' title='bbox 340 1593 505 1646; x_wconf 88' lang='lat' dir='ltr'>quam</span> <span class='ocrx_word' id='word_1_126' title='bbox 546 1574 703 1648; x_wconf 86' lang='lat' dir='ltr'>longe</span> <span class='ocrx_word' id='word_1_127' title='bbox 739 1575 1086 1646; x_wconf 86' lang='lat' dir='ltr'>inpatientius</span> <span class='ocrx_word' id='word_1_128' title='bbox 1124 1573 1446 1628; x_wconf 81' lang='lat' dir='ltr'>seminarum</span> <span class='ocrx_word' id='word_1_129' title='bbox 1473 1591 1696 1630; x_wconf 89' lang='lat' dir='ltr'>suarum</span> <span class='ocrx_word' id='word_1_130' title='bbox 1727 1576 1946 1630; x_wconf 86' lang='lat' dir='ltr'>nomine</span> 
     </span>
     <span class='ocr_line' id='line_1_20' title="bbox 340 1648 1942 1722; baseline -0.001 -18"><span class='ocrx_word' id='word_1_131' title='bbox 340 1651 555 1704; x_wconf 87' lang='lat' dir='ltr'>timent:</span> <span class='ocrx_word' id='word_1_132' title='bbox 600 1649 747 1715; x_wconf 86' lang='lat' dir='ltr'>adeo,</span> <span class='ocrx_word' id='word_1_133' title='bbox 768 1658 827 1706; x_wconf 91' lang='lat' dir='ltr'>ut</span> <span class='ocrx_word' id='word_1_134' title='bbox 846 1649 1114 1706; x_wconf 83' lang='lat' dir='ltr'>efficacius</span> <span class='ocrx_word' id='word_1_135' title='bbox 1133 1649 1435 1722; x_wconf 83' lang='lat' dir='ltr'>obligentur</span> <span class='ocrx_word' id='word_1_136' title='bbox 1453 1648 1620 1703; x_wconf 84' lang='lat' dir='ltr'>animi</span> <span class='ocrx_word' id='word_1_137' title='bbox 1641 1649 1942 1710; x_wconf 83' lang='lat' dir='ltr'>civitatum,</span> 
     </span>
     <span class='ocr_line' id='line_1_21' title="bbox 340 1722 1947 1796; baseline 0.001 -18"><span class='ocrx_word' id='word_1_138' title='bbox 340 1724 543 1796; x_wconf 89' lang='lat' dir='ltr'>quibus</span> <span class='ocrx_word' id='word_1_139' title='bbox 573 1725 709 1780; x_wconf 87' lang='lat' dir='ltr'>inter</span> <span class='ocrx_word' id='word_1_140' title='bbox 738 1726 949 1782; x_wconf 87' lang='lat' dir='ltr'>obsides</span> <span class='ocrx_word' id='word_1_141' title='bbox 979 1724 1190 1796; x_wconf 89' lang='lat' dir='ltr'>puellae</span> <span class='ocrx_word' id='word_1_142' title='bbox 1210 1741 1429 1796; x_wconf 87' lang='lat' dir='ltr'>quoque</span> <span class='ocrx_word' id='word_1_143' title='bbox 1447 1722 1651 1779; x_wconf 89' lang='lat' dir='ltr'>nobiles</span> <span class='ocrx_word' id='word_1_144' title='bbox 1674 1725 1947 1795; x_wconf 86' lang='lat' dir='ltr'>imperan-</span> 
     </span>
     <span class='ocr_line' id='line_1_22' title="bbox 338 1798 1946 1873; baseline -0.002 -17"><span class='ocrx_word' id='word_1_145' title='bbox 338 1807 443 1856; x_wconf 83' lang='lat' dir='ltr'>tur.</span> <span class='ocrx_word' id='word_1_146' title='bbox 525 1801 705 1856; x_wconf 87' lang='lat' dir='ltr'>Inesse</span> <span class='ocrx_word' id='word_1_147' title='bbox 733 1800 866 1873; x_wconf 86' lang='lat' dir='ltr'>quin</span> <span class='ocrx_word' id='word_1_148' title='bbox 898 1801 1058 1854; x_wconf 86' lang='lat' dir='ltr'>etiam</span> <span class='ocrx_word' id='word_1_149' title='bbox 1087 1808 1332 1856; x_wconf 84' lang='lat' dir='ltr'>sanctum</span> <span class='ocrx_word' id='word_1_150' title='bbox 1355 1798 1562 1871; x_wconf 89' lang='lat' dir='ltr'>aliquid</span> <span class='ocrx_word' id='word_1_151' title='bbox 1579 1807 1630 1854; x_wconf 87' lang='lat' dir='ltr'>et</span> <span class='ocrx_word' id='word_1_152' title='bbox 1652 1800 1946 1870; x_wconf 86' lang='lat' dir='ltr'>providum</span> 
     </span>
     <span class='ocr_line' id='line_1_23' title="bbox 338 1874 1946 1946; baseline 0.001 -17"><span class='ocrx_word' id='word_1_153' title='bbox 338 1883 554 1946; x_wconf 87' lang='lat' dir='ltr'>putant:</span> <span class='ocrx_word' id='word_1_154' title='bbox 616 1893 714 1931; x_wconf 90' lang='lat' dir='ltr'>nec</span> <span class='ocrx_word' id='word_1_155' title='bbox 750 1883 841 1930; x_wconf 90' lang='lat' dir='ltr'>aut</span> <span class='ocrx_word' id='word_1_156' title='bbox 868 1874 1088 1942; x_wconf 81' lang='lat' dir='ltr'>consilia</span> <span class='ocrx_word' id='word_1_157' title='bbox 1119 1893 1300 1930; x_wconf 86' lang='lat' dir='ltr'>earum</span> <span class='ocrx_word' id='word_1_158' title='bbox 1335 1882 1706 1946; x_wconf 86' lang='lat' dir='ltr'>aspernantur,</span> <span class='ocrx_word' id='word_1_159' title='bbox 1750 1884 1844 1930; x_wconf 89' lang='lat' dir='ltr'>aut</span> <span class='ocrx_word' id='word_1_160' title='bbox 1866 1893 1946 1930; x_wconf 86' lang='lat' dir='ltr'>re-</span> 
     </span>
     <span class='ocr_line' id='line_1_24' title="bbox 337 1949 1947 2024; baseline -0.002 -18"><span class='ocrx_word' id='word_1_161' title='bbox 337 1969 533 2022; x_wconf 89' lang='lat' dir='ltr'>sponsa</span> <span class='ocrx_word' id='word_1_162' title='bbox 554 1951 849 2024; x_wconf 83' lang='lat' dir='ltr'>negligunt.</span> <span class='ocrx_word' id='word_1_163' title='bbox 930 1949 1200 2015; x_wconf 82' lang='lat' dir='ltr'>Vidimus,</span> <span class='ocrx_word' id='word_1_164' title='bbox 1222 1951 1326 2006; x_wconf 85' lang='lat' dir='ltr'>sub</span> <span class='ocrx_word' id='word_1_165' title='bbox 1346 1950 1472 2005; x_wconf 89' lang='lat' dir='ltr'>divo</span> <span class='ocrx_word' id='word_1_166' title='bbox 1492 1950 1824 2020; x_wconf 86' lang='lat' dir='ltr'>Vespasiano</span> <span class='ocrx_word' id='word_1_167' title='bbox 1844 1951 1947 2006; x_wconf 87' lang='lat' dir='ltr'>Ve-</span> 
     </span>
     <span class='ocr_line' id='line_1_25' title="bbox 340 2023 1943 2096; baseline -0.001 -15"><span class='ocrx_word' id='word_1_168' title='bbox 340 2023 513 2081; x_wconf 89' lang='lat' dir='ltr'>ledam</span> <span class='ocrx_word' id='word_1_169' title='bbox 534 2026 627 2081; x_wconf 90' lang='lat' dir='ltr'>diu</span> <span class='ocrx_word' id='word_1_170' title='bbox 649 2025 792 2096; x_wconf 89' lang='lat' dir='ltr'>apud</span> <span class='ocrx_word' id='word_1_171' title='bbox 814 2025 1096 2096; x_wconf 83' lang='lat' dir='ltr'>plerosque</span> <span class='ocrx_word' id='word_1_172' title='bbox 1117 2027 1358 2081; x_wconf 88' lang='lat' dir='ltr'>numinis</span> <span class='ocrx_word' id='word_1_173' title='bbox 1380 2025 1490 2080; x_wconf 91' lang='lat' dir='ltr'>loco</span> <span class='ocrx_word' id='word_1_174' title='bbox 1510 2024 1769 2082; x_wconf 85' lang='lat' dir='ltr'>habitam.</span> <span class='ocrx_word' id='word_1_175' title='bbox 1842 2025 1943 2080; x_wconf 89' lang='lat' dir='ltr'>Sed</span> 
     </span>
     <span class='ocr_line' id='line_1_26' title="bbox 338 2099 1942 2172; baseline -0.002 -15"><span class='ocrx_word' id='word_1_176' title='bbox 338 2111 389 2157; x_wconf 91' lang='lat' dir='ltr'>et</span> <span class='ocrx_word' id='word_1_177' title='bbox 416 2101 545 2157; x_wconf 90' lang='lat' dir='ltr'>olim</span> <span class='ocrx_word' id='word_1_178' title='bbox 566 2101 843 2156; x_wconf 83' lang='lat' dir='ltr'>Auriniam</span> <span class='ocrx_word' id='word_1_179' title='bbox 867 2111 917 2155; x_wconf 85' lang='lat' dir='ltr'>et</span> <span class='ocrx_word' id='word_1_180' title='bbox 934 2099 1228 2172; x_wconf 86' lang='lat' dir='ltr'>compluris</span> <span class='ocrx_word' id='word_1_181' title='bbox 1247 2100 1378 2156; x_wconf 88' lang='lat' dir='ltr'>alias</span> <span class='ocrx_word' id='word_1_182' title='bbox 1402 2099 1636 2156; x_wconf 86' lang='lat' dir='ltr'>venerati</span> <span class='ocrx_word' id='word_1_183' title='bbox 1655 2108 1802 2164; x_wconf 87' lang='lat' dir='ltr'>sunt,</span> <span class='ocrx_word' id='word_1_184' title='bbox 1838 2118 1942 2155; x_wconf 86' lang='lat' dir='ltr'>non</span> 
     </span>
     <span class='ocr_line' id='line_1_27' title="bbox 338 2175 1485 2248; baseline -0.002 -16"><span class='ocrx_word' id='word_1_185' title='bbox 338 2176 655 2241; x_wconf 89' lang='lat' dir='ltr'>adulatione,</span> <span class='ocrx_word' id='word_1_186' title='bbox 681 2193 776 2230; x_wconf 87' lang='lat' dir='ltr'>nec</span> <span class='ocrx_word' id='word_1_187' title='bbox 796 2183 1071 2248; x_wconf 87' lang='lat' dir='ltr'>tamquam</span> <span class='ocrx_word' id='word_1_188' title='bbox 1097 2175 1323 2230; x_wconf 79' lang='lat' dir='ltr'>facerent</span> <span class='ocrx_word' id='word_1_189' title='bbox 1341 2176 1485 2233; x_wconf 73' lang='lat' dir='ltr'>deae.</span> 
     </span>
    </p>

    <p class='ocr_par' dir='ltr' id='par_1_4' title="bbox 330 2249 1946 2773">
     <span class='ocr_line' id='line_1_28' title="bbox 448 2249 1944 2316; baseline -0.001 -10"><span class='ocrx_word' id='word_1_190' title='bbox 448 2256 496 2306; x_wconf 89' lang='lat'>9.</span> <span class='ocrx_word' id='word_1_191' title='bbox 542 2254 769 2306; x_wconf 86' lang='lat' dir='ltr'>Deorum</span> <span class='ocrx_word' id='word_1_192' title='bbox 804 2252 1042 2306; x_wconf 82' lang='lat' dir='ltr'>maxime</span> <span class='ocrx_word' id='word_1_193' title='bbox 1070 2252 1392 2306; x_wconf 81' lang='lat' dir='ltr'>Mercurium</span> <span class='ocrx_word' id='word_1_194' title='bbox 1431 2249 1629 2316; x_wconf 90' lang='lat' dir='ltr'>colunt,</span> <span class='ocrx_word' id='word_1_195' title='bbox 1665 2252 1756 2306; x_wconf 90' lang='lat' dir='ltr'>cui</span> <span class='ocrx_word' id='word_1_196' title='bbox 1785 2253 1944 2306; x_wconf 85' lang='lat' dir='ltr'>certis</span> 
     </span>
     <span class='ocr_line' id='line_1_29' title="bbox 336 2325 1946 2399; baseline -0.001 -17"><span class='ocrx_word' id='word_1_197' title='bbox 336 2327 527 2382; x_wconf 83' lang='lat' dir='ltr'>diebus</span> <span class='ocrx_word' id='word_1_198' title='bbox 549 2327 800 2381; x_wconf 88' lang='lat' dir='ltr'>humanis</span> <span class='ocrx_word' id='word_1_199' title='bbox 819 2345 1037 2399; x_wconf 87' lang='lat' dir='ltr'>quoque</span> <span class='ocrx_word' id='word_1_200' title='bbox 1057 2327 1245 2382; x_wconf 84' lang='lat' dir='ltr'>hostiis</span> <span class='ocrx_word' id='word_1_201' title='bbox 1268 2325 1416 2383; x_wconf 87' lang='lat' dir='ltr'>litare</span> <span class='ocrx_word' id='word_1_202' title='bbox 1434 2326 1511 2380; x_wconf 81' lang='lat' dir='ltr'>fas</span> <span class='ocrx_word' id='word_1_203' title='bbox 1532 2325 1750 2384; x_wconf 85' lang='lat' dir='ltr'>habent.</span> <span class='ocrx_word' id='word_1_204' title='bbox 1813 2326 1946 2383; x_wconf 78' lang='lat' dir='ltr'>ller-</span> 
     </span>
     <span class='ocr_line' id='line_1_30' title="bbox 335 2400 1944 2472; baseline -0.001 -16"><span class='ocrx_word' id='word_1_205' title='bbox 335 2400 509 2456; x_wconf 89' lang='lat' dir='ltr'>culem</span> <span class='ocrx_word' id='word_1_206' title='bbox 544 2418 603 2456; x_wconf 89' lang='lat' dir='ltr'>ac</span> <span class='ocrx_word' id='word_1_207' title='bbox 631 2403 849 2456; x_wconf 86' lang='lat' dir='ltr'>Martem</span> <span class='ocrx_word' id='word_1_208' title='bbox 872 2402 1138 2458; x_wconf 82' lang='lat' dir='ltr'>concessis</span> <span class='ocrx_word' id='word_1_209' title='bbox 1157 2401 1482 2456; x_wconf 88' lang='lat' dir='ltr'>animalibus</span> <span class='ocrx_word' id='word_1_210' title='bbox 1502 2401 1731 2472; x_wconf 85' lang='lat' dir='ltr'>placant.</span> <span class='ocrx_word' id='word_1_211' title='bbox 1813 2402 1944 2456; x_wconf 87' lang='lat' dir='ltr'>Pars</span> 
     </span>
     <span class='ocr_line' id='line_1_31' title="bbox 334 2475 1944 2548; baseline 0.001 -20"><span class='ocrx_word' id='word_1_212' title='bbox 334 2475 631 2530; x_wconf 86' lang='lat' dir='ltr'>Suevorum</span> <span class='ocrx_word' id='word_1_213' title='bbox 652 2483 702 2530; x_wconf 89' lang='lat' dir='ltr'>et</span> <span class='ocrx_word' id='word_1_214' title='bbox 720 2477 846 2532; x_wconf 89' lang='lat' dir='ltr'>Isidi</span> <span class='ocrx_word' id='word_1_215' title='bbox 868 2477 1146 2532; x_wconf 80' lang='lat' dir='ltr'>sacrificat.</span> <span class='ocrx_word' id='word_1_216' title='bbox 1219 2475 1368 2530; x_wconf 87' lang='lat' dir='ltr'>Unde</span> <span class='ocrx_word' id='word_1_217' title='bbox 1394 2493 1581 2530; x_wconf 83' lang='lat' dir='ltr'>caussa</span> <span class='ocrx_word' id='word_1_218' title='bbox 1604 2484 1655 2533; x_wconf 87' lang='lat' dir='ltr'>et</span> <span class='ocrx_word' id='word_1_219' title='bbox 1677 2476 1834 2548; x_wconf 82' lang='lat' dir='ltr'>origo</span> <span class='ocrx_word' id='word_1_220' title='bbox 1849 2494 1944 2548; x_wconf 87' lang='lat' dir='ltr'>pe-</span> 
     </span>
     <span class='ocr_line' id='line_1_32' title="bbox 332 2550 1940 2624; baseline 0.003 -23"><span class='ocrx_word' id='word_1_221' title='bbox 332 2551 545 2620; x_wconf 85' lang='lat' dir='ltr'>regrino</span> <span class='ocrx_word' id='word_1_222' title='bbox 590 2568 766 2616; x_wconf 86' lang='lat' dir='ltr'>sacro,</span> <span class='ocrx_word' id='word_1_223' title='bbox 814 2569 1006 2622; x_wconf 87' lang='lat' dir='ltr'>parum</span> <span class='ocrx_word' id='word_1_224' title='bbox 1055 2550 1319 2620; x_wconf 85' lang='lat' dir='ltr'>comperi,</span> <span class='ocrx_word' id='word_1_225' title='bbox 1370 2550 1477 2604; x_wconf 87' lang='lat' dir='ltr'>nisi</span> <span class='ocrx_word' id='word_1_226' title='bbox 1526 2550 1672 2621; x_wconf 91' lang='lat' dir='ltr'>quod</span> <span class='ocrx_word' id='word_1_227' title='bbox 1717 2552 1940 2624; x_wconf 86' lang='lat' dir='ltr'>signum</span> 
     </span>
     <span class='ocr_line' id='line_1_33' title="bbox 334 2622 1940 2698; baseline 0.004 -24"><span class='ocrx_word' id='word_1_228' title='bbox 334 2622 536 2690; x_wconf 89' lang='lat' dir='ltr'>ipsum,</span> <span class='ocrx_word' id='word_1_229' title='bbox 560 2624 617 2677; x_wconf 91' lang='lat' dir='ltr'>in</span> <span class='ocrx_word' id='word_1_230' title='bbox 641 2625 860 2680; x_wconf 89' lang='lat' dir='ltr'>modum</span> <span class='ocrx_word' id='word_1_231' title='bbox 883 2625 1127 2681; x_wconf 89' lang='lat' dir='ltr'>liburnae</span> <span class='ocrx_word' id='word_1_232' title='bbox 1146 2625 1458 2698; x_wconf 84' lang='lat' dir='ltr'>figuratum,</span> <span class='ocrx_word' id='word_1_233' title='bbox 1480 2622 1940 2688; x_wconf 82' lang='lat' dir='ltr'>docet,advectam</span> 
     </span>
     <span class='ocr_line' id='line_1_34' title="bbox 330 2692 1939 2773; baseline 0.007 -28"><span class='ocrx_word' id='word_1_234' title='bbox 330 2692 664 2765; x_wconf 71' lang='lat' dir='ltr'>religionem.</span> <span class='ocrx_word' id='word_1_235' title='bbox 744 2697 991 2759; x_wconf 78' lang='lat' dir='ltr'>Ceterum</span> <span class='ocrx_word' id='word_1_236' title='bbox 999 2740 1013 2766; x_wconf 87' lang='lat'>,</span> <span class='ocrx_word' id='word_1_237' title='bbox 1059 2717 1158 2758; x_wconf 82' lang='lat' dir='ltr'>neo</span> <span class='ocrx_word' id='word_1_238' title='bbox 1183 2699 1430 2759; x_wconf 81' lang='lat' dir='ltr'>cohihere</span> <span class='ocrx_word' id='word_1_239' title='bbox 1453 2698 1752 2773; x_wconf 81' lang='lat' dir='ltr'>parietibus</span> <span class='ocrx_word' id='word_1_240' title='bbox 1785 2699 1939 2768; x_wconf 81' lang='lat' dir='ltr'>deos,</span> 
     </span>
    </p>
   </div>
   <div class='ocr_carea' id='block_1_3' title="bbox 2074 596 2081 2092">
    <p class='ocr_par' dir='ltr' id='par_1_5' title="bbox 2074 596 2081 2092">
     <span class='ocr_line' id='line_1_35' title="bbox 2074 596 2081 2092; baseline 0 0"><span class='ocrx_word' id='word_1_241' title='bbox 2074 596 2081 2092; x_wconf 95' lang='lat' dir='ltr'> </span> 
     </span>
    </p>
   </div>
   <div class='ocr_carea' id='block_1_4' title="bbox 2077 2241 2081 2994">
    <p class='ocr_par' dir='ltr' id='par_1_6' title="bbox 2077 2241 2081 2994">
     <span class='ocr_line' id='line_1_36' title="bbox 2077 2241 2081 2994; baseline 0 0"><span class='ocrx_word' id='word_1_242' title='bbox 2077 2241 2081 2994; x_wconf 95' lang='lat' dir='ltr'> </span> 
     </span>
    </p>
   </div>
  </div>
 </body>
</html>
