2081 3038
282 219 403 274 ,436
868 225 1339 276 ΑΝΝΑωυΜ
1632 217 1922 293 (imam.

302 325 479 396 petitis
518 323 808 396 exemplis:
867 342 1031 394 nequo
1065 331 1204 381 enim
1237 343 1484 396 umquam
1510 332 1790 398 socialibus
1817 333 1926 384 hoc

300 404 587 454 maiestatis
611 405 788 471 [uisse.
866 401 989 454 Ideo
1010 401 1321 470 Augustales
1351 405 1596 466 adiectos,
1627 407 1758 472 qm‘a
1777 421 1926 472 pro-

298 479 475 545 prium
492 478 604 530 cius
621 478 803 530 domus
816 479 1164 530 sacerdotium
1181 484 1436 546 ease1‚pro
1447 486 1688 546 'quavota
1701 481 1925 546 persol-

300 558 558 610 verentur.

412 627 498 680 65.
529 625 769 696 Exsequi
788 625 1076 680 sententias
1094 625 1241 680 haud
1257 626 1488 692 institui,
1511 627 1618 682 nisi
1635 627 1916 700 insignes,

304 716 399 772 per
426 700 731 766 honestum,
764 707 857 755 aut
884 698 1102 756 notabili
1130 699 1410 757 dedecore:
1453 701 1598 773 quod
1621 703 1922 774 praecipu-

303 793 400 831 um
421 793 623 832 munus
643 774 920 830 annalium
944 792 1082 841 reor,
1111 793 1179 830 ne
1197 775 1420 831 virtutes
1437 775 1716 842 sileantur,
1737 785 1920 848 utque

303 852 485 922 pravis
517 845 674 906 dictis
710 849 969 923 factisque
995 867 1064 906 ex
1085 851 1388 922 posteritate
1415 859 1466 906 et
1483 850 1704 906 infamia
1727 858 1917 906 metus

304 927 393 981 sit.
474 925 720 983 Ceterum
758 933 993 998 tempora
1031 924 1124 980 illa
1153 924 1283 980 adeo
1309 924 1500 980 infecta
1531 933 1582 980 et
1605 925 1918 982 adulatione

304 1001 517 1064 sordida
549 999 714 1065 fuere,
744 1009 930 1056 utnon
956 1000 1116 1056 modo
1141 1001 1402 1072 primores
1421 1000 1671 1066 civitatis,
1699 1000 1916 1072 quibus

216 1104 218 1107 ·
304 1075 564 1131 claritudo
598 1091 697 1128 sua
735 1075 1011 1146 obsequiis
1049 1075 1370 1148 protegenda
1408 1083 1545 1141 erat,
1585 1075 1680 1130 sed
1714 1092 1913 1130 omnes

304 1149 631 1213 consulares»,
672 1167 865 1222 magna
908 1167 1034 1222 pars
1075 1167 1284 1216 eorum,
1315 1151 1413 1222 qui
1436 1157 1682 1222 praetura
1711 1149 1909 1216 functi,

305 1224 573 1296 multique
592 1225 749 1279 etiam
770 1224 972 1295 pedarii
990 1232 1258 1280 senatores
1277 1225 1513 1280 certatim
1529 1233 1908 1300 exsurgerent,

194 1357 201 1364 ,
306 1299 565 1371 foedaque
584 1307 635 1354 et
660 1299 826 1354 nimia
856 1307 1148 1354 censerent.
1228 1301 1513 1356 Memoriae
1530 1300 1790 1372 proditur,
1813 1301 1912 1355 Ti-

304 1375 537 1441 berium,
568 1375 815 1447 quotiens
846 1375 993 1430 curia
1026 1375 1380 1448 egrederetur,
1413 1375 1628 1430 Graecis
1647 1375 1826 1432 verbis
1845 1376 1908 1430 in

306 1451 453 1506 hunc
478 1449 698 1506 modum
728 1448 911 1523 eloqui
932 1449 1173 1515 solitum,
1206 1469 1238 1505 ο
1263 1454 1490 1505 homines
1513 1455 1586 1504 ad
1607 1455 1909 1505 servitutem

302 1528 549 1595 paratos!
584 1525 814 1592 Scilicet,
826 1526 987 1583 etiam
1004 1524 1182 1592 illum,
1201 1527 1299 1598 qui
1317 1526 1612 1581 libertatem
1630 1524 1903 1597 publicam

308 1601 490 1667 nollet,
512 1609 618 1656 tam
637 1602 897 1672 proiectae
914 1601 1265 1657 servientium
1287 1601 1570 1673 patientiae
1589 1600 1839 1655 taedebat.

416 1680 501 1731 66.
543 1676 825 1733 Paullatim
844 1676 1124 1732 dehincab
1147 1676 1412 1731 indecoris
1435 1676 1504 1730 ad
1523 1674 1711 1730 infesta
1731 1682 1906 1730 trans-

306 1750 699 1823 grediebantur.
780 1750 840 1805 C.
870 1749 1135 1817 Silanum,
1157 1750 1529 1823 proconsulem
1549 1750 1726 1816 Asiae,
1750 1767 1904 1821 repe-

308 1824 669 1885 tundarum-,a
704 1825 866 1879 sociis
904 1825 1252 1897 postulatum,
1283 1828 1586 1885 Mamercus
1619 1824 1850 1880 Scaurus
1871 1842 1903 1881 e

307 1898 699 1965 consularibus,
720 1899 909 1957 Iunius
930 1899 1068 1957 Otho
1086 1908 1293 1973 praetor
1307 1943 1321 1967 ,
1343 1900 1618 1956 Brutidius
1635 1902 1798 1974 Niger
1814 1918 1904 1955 ae-

308 1974 455 2041 dilis,
476 1973 643 2031 simul
661 1974 973 2046 corripiunt,
994 1976 1364 2049 obiectantque
1390 1975 1646 2033 violatum
1672 1976 1900 2048 Augusti

309 2066 530 2116 numen,
559 2058 791 2122 spretam
810 2050 1009 2106 Tiberii
1026 2052 1386 2107 maiestatem:
1428 2051 1745 2117 Mamercus,
1766 2052 1900 2105 anti-

308 2142 417 2197 qua
455 2125 698 2197 exempla
734 2125 953 2191 iaciens,
995 2126 1058 2181 L.
1091 2126 1298 2183 Cottam
1317 2145 1346 2181 a
1371 2125 1618 2197 Scipione
1635 2126 1895 2191 Africano,

306 2198 422 2265 Ser.
447 2199 672 2258 Galbam
690 2218 721 2255 a
742 2199 936 2257 Catone
952 2203 1212 2267 censorio,
1234 2202 1294 2257 P.
1315 2200 1578 2258 Rutilium
1598 2218 1628 2255 a
1647 2202 1720 2257 M.
1741 2199 1900 2255 Scau—

308 2293 369 2330 ro
388 2283 677 2334 accusatos.
742 2275 999 2332 Videlicet
1016 2276 1194 2349 Scipio
1218 2284 1270 2331 et
1285 2276 1414 2334 Cato
1435 2276 1556 2333 talia
1574 2276 1900 2331 ulcisceban-

310 2358 417 2417 tur,
448 2361 541 2407 aut
566 2350 663 2405 ille
678 2349 929 2417 ScauruS,
953 2368 1116 2423 quem
1137 2369 1396 2423 proavum
1421 2370 1604 2417 suum,
1628 2351 1898 2423 opprobri—

314 2443 405 2479 um
446 2426 725 2482 maiorum.
749 2426 1048 2481 Mamercus
1073 2426 1275 2485 infami
1309 2444 1469 2499 opera
1506 2426 1893 2493 dehonestabat.

300 2501 465 2555 lunio
478 2500 678 2565 ⁴Othoni
698 2500 1011 2557 litterarium
1032 2500 1224 2557 ludum
1245 2518 1487 2557 exercere
1495 2508 1648 2558 vetus
1667 2518 1756 2557 ars
1771 2500 1893 2557 fuit:

313 2590 440 2634 mox
458 2572 637 2631 Seiani
654 2577 883 2647 potentia
902 2585 1132 2642 senator,
1161 2576 1388 2633 obscura
1407 2577 1560 2631 initia
1579 2576 1901 2649 impudenti-

312 2646 417 2703 bus
454 2651 601 2703 ausis
636 2651 980 2723 propellebat.
1057 2651 1360 2707 Brutidium
1375 2694 1388 2717 ,
1429 2652 1633 2707 artibus
1672 2652 1899 2707 honestis

304 2722 609 2793 Qatnu,
652 2734 721 2791 et,
762 2728 809 2781 si
849 2736 1050 2783 rectum
1085 2729 1182 2781 iter
1208 2736 1466 2800 pergeret,
1508 2725 1578 2781 ad
1611 2725 1898 2782 clarissima
