2081 3038
311 215 410 272 272
709 220 762 266 c.
814 219 1192 266 CORNELII
1240 218 1511 266 TA01T1

308 325 414 364 obit.
451 323 515 362 29.
530 321 699 362 Bellum
716 321 911 362 Britanni
929 324 1129 370 reparant
1144 319 1326 370 Calgaco
1341 319 1461 366 duce,
1482 319 1604 378 cuius
1622 318 1803 359 80-82.
1816 327 1912 358 ora-

307 393 370 430 tio
383 391 436 430 ad
451 400 568 430 suos.
589 391 650 428 83.
663 390 727 429 84.
737 390 950 428 Romanos
964 399 1133 439 quoqne
1146 386 1566 436 hortaturAgrioola.
1584 387 1765 427 85—87.
1774 385 1917 426 Atrox

307 462 351 498 et
369 461 590 498 cruentum
615 459 838 506 proelium.
883 459 948 496 38.
976 457 1115 496 Penes
1134 457 1347 495 Romanos
1364 456 1561 497 victoria.
1597 453 1801 504 Agrleola
1816 455 1912 496 Bri-

307 527 498 566 tanniam
517 525 780 566 circumveni
797 525 1020 573 praecipit.
1761 517 1773 529 '

255 629 260 637 ,
346 605 348 614 ·
408 596 472 634 39.
492 595 783 638 Domitianus,
811 593 948 631 fronte
967 592 1127 636 iaetus,
1156 593 1330 640 pectore
1345 591 1521 636 annus,
1547 590 1755 630 nuncium
1772 592 1913 632 victo·

313 665 403 704 riae
427 663 600 711 excipit.
651 663 718 704 40.
743 661 941 699 Honores
965 661 1111 698 tamen
1127 657 1353 706 Agricolae
1378 658 1551 698 decerni
1574 658 1713 705 lubet,
1742 660 1913 700 condito

309 733 429 779 odio,
465 731 602 770 donec
632 727 854 778 provincia
883 727 1062 767 decedat
1090 726 1303 775 Agricola.
1357 725 1401 765 Is
1426 726 1565 766 redux
1588 725 1783 766 modeste
1808 729 1912 776 agit.

307 799 373 838 41.
391 797 632 836 Periculum
651 796 707 835 ab
723 795 1049 836 adcusatoribus
1068 797 1112 833 et
1129 794 1439 834 laudatoribus.
1482 795 1548 834 42.
1566 793 1763 834 Excusat
1778 803 1837 840 se,
1858 806 1913 834 ne

309 866 574 914 provinciam
592 865 792 903 sortiatur
808 863 1053 912 proconsul.
1084 862 1149 902 43.
1161 861 1265 902 Oblt
1276 871 1364 901 non
1380 862 1472 900 sine
1484 862 1639 902 veneni
1654 863 1911 912 suspicione,

309 944 336 972 a
352 933 599 972 DomItiano
618 933 720 971 dati.
765 931 830 970 44.
857 931 962 970 Eius
982 931 1116 978 aetas,
1134 929 1319 976 habitus,
1340 930 1537 978 honores,
1556 939 1675 980 opes.
1716 930 1783 971 45.
1800 930 1915 971 Mor-

310 1002 367 1040 tis
394 1001 692 1050 opportunitas
719 1002 818 1038 ante
842 997 1078 1036 Domitiani
1104 998 1363 1037 atrocitates.
1414 998 1481 1038 46.
1508 995 1699 1047 Questus
1724 999 1913 1040 auctoris

311 1071 355 1108 et
373 1079 429 1107 cx
445 1069 604 1107 virtute
623 1065 788 1106 solatia.
825 1065 955 1104 Fama
973 1064 1199 1113 Agricolae
1218 1065 1271 1104 ad
1289 1067 1483 1114 posteros
1501 1066 1765 1106 masmine..

426 1172 472 1223 i.
495 1160 789 1222 Clarorum
810 1168 1057 1222 virorum
1080 1165 1218 1222 facta
1242 1185 1531 1241 moresque
1551 1169 1787 1240 posteris
1808 1176 1914 1226 tra-

314 1245 462 1310 dere,
488 1243 794 1314 antiquitus
813 1243 1098 1307 usitatum,
1123 1261 1193 1298 ne
1214 1245 1413 1298 nostris
1440 1243 1669 1315 quidem
1697 1252 1917 1318 tempo-

311 1320 498 1384 rihuS,
550 1335 888 1391 quamquam
927 1319 1205 1374 incuriosa
1250 1336 1476 1375 suorum
1514 1329 1661 1375 aetas
1700 1322 1911 1387 omisit,

312 1396 567 1469 quotiens
590 1411 790 1468 magna
811 1394 998 1465 aliqua
1023 1411 1089 1448 ac
1118 1394 1324 1449 nobilis
1349 1396 1527 1450 virtus
1558 1395 1695 1452 vicit
1720 1413 1787 1451 ac
1816 1415 1915 1452 su-

311 1489 599 1547 pergressa
625 1479 711 1527 est
739 1471 940 1526 vitium
957 1512 970 1537 ,
1003 1470 1193 1542 parvis
1229 1471 1559 1544 magnisque
1588 1472 1914 1529 civitatibus

312 1565 620 1612 commune,
655 1548 1020 1621 ignorantiam
1048 1546 1182 1601 recti
1204 1555 1259 1601 et
1278 1547 1571 1603 invidiam.
1624 1547 1737 1603 Sed
1764 1550 1914 1621 apud

309 1626 540 1697 prioreS,
566 1631 628 1678 ut
646 1640 808 1697 agere
828 1631 1131 1677 memoratu
1150 1621 1323 1695 digna
1356 1639 1591 1694 pronum
1620 1626 1915 1698 magisque

311 1703 370 1755 in
399 1706 584 1771 aperto
606 1707 748 1763 erat,
781 1699 859 1753 ita
888 1697 1283 1752 celeberrimus
1302 1699 1543 1770 quisque
1572 1700 1819 1773 ingenio,
1845 1702 1915 1757 ad

311 1773 894 1848 prodendam‘virtutis
915 1773 1257 1838 memoriam,
1282 1774 1402 1829 sine
1424 1776 1599 1847 gratia
1620 1784 1715 1831 aut
1732 1778 1917 1832 ambi-

312 1852 487 1916 tione,
522 1851 697 1907 bonae
726 1858 937 1905 tantum
969 1850 1339 1905 conscientiae
1376 1852 1553 1921 pretio
1586 1850 1914 1907 ducebatur.

312 1929 390 1983 Ac
419 1928 692 2000 plerique,
723 1942 880 1981 suam
915 1925 1027 1996 ipsi
1054 1925 1226 1981 vitam
1253 1942 1491 1991 narrare,
1523 1925 1782 1982 fiduciam
1814 1946 1919 2001 po-

311 2006 422 2059 tius
452 2020 692 2066 morum,
722 2018 890 2072 quam
921 1999 1300 2073 adrogantiam
1336 2001 1583 2058 arbitrati
1608 2011 1767 2060 sunt:
1812 2022 1918 2059 nec

313 2080 372 2135 id
391 2078 597 2135 Rutilio
617 2086 671 2133 et
691 2076 898 2133 Scauro
916 2077 1054 2132 citra
1078 2074 1246 2131 fidem
1268 2086 1363 2134 aut
1381 2078 1763 2134 obtrectationi
1787 2079 1915 2135 fuit.

313 2155 467 2211 Adeo
497 2155 730 2210 virtutes
761 2152 963 2208 iisdem
992 2152 1336 2225 temporibus
1370 2156 1577 2226 optime
1617 2156 1919 2211 aestiman-

315 2243 428 2296 tur,
481 2230 689 2302 quibus
729 2227 994 2284 facillime
1031 2229 1361 2302 gignuntur.
1426 2228 1496 2286 At
1542 2230 1712 2295 mihi,
1766 2249 1919 2286 nunc

312 2313 594 2362 narraturo
623 2305 794 2362 vitam
824 2303 1073 2360 defuncti
1102 2303 1375 2370 hominis,
1418 2307 1579 2362 venia
1606 2322 1749 2378 opus
1777 2306 1912 2362 fuit:

311 2399 478 2453 quam
507 2398 616 2437 non
644 2381 926 2453 petissem,
950 2380 1009 2435 ni
1028 2380 1383 2436 incusatums
1408 2390 1519 2437 tam
1550 2398 1712 2437 saeva
1742 2391 1799 2437 et
1828 2384 1918 2438 in-

312 2457 449 2512 festa
478 2456 778 2513 virtutibus
805 2465 1072 2529 tempora.

421 2552 475 2604 2.
496 2550 780 2622 LegimuS,
795 2566 922 2606 cum
941 2548 1183 2605 Aruleno
1202 2551 1426 2607 Rustico
1444 2552 1639 2625 Paetus
1652 2551 1914 2619 Thrasea,

310 2625 584 2678 Herennio
606 2623 899 2681 Senecioni
919 2626 1141 2680 Priscus
1162 2626 1455 2683 Helvidius
1478 2627 1686 2683 laudati
1707 2637 1915 2695 essent,

313 2698 546 2765 capitale
567 2698 768 2755 fuisse:
801 2717 982 2771 neque
1003 2702 1063 2755 in
1084 2702 1237 2774 ipsos
1257 2702 1418 2758 modo
1439 2712 1707 2769 auctoreS,
1731 2702 1835 2760 sed
1858 2705 1918 2761 in

341 2768 487 2823 'bros
495 2788 718 2841 quoque
727 2790 917 2828 eorum
927 2777 1221 2843 saevitum,
1229 2776 1480 2853 delegato
1489 2780 1803 2837 triumviris
1815 2780 1921 2839 mi-
