2081 3038
207 240 454 314 mono.)
603 246 784 295 ’1,13.
825 248 862 294 1.
906 249 1086 297 car.
1129 250 1375 298 77—79.
1738 247 1843 310 ιτ,

205 352 336 407 ratis
373 351 483 404 iam
513 349 738 406 senibus
767 348 1051 406 cumulum
1078 349 1353 425 dignitatis
1382 351 1609 410 addidit:
1650 362 1702 410 et
1725 373 1811 410 re·-

205 443 334 482 cens
354 424 422 480 ab
442 423 634 480 exsilio
653 441 894 480 reversos
911 424 1119 480 nobiles
1138 425 1554 483 adolescentulos
1573 430 1732 484 avitis
1748 448 1810 485 ac

205 501 442 572 paternis
472 499 800 566 sacerdotiis,
839 501 899 554 in
923 499 1195 566 solatium,
1236 499 1471 558 recoluit.
1552 503 1809 559 Redditus

205 569 566 640 Cadio'Rul'o‚
608 573 768 641 Bedio
802 573 1006 640 Blaeso,
1037 573 1267 630 Saevino
1296 577 1573 648 Pomptino
1602 587 1809 635 senato-

206 653 323 706 rius
345 649 512 705 locus.
563 648 997 721 Repetundarum
1021 650 1343 705 criminibus
1371 650 1477 706 suh
1501 649 1723 708 Claudio
1749 672 1811 708 ac

207 726 416 780 Nerone
431 722 744 779 ceciderant.
796 723 998 779 Placuit
1020 725 1440 798 ignoscentibus,
1460 743 1617 782 verso
1636 729 1810 784 nomi-

205 817 293 864 ne,
318 798 464 871 quod
483 799 704 854 avaritia
723 797 912 864 fuerat,
934 798 1107 854 videri
1127 801 1484 862 maiestatem:
1513 802 1671 857 cuius
1690 810 1807 858 tum

203 875 328 931 odio
347 875 504 928 etiam
530 873 699 928 bonae
719 871 864 946 leges
880 874 1145 945 peribant.

315 951 402 1004 78.
443 947 642 1003 Eadem
674 947 950 1021 largitione
970 949 1246 1004 civitatum
1268 967 1487 1022 quoque
1510 967 1573 1005 ac
1588 953 1808 1022 provin-

182 1020 410 1080 'ciarum
433 1024 640 1079 animos
659 1021 968 1096 adgressus,
991 1023 1421 1095 Hispaliensibus
1442 1033 1492 1080 et
1509 1025 1806 1081 Emeriten-

203 1099 358 1154 sibus
381 1095 705 1153 familiarum
727 1097 1066 1164 adiectiones,
1091 1098 1424 1173 Lingonibus
1442 1101 1713 1156 universis
1731 1102 1809 1156 ci-

204 1175 418 1229 vitatem
442 1173 752 1236 Romanam,
767 1173 1073 1244 provinciae
1092 1174 1327 1230 Baeticae
1344 1176 1651 1230 Maurorum
1672 1179 1807 1230 civi-

204 1257 334 1304 tates
353 1248 494 1304 dono
511 1247 675 1302 dedit.
717 1247 866 1303 Nova
887 1249 1004 1302 iura
1023 1247 1401 1320 Cappadociae,
1423 1267 1557 1305 nova
1576 1249 1802 1314 Africae,

202 1332 404 1380 ostenta
426 1323 621 1396 magis,
643 1337 808 1394 quam
831 1339 1104 1378 mansura.
1164 1324 1303 1378 Inter
1322 1341 1479 1396 quae,
1499 1326 1808 1380 necessitate

202 1399 566 1471 praesentium
607 1413 788 1452 rerum
815 1404 881 1451 -et
904 1397 1231 1452 instantibus
1260 1399 1405 1452 curis
1430 1408 1697 1464 excusata,
1727 1413 1806 1455 ‘ne

203 1481 320 1530 tum
348 1472 571 1546 quidem
601 1473 882 1528 immemor
910 1489 1177 1538 amorum,
1206 1479 1405 1529 statuas
1424 1473 1693 1545 Poppaeae
1713 1491 1807 1547 per

203 1557 423 1605 senatus
441 1547 747 1605 consultum
769 1548 1026 1619 reposuit.
1096 1547 1341 1604 Creditus
1360 1556 1441 1603 est
1458 1549 1613 1603 etiam
1635 1547 1701 1603 de
1718 1566 1807 1603 ce·

205 1622 456 1680 lehi-anda
481 1624 708 1679 Neronis
728 1624 984 1679 memoria
1015 1622 1320 1696 agitavisse,
1350 1640 1446 1695 spe
1465 1623 1691 1697 vulgum
1712 1624 1806 1679 ad·

204 1698 439 1756 liciendi.
501 1698 569 1753 Et
589 1697 754 1763 fuere,
777 1699 875 1770 qui
895 1698 1161 1771 imagines
1181 1698 1405 1755 Neronis
1422 1706 1801 1770 proponerent:

202 1783 364 1847 atque
392 1774 552 1828 etiam
581 1771 773 1828 Othoni
807 1773 1133 1845 quibusdam
1166 1772 1355 1828 diebus
1380 1773 1611 1845 populus
1632 1782 1683 1829 et
1702 1774 1806 1829 mi·

203 1850 302 1915 les,
332 1857 610 1921 tamquam
639 1846 963 1903 nobilitatem
985 1864 1049 1903 ac
1066 1847 1229 1903 decus
1255 1847 1603 1913 adstruerent,
1629 1866 1803 1903 annom

200 1942 376 1981 omont
414 1921 750 1978 adclamavit.
829 1924 951 1994 lpse
985 1923 1044 1977 in
1078 1940 1340 1995 suspenso
1365 1924 1561 1987 tenuit,
1592 1922 1809 1978 vetandi

202 2008 370 2063 metu,
393 1997 478 2053 vel
500 1998 856 2071 adgnoscendi
882 1997 1103 2068 p'udore.

310 2076 398 2129 79.
422 2072 710 2128 Conversis
729 2072 796 2127 ad
815 2071 974 2127 civile
995 2072 1195 2127 bellum
1218 2072 1433 2137 animiS,
1457 2080 1669 2126 externa
1687 2072 1804 2126 sIne

203 2166 330 2205 cura
351 2148 702 2203 habebantur.
785 2148 860 2202 Eo
879 2145 1163 2201 audentius
1182 2146 1497 2211 Rhoxolani,
1518 2145 1804 2200 Sarmatica

202 2241 355 2298 gens,
398 2224 574 2294 priore
601 2221 778 2277 hieme
806 2222 976 2276 caesis
1002 2220 1214 2276 duabus
1246 2221 1570 2287 cohortibus,
1612 2236 1804 2293 magna

204 2315 301 2370 spe
336 2298 404 2352 ad
433 2297 688 2352 Moesiam
718 2297 1061 2367 inruperant:
1104 2311 1293 2351 novem
1329 2294 1497 2350 millia
1536 2295 1802 2367 equitum.

205 2372 455 2428 ferociora
484 2388 738 2427 successu
769 2378 819 2426 et
851 2369 1076 2442 praedae
1103 2371 1274 2443 magis
1296 2387 1457 2442 quam
1489 2386 1701 2443 pugnae
1720 2370 1805 2424 in-

145 2438 156 2447 ’
203 2456 362 2504 tenta.
428 2448 597 2521 Igitur
616 2462 780 2535 vagos
804 2454 854 2500 et
873 2445 1171 2500 incuriosos
1192 2446 1339 2499 tertia
1363 2444 1519 2518 legio,
1543 2444 1806 2499 adiunctis

203 2521 443 2587 auxiliis,
466 2529 682 2593 repente
699 2522 914 2575 invasit.
955 2518 1117 2591 Apud
1126 2520 1391 2575 Romanos
1408 2520 1586 2575 omnia
1607 2517 1806 2590 proelio

203 2606 354 2669 apta:
397 2594 685 2660 Sarmatae,
717 2594 949 2667 dispersi
969 2590 1223 2665 cu'pidine
1242 2592 1484 2665 praedae,
1508 2602 1599 2648 aut
1615 2610 1807 2667 graves

202 2688 362 2727 onere
391 2671 744 2735 sarcinarum,
777 2678 828 2725 et
854 2668 1061 2724 lubrico
1086 2670 1340 2723 itinerum
1370 2668 1613 2740 adempta
1642 2684 1807 2741 equo-

203 2764 326 2801 rum
366 2746 697 2818 pernicitate,
735 2744 883 2801 velut
907 2743 1073 2801 vincti
1111 2742 1481 2798 caedebantur.
1560 2743 1806 2815 Namque
