2081 3038
148 231 393 310 reso.)
511 243 664 290 LIB.
714 238 872 291 x111.
914 241 1090 292 clar.
1133 243 1372 292 52-54,
1639 227 1738 291 347

149 351 512 403 accusatorum
538 345 979 410 circumsteterat,
1011 345 1364 418 poscebatque
1385 353 1598 417 tempus
1617 361 1740 400 evo-—

148 419 439 476 candorum
459 420 701 476 testium:
724 436 849 475 reus
866 418 1009 475 illico
1027 419 1237 475 defendi
1256 419 1570 491 postulabat.
1636 420 1744 476 Va-

149 495 357 568 luitque
375 495 661 567 pecuniosa
678 495 899 551 orbitate
918 503 969 550 et
984 503 1211 561 senecta,
1233 512 1401 568 quam
1419 495 1558 550 ultra
1576 496 1740 550 vitam

148 588 335 626 eorum
352 569 626 642 produxit„
644 587 875 642 quorum
896 570 1102 626 ambitu
1121 577 1376 627 evaserat.

257 649 343 702 53.
384 643 605 713 Quietae
620 645 765 702 ad-id
780 652 995 720 tempus
1010 663 1098 702 res
1123 645 1182 700 in
1201 645 1488 702 Germania
1516 643 1739 710 fuerant,

149 721 366 796 ingenio
390 719 590 777 ducum
603 762 618 788 ,
640 720 767 796 qui,
786 720 1116 796 pervulgatis
1134 719 1394 793 triumphi
1413 718 1741 792 insignibus,

151 797 329 852 maius
347 813 415 852 ex
432 813 495 852 eo
512 795 677 852 decus
688 797 989 870 sperabant,
1000 797 1050 853 si
1063 813 1250 870 pacem
1269 795 1742 852 continuavissent.

151 871 431 928 Paullinus
450 872 733 944 Pompeius
754 879 805 928 et
824 873 885 928 L.
899 873 1066 930 Vetus
1083 889 1145 928 ea
1164 879 1472 944 tempestate
1489 868 1746 927 exercitui

150 955 443 1019 praeerant.
522 948 601 1003 Ne
619 955 796 1005 tamen
814 965 1035 1024 segnem
1056 947 1280 1004 militem
1301 946 1597 1002 adtinerent
1609 985 1629 1010 ,
1652 941 1748 998 ille

152 1022 457 1078 inchoatum
478 1032 597 1079 ante
615 1031 723 1080 tres
738 1031 794 1080 et
806 1025 1081 1098 sexaginta
1095 1023 1488 1080 annosaDruso
1497 1035 1746 1096 aggerem

151 1097 437 1155 coercendo
454 1099 657 1164 Rheno,
678 1097 933 1156 absolvit:
957 1098 1124 1157 Vetus
1142 1097 1414 1156 Mosellam
1435 1105 1596 1169 atque
1613 1094 1748 1150 Ara-

150 1174 275 1238 rim,
300 1172 431 1230 facta
449 1174 899 1248 inter-utrumque
918 1174 1077 1240 fossa,
1105 1182 1412 1230 connectere
1427 1171 1663 1244 parabat,
1687 1176 1748 1225 ut

151 1249 331 1320 copiae
348 1265 444 1320 per
462 1267 625 1316 mare,
648 1249 772 1306 dein
791 1249 1046 1306 Rhodano
1065 1258 1117 1306 et
1133 1249 1296 1304 Arare
1313 1248 1596 1306 subvectae
1610 1289 1625 1312 ,
1652 1261 1747 1318 per

151 1339 269 1379 eam
297 1322 493 1380 fossam
509 1367 525 1391 ,
562 1342 690 1381 mox
716 1323 882 1381 fluvio
898 1325 1114 1382 Mosella
1143 1326 1200 1379 in
1227 1324 1474 1378 Rhenum
1491 1364 1506 1388 ,
1535 1323 1662 1378 exin
1687 1321 1748 1376 in
1781 1341 1789 1348 ·

152 1397 425 1454 Oceanum
442 1399 807 1456 decurrerent:
840 1400 1174 1470 sublatisque
1193 1398 1446 1456 itinerum
1459 1395 1746 1452 difficulta-

151 1474 299 1531 tibus
314 1515 329 1541 ,
358 1473 683 1548 navigabilia
710 1475 846 1530 inter
861 1491 923 1529 se
942 1472 1242 1529 Occidentis
1260 1471 1750 1544 Septentrionisque

153 1548 306 1603 litora
334 1548 537 1603 flerent.
615 1549 814 1605 Invidit
838 1551 985 1621 operi
1016 1548 1200 1603 Aelius
1225 1547 1454 1603 Gracilis
1466 1588 1480 1612 ,
1510 1546 1750 1619 Belgicae

156 1622 363 1697 legatus
376 1664 391 1689 ,
420 1622 729 1682 deterrendo
753 1622 1021 1689 Veterem,
1053 1641 1118 1678 ne
1145 1627 1366 1693 leyiones
1391 1626 1598 1679 alienae
1621 1638 1750 1690 pro-

155 1702 361 1753 vinciae
390 1702 631 1769 inferret,
662 1702 935 1769 studiaque
962 1698 1264 1755 Galliarum
1287 1702 1601 1768 adfectant.-
1637 1702 1752 1767 for-

154 1775 461 1829 mularum
477 1778 535 1828 id
552 1778 853 1845 imperator-⁸
864 1773 1136 1845 dictitans,
1159 1791 1270 1847 quo
1287 1771 1610 1848 plerumque
1627 1787 1752 1845 pro-

154 1847 409 1904 hibentur
424 1854 643 1904 conatus
662 1847 889 1905 honesti.

264 1924 351 1979 5⁴.
392 1920 638 1979 Ceterum
656 1925 907 1981 continuo
922 1932 1257 1981 exercituum
1272 1924 1396 1989 otio,
1417 1922 1560 1979 fama
1578 1922 1752 1978 inces-

156 2000 246 2064 sit,
269 2006 497 2068 ereptum
510 2003 595 2055 ius
614 2001 797 2069 legatis
814 2002 1035 2055 ducendi
1049 2004 1108 2056 in
1123 2003 1332 2057 hortm.
1358 2014 1365 2028 ⁸
1387 1998 1573 2071 quue
1591 1997 1754 2053 Frisii

157 2076 489 2131 iuventutem
516 2074 743 2131 saltibus
770 2082 863 2131 aut
888 2074 1178 2148 paludibus
1191 2116 1206 2142 ,
1245 2071 1499 2131 inbellem
1530 2079 1752 2129 aetatem

157 2164 255 2222 per
273 2148 421 2206 lacus
440 2149 721 2207 admovere
736 2152 885 2223 ripae
896 2191 910 2216 ,
943 2166 1205 2225 agrosque
1222 2166 1420 2207 vacuos
1437 2158 1491 2205 et
1517 2146 1753 2205 militum

158 2225 287 2281 usui
306 2225 561 2298 sepositos
581 2224 838 2294 insedere,
861 2226 1285 2283 auctoreVerrito
1303 2230 1357 2281 et
1373 2222 1754 2298 Malorige,qui

159 2301 427 2357 nationem
444 2318 563 2357 eam
583 2300 859 2375 regebant,
889 2303 948 2357 in
966 2309 1232 2375 quantum
1252 2299 1506 2358 Germani
1525 2316 1754 2375 regnan·

160 2385 267 2432 tur.
345 2377 565 2450 Iamque
582 2376 807 2433 fixerant
822 2378 1029 2445 domos,
1049 2377 1256 2433 semina
1274 2377 1420 2433 arvis
1443 2373 1750 2441 intulerant,

159 2460 329 2525 utque
346 2452 578 2525 patrium
599 2452 775 2509 solum
794 2452 1132 2509 exercebant:
1165 2468 1289 2509 cum
1308 2451 1518 2507 Dubius
1535 2449 1748 2517 Avitus,

160 2534 370 2599 accepta
390 2527 672 2584 aPaullino
689 2530 982 2601 provincia,
998 2527 1293 2585 minitando
1311 2526 1426 2585 vim
1435 2528 1749 2593 Romanam,

160 2602 269 2659 nisi
288 2601 627 2659 abscederent
644 2604 803 2662 Frisii
826 2612 1025 2662 veteres
1045 2605 1103 2659 in
1131 2603 1272 2659 locos
1287 2644 1300 2669 ,
1329 2610 1424 2659 aut
1446 2619 1641 2661 novam
1667 2620 1754 2659 se-

159 2678 284 2733 dem
304 2695 335 2733 a
354 2677 576 2735 Caesare
591 2680 914 2752 inpetrarent
926 2723 940 2749 ,
970 2678 1206 2754 perpulit
1223 2678 1490 2738 Verritum
1521 2686 1572 2734 et
1589 2678 1755 2737 Malo-

160 2754 314 2828 rigen
328 2795 341 2820 ‚
386 2772 565 2827 preces
603 2756 891 2830 suscipere.
971 2754 1300 2829 Profectiq-ue
1326 2754 1546 2813 Romam
1564 2798 1577 2825 ,
1619 2754 1751 2811 dum
