2081 3038
308 220 407 275 332
771 224 870 272 DE
910 225 1423 273 ORATORIBUS

308 346 374 383 ex
393 325 781 383 sordidissimis
801 326 1062 393 artificiis,
1081 326 1334 382 discatur.
1358 326 1502 399 Ergo
1518 325 1662 379 hanc
1681 326 1918 397 primam

305 410 358 457 et
375 403 718 473 praeeipuam
738 420 983 457 caussam
1004 402 1247 468 arbitror,
1280 419 1377 455 cur
1401 401 1458 456 in
1485 408 1695 455 tantum
1718 401 1789 455 ab
1811 400 1921 457 elo·-

305 478 522 549 quentia
544 479 886 549 antiquorum
907 485 1173 533 oratorum
1200 477 1601 531 recesserimus.
1672 475 1731 530 Si
1762 482 1921 531 testes

303 551 704 607 desiderantur:
767 570 904 625 quos
941 554 1169 624 potiores
1206 552 1513 617 nominabo,
1563 568 1733 623 quam
1774 552 1922 623 apud

305 628 534 683 Graecos
545 627 986 683 Demosthenem?
1023 645 1186 700 quem
1207 627 1669 682 studiosissimum
1681 626 1922 682 Platonis

309 704 604 759 auditorem
638 702 824 767 fuisse,
867 704 1154 757 memoriae
1174 701 1445 773 proditum
1466 709 1562 756 est.
1642 701 1715 755 Et
1734 701 1921 757 Cicero

306 778 414 845 his,
439 787 499 833 ut
517 779 724 850 opinor,
749 778 948 842 verbiS,
971 775 1239 850 quidquid
1262 778 1314 831 in
1340 778 1639 849 eloquentia
1660 776 1915 841 effecerit,

307 856 398 920 ait,
431 872 489 908 se
518 872 625 909 non
655 853 948 918 rhetorum,
981 852 1076 907 sed
1103 852 1420 907 Academiae
1447 852 1635 923 spatiis
1656 870 1920 907 consecu-

308 938 443 984 tum.
524 928 661 983 Sunt
685 928 819 983 aliae
849 945 1089 993 caussae,
1128 945 1353 1001 magnae
1378 936 1430 981 et
1458 944 1673 1000 graves,
1716 945 1859 999 quas
1888 946 1918 981 a

307 1004 462 1060 vobis
499 1004 696 1076 aperiri
735 1019 968 1074 aequum
1009 1010 1107 1069 est,
1150 1003 1405 1075 quoniam
1426 1001 1647 1074 quidem
1678 1020 1779 1077 ego
1806 1005 1915 1059 iam

308 1096 490 1135 meum
521 1095 723 1133 munus
751 1076 984 1149 explevi,
1023 1085 1093 1143 et,
1126 1077 1272 1151 quod
1290 1077 1428 1132 mihi
1448 1080 1505 1132 in
1526 1079 1915 1133 consuetudine

306 1162 403 1219 est,
446 1154 576 1208 satis
613 1152 812 1207 multos
849 1152 1073 1207 offendi:
1116 1154 1213 1224 qui
1247 1152 1457 1207 si-sorte
1482 1152 1615 1208 haec
1640 1154 1909 1219 audirent,

303 1235 506 1282 certum
538 1226 708 1282 habeo
727 1226 981 1292 dicturOS,
1025 1245 1130 1293 me,
1159 1228 1291 1283 dum
1311 1229 1448 1283 iuris
1473 1234 1523 1282 et
1541 1228 1913 1301 philosophiae

303 1302 602 1368 scientiam,
643 1310 919 1374 tamquam
946 1304 1139 1359 oratori
1157 1304 1533 1370 necessariam,
1574 1303 1757 1370 laudo,
1798 1306 1913 1359 ine-

301 1379 430 1450 ptiis
449 1378 587 1433 meis
606 1376 889 1449 plausisse.

413 1458 498 1510 33.
540 1454 608 1509 Et
632 1455 922 1519 Maternus,
956 1454 1091 1509 Mihi
1111 1452 1352 1527 quidem,
1377 1454 1573 1526 inquit,
1598 1462 1911 1528 susceptum

303 1548 333 1585 a
359 1538 412 1585 te
431 1549 632 1585 munus
661 1529 790 1586 adeo
815 1531 1089 1604 peregisse
1115 1529 1356 1585 nondum
1386 1529 1605 1596 videriS,
1639 1539 1701 1584 ut
1726 1531 1911 1586 incho-

301 1623 421 1660 asse
449 1613 675 1671 tantum,
707 1613 760 1660 et
779 1605 926 1661 velut
955 1605 1178 1678 vestigia
1220 1623 1283 1660 ac
1307 1604 1627 1660 lineamenta
1642 1606 1907 1678 quaedam

299 1680 613 1745 ostendisse,
639 1680 890 1736 videariS.
953 1681 1110 1745 Nam,
1132 1680 1337 1752 quibus
1361 1681 1557 1735 instrui
1575 1689 1783 1736 veteres
1796 1700 1911 1737 ora·

301 1763 438 1810 tores
458 1754 600 1810 soliti
621 1756 749 1821 sint,
763 1755 966 1822 dixisti,
979 1755 1441 1828 differentiamque
1460 1754 1912 1812 nostraedesidiae

302 1838 353 1885 et
370 1830 681 1886 inscientiae
701 1831 959 1888 adversus
984 1831 1241 1886 acerrima
1260 1838 1312 1886 et
1330 1831 1712 1887 secundissima
1726 1850 1906 1887 eorum

301 1905 477 1960 studia
507 1906 909 1962 demonstrasti:
951 1914 1121 1962 cetera
1152 1913 1418 1979 exspecto,
1449 1914 1528 1971 ut,
1557 1907 1909 1980 quemadmo-

301 1981 433 2036 dum
463 1999 530 2036 ex
557 1989 608 2036 te
637 1981 820 2047 didici,
850 1980 985 2054 quid
1003 1989 1098 2036 aut
1114 1981 1194 2036 illi
1216 1982 1450 2055 scierint,
1474 1990 1567 2036 aut
1584 1999 1684 2037 nos
1704 1985 1907 2038 nescia-

301 2075 447 2123 muS,
479 2060 552 2113 ita
581 2057 681 2112 hoc
700 2073 916 2128 quoque
937 2074 1271 2130 cognoscam,
1295 2057 1499 2130 quibus
1518 2058 1908 2114 exercitationi-

299 2131 404 2186 bus
426 2133 669 2198 iuveneS,
695 2133 802 2186 iam
825 2130 999 2186 forum
1019 2133 1338 2205 ingressuri,
1362 2132 1679 2188 confirmare
1699 2141 1752 2188 et
1772 2132 1906 2188 alere

299 2206 516 2280 ingenia
549 2225 646 2262 sua
677 2206 817 2262 soliti
845 2208 970 2262 sint.
1052 2209 1240 2279 Neque
1270 2209 1415 2263 enim
1446 2215 1558 2262 arte
1586 2216 1636 2262 et
1664 2208 1900 2273 scientia,

300 2282 395 2336 sed
431 2282 586 2356 longe
615 2283 789 2355 magis
825 2281 1070 2338 facultate
1098 2283 1457 2356 eloquentiam
1487 2284 1777 2350 contineri,
1812 2301 1905 2338 nec

301 2365 377 2422 tu,
402 2367 550 2428 puto,
575 2358 796 2422 abnueS,
819 2366 868 2412 et
889 2357 946 2412 hi
967 2358 1273 2431 significare
1293 2358 1449 2414 vultu
1476 2358 1747 2414 videntur.

409 2432 630 2497 Deinde,
677 2449 801 2487 cum
835 2432 977 2505 Aper
1003 2450 1223 2506 quoque
1250 2442 1302 2488 et
1346 2433 1628 2489 Secundus
1649 2434 1794 2488 idem
1816 2434 1904 2489 ad-

300 2505 564 2572 nuissent,
601 2507 849 2577 Messala,
882 2508 1040 2580 quasi
1074 2525 1266 2563 rursus
1294 2510 1587 2580 incipiens:
1640 2508 1899 2575 Quoniam

298 2579 450 2634 initia
475 2589 527 2635 et
553 2583 758 2636 semina
789 2583 983 2638 veteris
1011 2581 1345 2654 eloquentiae
1362 2585 1493 2638 satis
1514 2583 1902 2640 demonstrasse

297 2651 498 2735 videor,
531 2655 766 2712 docendo
795 2657 998 2729 quibus
1023 2658 1231 2714 artibus
1263 2659 1472 2731 antiqui
1500 2666 1731 2720 oratores
1752 2660 1905 2715 insti-

300 2729 374 2776 *ιιι
391 2727 708 2802 ‚erudirique
733 2731 876 2788 soliti
919 2733 1056 2790 sint:
1106 2749 1400 2805 persequar
1430 2750 1578 2790 nunc
1606 2733 1902 2792 exercitati-
