2081 3038
172 286 297 330 auc.
324 274 418 349 aa.)
537 278 698 329 me.
739 272 892 331 xtv.
933 278 1112 331 cAP.
1154 278 1394 333 διν-52.
1592 246 1596 261 ’
1670 276 1768 333 3⁴9

173 390 344 439 ctatus
363 389 462 448 est,
495 382 642 455 quod
659 384 826 439 multa
848 392 898 440 et
917 384 1170 457 probrosa
1188 387 1247 440 in
1266 393 1440 457 patres
1460 393 1511 440 et
1530 386 1772 443 sacerdo-

173 466 254 513 tes
271 459 675 530 composuisset,
697 460 767 515 iis
788 458 962 526 libris,
976 460 1179 532 quibus
1192 476 1383 515 nomen
1394 460 1769 519 Codicillorum

171 532 404 589 dederat.
446 532 739 591 Adiiciebat
755 534 939 590 Talius
959 536 1243 601 Geminus,
1256 543 1551 595 accusator:
1588 542 1772 593 vendi-

173 618 288 663 tata
306 611 376 663 ab
395 626 456 663 ec
471 627 687 666 munera
700 615 976 681 principia,
989 621 1038 666 et
1057 614 1506 681 adipiscendorum
1524 616 1772 669 honorum

171 688 285 739 ius.-
321 700 465 757 quae
483 702 671 741 caussa
695 686 890 742 Neroni
912 685 1014 741 suit
1031 686 1361 759 suscipiendi
1382 686 1600 743 iudicii:
1646 704 1773 743 con-

170 760 486 832 victumque
521 760 863 817 Veientonem
893 760 1040 817 Italia
1078 761 1301 834 depulit,
1342 770 1395 817 et
1422 760 1588 818 libros
1616 763 1772 817 exuri

169 834 351 909 iussit,
383 836 710 908 conquisitos
744 835 1124 910 lectitatosque,
1168 836 1333 893 donec
1370 854 1495 892 cum
1534 836 1771 910 periculo

169 908 524 981 parabantur:
575 927 703 967 mox
731 910 944 967 licentia
963 910 1197 967 habendi
1214 910 1539 968 oblivionem
1559 910 1766 967 adtulit.

279 987 336 1039 5⁴
350 1026 367 1041 .
407 984 511 1040 Sed
529 987 965 1061 gravescentibus
983 987 1044 1042 in
1062 986 1177 1041 dies
1196 986 1428 1059 publicis
1448 985 1626 1053 malis,
1638 986 1771 1043 sub-

169 1058 309 1115 sidia
328 1060 736 1117 minuebantur:
766 1064 1134 1135 concessitque
1142 1062 1249 1118 vita
1268 1062 1767 1128 Burrus,ineertum

169 1133 476 1190 valetudine
500 1152 569 1190 an
590 1152 812 1192 veneno.
891 1135 1150 1192 valetudo
1178 1154 1246 1192 ex
1272 1154 1333 1193 eo
1357 1130 1764 1202 coniectabatur,

169 1210 316 1281 quod
342 1210 400 1264 in
428 1228 488 1266 se
512 1212 933 1267 tumescentibus
951 1210 1230 1284 paullatim
1250 1211 1517 1279 faucibus,
1546 1222 1597 1267 et
1613 1214 1769 1285 inpe-

167 1284 280 1340 dito
305 1293 504 1352 meatu,
535 1286 787 1361 spiritum
808 1286 1053 1343 finiebat:
1102 1286 1304 1359 plures,
1337 1290 1492 1343 iussu
1518 1288 1764 1353 Neronis,

166 1360 327 1433 quasi
347 1360 647 1416 remedium
667 1361 1024 1428 adhiberetur,
1044 1361 1260 1418 inlitum
1278 1362 1515 1435 palatum
1534 1365 1651 1418 eius
1673 1380 1768 1418 no-

166 1435 256 1491 xio
285 1434 657 1502 medicamine,
687 1437 1094 1493 adseverabant:
1137 1444 1188 1492 et
1214 1438 1445 1493 Burrum
1462 1477 1475 1503 ‚
1506 1437 1768 1492 intellecto

166 1508 387 1577 scelere,
413 1529 543 1568 cum
571 1510 640 1568 ad
665 1511 952 1569 visendum
983 1530 1108 1567 eum
1131 1513 1379 1585 princeps
1398 1512 1649 1578 venisset,
1674 1512 1768 1567 ad-

166 1595 413 1658 spectum
441 1587 560 1643 eius
591 1596 914 1656 aversatum,
946 1588 1237 1643 sciscitanti
1264 1588 1519 1644 hactenus
1546 1605 1768 1660 respon—

164 1661 332 1728 disse,
363 1661 474 1731 qu
499 1679 582 1717 me
599 1665 720 1718 bem
737 1666 911 1719 habeo.
989 1662 1204 1718 Civitati
1222 1662 1423 1736 grande
1440 1662 1765 1719 desiderium

165 1739 286 1792 eius
323 1738 541 1803 mansit,
568 1755 664 1810 per
700 1739 1012 1795 memoriam
1052 1739 1285 1804 virtutis,
1316 1746 1369 1795 et
1396 1755 1764 1795 successorum

165 1811 387 1868 alterius
424 1829 643 1887 segnem
681 1814 1060 1880 innocentiam,
1100 1814 1317 1870 alterius
1354 1813 1767 1891 flagrantissima

167 1885 367 1962 flagitia
405 1896 458 1943 et
494 1886 770 1944 adulteria.
849 1887 1061 1962 Quippe
1098 1888 1291 1946 Caesar
1326 1890 1462 1947 duos
1489 1889 1765 1963 praetoriis

165 1961 476 2019 cohortibus
495 1964 828 2036 inposuerat:
871 1966 1099 2022 Fenium
1118 1965 1340 2031 Rufum,
1363 1983 1431 2021 ex
1448 1966 1600 2040 vulgi
1620 1966 1767 2021 favo-

166 2055 244 2105 re,
266 2039 399 2112 quia
417 2055 532 2094 rem
551 2038 954 2096 frumentariam
973 2043 1091 2096 sine
1109 2048 1335 2113 quaestu
1354 2039 1633 2095 tractabat:
1670 2039 1766 2095 So-

167 2113 377 2170 fonium
407 2113 753 2188 Tigellinum,
785 2124 1014 2170 veterem
1042 2115 1413 2186 inpudicitiam
1442 2122 1602 2186 atque
1630 2114 1767 2169 infa-

167 2189 334 2244 miam
360 2190 420 2244 in
449 2207 511 2245 eo
537 2199 770 2246 secutus.
848 2190 1024 2262 Atque
1052 2188 1134 2246 illi
1165 2208 1261 2262 pro
1280 2190 1504 2264 cognitis
1526 2188 1765 2244 moribus

167 2263 344 2321 fuere:
393 2263 621 2321 validior
647 2265 710 2321 Ti
749 2265 945 2320 ellinus
969 2266 1027 2320 in
1058 2267 1235 2321 animo
1262 2265 1542 2338 principis,
1574 2272 1623 2318 et
1640 2264 1767 2319 inti-

166 2341 273 2396 mis
311 2338 632 2396 libidinibus
670 2358 701 2396 a
737 2349 1014 2413 sumptus:
1057 2357 1309 2413 prospera
1324 2338 1511 2412 populi
1542 2346 1592 2394 et
1619 2338 1768 2393 mili-

165 2423 284 2470 tum
312 2413 455 2470 fama
479 2414 682 2473 Rufus:
723 2415 870 2490 quod
895 2415 1039 2490 apud
1065 2416 1327 2482 Neronem
1357 2414 1643 2470 adversum
1672 2430 1768 2468 ex-

263 2489 487 2546 ‘ebatnn
1302 2495 1313 2511 ‘

163 2506 362 2623 penm-
403 2565 547 2622 Mors
573 2566 730 2622 Burri
757 2565 974 2642 infregit
1007 2565 1234 2621 Senecae
1267 2559 1586 2637 potentiam3
1635 2563 1762 2636 quia

165 2657 264 2696 nec
291 2641 451 2696 bonis
480 2641 684 2696 artibus
715 2641 856 2697 idem
887 2643 1088 2698 virium
1118 2649 1245 2705 erat,
1279 2637 1439 2694 altero
1464 2638 1611 2693 velut
1629 2639 1765 2693 duce

163 2725 362 2784 amoto,
394 2724 446 2770 et
463 2715 602 2772 Nero
621 2716 688 2772 ad
706 2715 985 2772 deteriores
1005 2713 1313 2772 inclinabat.
1391 2714 1458 2768 Hi
1478 2714 1641 2770 variis
1658 2715 1767 2769 cri—

163 2791 555 2848 minationibus
573 2791 823 2847 Senecam
845 2791 1175 2856 adcriuntur,
1207 2799 1452 2859 tauquam
1471 2793 1697 2860 inqentes
1718 2799 1767 2844 et
