2081 3038
159 227 407 301 resta.)
619 237 778 281 ms.
818 235 915 280 ιν.
957 235 1137 280 οΑΡ.
1181 236 1230 280 s.
1275 237 1321 280 9.
1671 228 1766 280 449

157 337 279 410 gari
310 353 403 408 per
432 337 666 410 speciem
694 333 987 388 maestitiae
1013 334 1255 388 sedentes
1271 377 1284 399 ,
1315 335 1533 391 honoris
1559 334 1770 407 locique

159 411 467 479 admonuit;
508 418 562 466 et
588 409 819 464 effusum
849 409 907 462 in
938 407 1184 463 lacrimas
1205 418 1474 475 senatum,
1506 412 1645 466 victo
1674 429 1770 484 ge·-

162 487 323 551 mitu,
348 484 515 540 simul
533 483 767 540 oratione
786 483 1035 538 continua
1057 483 1241 538 erexit.
1313 486 1430 538 Non
1449 490 1652 553 quidem
1668 481 1788 540 sibi*

158 567 433 630 iynarum,
456 576 607 629 posse
630 563 790 628 arqui
802 600 814 622 ‚
843 561 979 627 quod
1004 567 1112 612 tam
1139 563 1333 612 recenti
1357 563 1532 613 dolore
1554 565 1770 615 subierit

159 639 343 690 oculos
359 643 599 690 senatus:
619 637 714 688 vix
729 638 1146 703 propinquorum
1162 635 1413 702 adloquia
1434 637 1664 698 tolerari,
1675 640 1770 689 vim

159 715 301 766 diem
324 714 531 778 adspici
547 727 584 764 a
595 711 859 779 plerisque
887 712 1186 778 lugentium.
1264 709 1444 777 Neque
1468 711 1587 762 illos
1615 713 1772 762 imbe-

162 787 409 840 cillitatis
432 788 781 840 damnandos:
830 801 886 843 se
922 792 1094 839 tamen
1118 789 1345 855 fortiora
1372 785 1565 838 solatia
1589 801 1616 836 e
1638 801 1774 837 com-

158 863 330 929 plexu
346 861 567 926 reipubl.
582 865 840 929 petivisse.
898 860 1290 932 Miseratusque
1308 858 1572 928 Auyustae
1597 867 1774 912 extre-

166 951 308 988 mam
326 942 603 999 senectam,
635 938 817 990 rudem
840 939 1011 990 adhuc
1040 943 1279 1004 nepotum
1307 943 1356 988 et
1376 943 1664 1002 veryentem
1682 951 1775 988 ae·-

168 1017 327 1063 tatem
362 1025 536 1074 suam,
580 1018 639 1064 ut
672 1011 975 1066 Germanici
1008 1013 1184 1074 liberi,
1209 1015 1386 1065 unica
1422 1013 1774 1078 praesentium

165 1085 425 1138 malorum
463 1088 773 1147 levamenta,
820 1089 1216 1149 inducerentur,
1266 1085 1475 1158 petivit.
1553 1085 1772 1160 Egressi

163 1157 435 1226 eonsules,
446 1159 681 1217 firmatos
700 1159 953 1234 adloquio
972 1159 1389 1216 adolescentulos
1408 1159 1773 1232 deductosque

164 1241 289 1290 ante
306 1233 582 1292 Caesarem
604 1243 864 1292 statuunt.
945 1235 1158 1302 Quibus
1183 1235 1534 1307 adprehensis
1551 1278 1563 1301 ‚
1593 1238 1773 1291 Patres

166 1315 473 1379 conscripti,
495 1315 611 1376 hos,
634 1311 839 1383 inquit,
863 1314 1072 1366 orbatos
1088 1312 1330 1380 parente,
1365 1316 1566 1366 tradidi
1578 1321 1774 1380 patruo

164 1391 422 1456 ipsorum,
440 1395 786 1455 precatusque
805 1403 945 1448 sum,
976 1395 1292 1454 quamquam
1311 1394 1437 1439 esset
1457 1389 1540 1438 illi
1551 1390 1775 1452 propria

162 1463 387 1524 soboles,
408 1477 474 1515 ne
490 1476 637 1516 secus
652 1501 665 1523 ‚
688 1476 845 1529 quam
864 1476 1014 1513 suum
1032 1463 1361 1528 sanquinem,
1381 1465 1572 1528 foveret
1591 1477 1654 1512 ac
1675 1461 1776 1512 tol—

166 1540 322 1599 leret,
360 1538 561 1605 sibique
584 1542 636 1588 et
658 1533 881 1603 posteris
926 1539 1291 1603 conformaret.
1368 1533 1558 1601 Erepto
1583 1535 1774 1597 Druso,

163 1620 346 1680 preces
364 1614 435 1665 ad
454 1628 543 1663 vos
564 1617 829 1671 converto,
852 1612 1055 1677 diisque
1075 1616 1122 1662 et
1136 1612 1320 1677 patria
1342 1625 1518 1662 coram
1538 1611 1774 1672 obtestor,

170 1686 392 1755 Augusti
407 1691 727 1752 pronepotes,
752 1684 1062 1739 clarissimis
1078 1686 1364 1739 maioribus
1381 1687 1598 1753 quiite-3,
1611 1688 1770 1739 susci-

166 1764 292 1829 pite,
314 1764 504 1827 regite:
531 1766 756 1813 vestram
772 1776 1037 1829 meamque
1055 1762 1218 1816 vicem
1235 1762 1450 1828 emplete.
1510 1760 1600 1815 „Hi
1615 1764 1774 1823 vobis,

174 1836 315 1891 Nero
343 1843 390 1888 et
411 1834 603 1897 Druse,
632 1842 909 1903 parentum
938 1838 1066 1890 loco.
1142 1836 1230 1889 Ita
1247 1839 1362 1889 nati
1387 1839 1534 1900 estis,
1567 1844 1624 1890 ul
1645 1838 1778 1889 bona

170 1912 413 1979 malaque
432 1917 604 1964 vestra
624 1914 696 1963 ad
711 1912 958 1978 rempubl.
974 1916 1288 1979 pertineant.

282 1986 334 2037 9.
376 1984 567 2058 Magno
606 2001 667 2039 ea
704 1982 859 2049 fletu,
898 1992 950 2040 et
976 2002 1104 2041 mox
1133 1984 1526 2057 precationibus
1563 1983 1774 2051 faustiS,

170 2058 378 2117 audita:
422 2076 509 2125 ac,
538 2060 587 2113 'si
607 2058 829 2115 modum
848 2061 1069 2116 orationi
1090 2062 1386 2132 posuisset,
1417 2059 1776 2115 misericordia

170 2136 259 2189 sui
279 2133 558 2208 gloriaque
576 2135 784 2191 animos
804 2134 1138 2191 audientium
1159 2135 1498 2207 impleverat:
1527 2134 1598 2189 ad
1618 2151 1774 2199 vana,

168 2218 223 2264 et
250 2210 441 2265 totiens
467 2210 635 2265 inrisa
656 2208 929 2265 revolutus
944 2250 959 2275 ‚
990 2215 1056 2265 de
1071 2214 1336 2266 reddenda
1359 2213 1560 2278 republ.
1575 2252 1590 2273 ,
1623 2218 1779 2277 utque

172 2288 432 2349 consules,
460 2302 553 2339 seu
570 2289 689 2355 quis
706 2287 871 2349 alius,
892 2290 1120 2354 reyimen
1136 2290 1478 2353 susciperent,
1501 2301 1627 2339 vero
1645 2300 1781 2355 quo-

170 2377 283 2433 que
298 2367 352 2415 et
370 2359 591 2416 honesto
608 2358 767 2415 fidem
786 2360 1038 2431 dempsit.
1088 2361 1372 2417 Memoriae
1391 2361 1550 2415 Drusi
1571 2359 1776 2423 eadem,

171 2434 389 2507 quaein
412 2434 823 2500 Germanicum,
852 2434 1544 2507 decernuntursplerisque
1563 2434 1776 2497 additis,
1804 2460 1809 2465 -

176 2518 239 2564 ut
264 2510 431 2565 ferme
455 2518 601 2565 amat
620 2510 879 2583 posterior
916 2510 1168 2567 adulatio.
1247 2512 1438 2565 Funus
1475 2510 1778 2583 imaginum

174 2602 371 2657 pompa
394 2586 626 2641 maxime
643 2584 873 2641 inlustre
896 2582 1027 2652 fuit,
1058 2602 1184 2641 cum
1213 2588 1361 2659 origo
1389 2584 1554 2639 Iuliae
1580 2585 1776 2659 gentiS‚

175 2661 402 2724 Aeneas,
423 2677 721 2734 omnesque
738 2660 1070 2717 Albanorum
1090 2678 1242 2735 reges
1256 2702 1270 2725 ‚
1304 2667 1354 2715 et
1373 2660 1608 2716 conditor
1628 2660 1778 2715 urbis

175 2734 473 2804 Romulus,
503 2744 623 2811 post
640 2735 836 2797 Sabina
856 2736 1134 2804 nobilitas,
1169 2735 1324 2795 Attus
1354 2734 1612 2809 Clausus,
1643 2744 1782 2793 cete-
