2081 3038
214 144 308 197 152
691 149 1339 197 HISTORIARUM
1538 140 1816 217 (nmina.

208 250 319 305 Nec
339 247 449 304 ulla
467 249 931 319 apudVitellianos
949 249 1134 323 flagitii
1156 268 1351 327 poena:
1380 258 1431 307 et
1446 253 1703 325 praemiis
1722 253 1823 309 de-

209 325 466 380 fectorum
498 342 650 380 versa
681 325 834 393 fides,
865 344 926 380 ac
957 327 1229 399 reliquum
1251 326 1505 399 perfidiae
1523 336 1815 383 certamen.

209 399 405 455 Crebra
423 399 716 473 transfugia
739 402 1075 458 tribunorum
1098 403 1602 475 centurionumque.
1674 404 1811 458 Nam

205 476 487 549 gregarius
508 476 664 531 miles
684 476 996 533 induruerat
1015 495 1112 549 pro
1131 476 1369 533 Vitellio:
1410 478 1579 534 donee
1600 478 1817 534 Priscus

209 560 260 605 et
279 550 580 623 Alphenus.
602 552 824 607 desertis
843 554 1051 616 castris,
1074 553 1141 607 ad
1153 551 1425 611 Vitellium
1447 556 1698 627 regressi,
1710 570 1816 625 pu-

209 626 335 681 dore
362 626 674 698 proditionis
691 636 907 683 cunctos
929 628 1281 683 exsolverent.

320 706 404 757 62.
429 702 622 758 Iisdem
643 703 836 757 diebus
855 703 1055 761 Fabius
1075 702 1269 759 Valens
1287 702 1477 761 Urbini
1498 702 1555 759 in
1574 704 1816 759 custodia

209 777 543 833 interficitur.
610 777 783 849 Caput
801 778 918 831 eius
939 777 1237 837 Vitellianis
1258 778 1567 837 cohortibus
1582 788 1819 835 ostenta-

207 860 346 917 tum,
372 871 438 908 ne
465 871 628 925 quam
653 853 788 909 ultra
807 871 959 924 spem
983 852 1245 910 foverent:
1290 872 1415 909 nam
1434 856 1737 925 pervasisse
1757 856 1815 910 in

209 928 552 984 Germaniam
575 928 847 983 Valentem
877 938 928 983 et
949 937 1151 983 veteres
1181 928 1293 985 illio
1310 946 1585 1001 novosque
1608 931 1818 985 exerci-

207 1014 297 1059 tus
317 1005 456 1057 ciere
475 1002 773 1058 credebant.
848 1003 976 1057 Visa
994 1004 1152 1059 caede
1173 1005 1229 1059 in
1250 1005 1818 1075 desperationemwer-

207 1080 276 1134 si.
357 1078 422 1132 Et
445 1078 732 1133 Flavianus
769 1080 1053 1141 exercituS,
1096 1081 1313 1135 inmane
1336 1090 1603 1151 quantum
1632 1084 1815 1136 animo

206 1154 432 1207 exitium
466 1152 720 1218 Valentis,
754 1160 810 1207 ut
839 1153 997 1207 finem
1035 1154 1182 1218 belli,
1216 1156 1435 1225 accepit.
1514 1154 1683 1211 Natus
1702 1165 1817 1210 erat

207 1227 403 1282 Valens
426 1228 716 1300 Anagniae,
760 1231 994 1299 equestri
1019 1227 1239 1285 familia.
1322 1231 1519 1287 Procax
1546 1230 1810 1296 moribus,

208 1319 384 1375 neque
414 1303 680 1357 absurdus
713 1304 945 1375 ingeniO,
981 1302 1176 1359 famam
1204 1304 1519 1361 urbanitatis
1539 1323 1633 1377 per
1658 1305 1815 1361 lasci-

207 1380 351 1433 viam
387 1388 577 1449 petere.
659 1379 886 1434 Ludicro
915 1380 1248 1435 iuvenalium
1279 1380 1383 1435 sub
1410 1382 1635 1445 Nerone.
1666 1380 1814 1436 velut

207 1470 273 1509 ex
305 1455 632 1516 necessitate,
666 1472 789 1509 mox
820 1464 1024 1526 sponte,
1052 1456 1247 1511 mimos
1273 1457 1523 1519 actitavit,
1548 1458 1677 1510 scite
1698 1473 1813 1512 ma-

205 1531 292 1603 gis
317 1548 481 1602 quam
516 1530 694 1601 probe.
776 1532 1004 1604 Legatus
1028 1530 1253 1602 legionis
1272 1542 1323 1586 et
1343 1530 1473 1586 fovit
1492 1532 1809 1605 Verginium

208 1615 258 1659 et
297 1605 593 1660 infamavit.
675 1605 952 1660 Fonteium
983 1605 1670 1677 Capitonem-commatum,
1711 1624 1811 1662 seu

207 1681 332 1752 quia
355 1696 704 1750 conrumpere
726 1681 1055 1752 nequiverat,
1080 1679 1357 1736 interfecit.
1412 1681 1611 1737 Galbae
1630 1682 1815 1752 prodi-

207 1763 313 1809 tor:
359 1755 568 1809 Vitellio
590 1755 729 1809 lidus
751 1766 802 1809 et
822 1755 1049 1810 aliorum
1070 1755 1289 1826 perfidia
1312 1754 1646 1812 inlustratus,

317 1833 402 1884 63.
445 1830 681 1902 Abrupta
709 1831 946 1902 undique
965 1829 1413 1901 spe‚Vitellianus
1438 1831 1613 1896 miles,
1639 1840 1813 1887 trans-

206 1907 382 1960 iturus
403 1906 457 1962 in
483 1917 674 1977 parteS‚
701 1906 752 1960 id
774 1923 990 1978 quoque
1009 1923 1115 1960 non
1136 1907 1253 1960 sine
1270 1905 1475 1971 decore,
1494 1906 1585 1961 sed
1608 1907 1713 1962 sub
1735 1909 1813 1962 si-
1876 1955 1885 1960 ,

205 1983 330 2054 gnis
362 1981 682 2052 vexillisque
716 1982 769 2036 in
801 1981 1067 2037 subiectos
1095 1982 1324 2036 Narniae
1346 1999 1563 2053 campos
1590 1982 1813 2036 descen-

205 2056 348 2110 dere.
432 2057 719 2110 Flavianus
751 2059 1033 2121 exercituS,
1077 2064 1137 2111 ut
1164 2056 1231 2111 ad
1248 2055 1531 2127 proelium,
1574 2057 1811 2112 intentus

205 2141 552 2204 ornatusque,
592 2131 774 2184 densis
813 2133 951 2187 circa
993 2132 1137 2186 viam
1175 2131 1477 2196 ordinibus,
1518 2132 1808 2187 adstiterat.

205 2207 418 2278 Accepti
445 2208 496 2261 in
520 2206 758 2261 medium
781 2205 1071 2262 Vitelliani.
1137 2207 1205 2262 Et
1222 2207 1574 2264 circumdatos
1596 2207 1811 2264 Primus

207 2283 470 2336 Antonius
510 2281 795 2336 clementer
833 2282 1157 2353 adloquitur.
1238 2281 1366 2337 Pars
1406 2282 1653 2346 Narniae,
1684 2299 1812 2354 pars

210 2359 539 2411 interamnae
561 2357 854 2414 subsistere
873 2357 1028 2412 iussi.
1094 2356 1320 2411 Relictae
1341 2358 1503 2414 simul
1526 2375 1557 2414 e
1578 2358 1813 2414 victrici-

205 2432 309 2485 bus
333 2432 586 2504 legioneS‚
621 2449 796 2504 neque
824 2431 1227 2505 quiescentibus
1246 2449 1458 2506 graves,
1481 2441 1533 2489 et
1550 2432 1813 2490 adversus

206 2509 593 2568 contumaciam
635 2508 860 2564 validae.
939 2508 1057 2562 Non
1088 2507 1317 2565 omisere
1334 2525 1431 2580 per
1450 2525 1541 2563 eos
1559 2508 1676 2564 dies
1696 2509 1814 2564 Pri-

208 2596 331 2632 mus
364 2597 424 2634 ac
453 2581 646 2644 Varus.
688 2583 888 2638 crebris
917 2583 1123 2638 nuntiis
1142 2582 1367 2641 salutem
1390 2590 1441 2641 et
1458 2583 1743 2654 pecuniam
1760 2594 1815 2642 et

208 2663 403 2707 secreta
424 2653 746 2717 Camunniae
765 2657 949 2720 offerre
967 2657 1201 2724 Vitellio,
1224 2658 1293 2725 si,
1308 2659 1497 2724 positis
1514 2659 1700 2726 armis,
1724 2677 1815 2716 se-
