2081 3038
191 231 443 306 Α.α.16.)
638 243 795 288 mu.
836 245 903 288 11.
948 245 1124 290 cAP.
1169 245 1344 290 4—6.
1727 239 1794 292 55

191 359 362 416 quam
380 342 439 397 in
468 341 706 398 libertate
721 384 734 407 ,
776 342 1065 416 profugum
1086 344 1358 400 Vononem
1380 345 1436 400 in
1457 361 1685 420 regnum
1705 363 1796 400 ao-

192 418 421 489 cipiunt.
500 415 605 472 Sed
626 418 719 472 ubi
740 418 977 474 minitari
994 417 1294 474 Artabanus
1310 461 1324 485 ,
1365 428 1418 475 et
1444 437 1636 492 parum
1660 421 1796 476 sub-

192 491 322 548 sidii
340 492 399 548 in
418 488 711 558 Armeniis,
725 491 829 558 vel,
842 495 889 547 si
912 501 1090 548 nostra
1111 493 1166 550 vi
1183 493 1565 560 defenderetur,
1589 494 1794 550 bellum

194 567 455 624 adversus
476 566 693 623 Parthos
712 567 1039 622 sumendum
1060 575 1196 636 erat3
1240 575 1405 624 rector
1421 569 1606 644 Syriae
1619 611 1634 635 ‚
1667 570 1796 626 Cre-

194 644 335 698 ticus
365 639 581 697 Silanus
597 683 610 708 ,
651 643 883 698 excitum
914 643 1154 700 custodia
1191 643 1508 709 circumdat,
1550 652 1796 702 manente

196 717 333 774 luxu
361 724 413 771 et
445 717 591 790 regio
627 718 859 774 nomine.
940 716 1095 784 Quod
1133 716 1430 773 ludibrium
1470 727 1532 774 ut
1565 719 1796 793 effugere

196 792 475 866 agitaverit
495 793 756 859 Vonones„
778 793 836 849 in
858 791 969 848 loeo
986 792 1292 848 reddemus·

308 870 361 922 5.
404 865 648 922 Ceterum
670 867 880 924 Tiberio
898 867 1046 924 haud
1062 869 1333 942 ingratum
1354 867 1544 923 aoeidit
1557 909 1570 932 ,
1591 868 1796 924 turbari

198 959 283 998 res
304 940 563 1011 Orientis3
608 951 666 998 ut
692 960 753 1000 ea
778 944 957 1015 speeie
976 943 1356 1000 Germanicum
1383 943 1552 998 suetis
1573 942 1797 1018 legioni-

198 1017 301 1072 bus
322 1017 671 1083 abstraheret,
700 1020 965 1092 novisque
980 1019 1274 1090 provinciis
1293 1018 1605 1090 impositum
1621 1060 1634 1082 ,
1675 1017 1795 1074 dolo

194 1091 361 1147 simul
382 1100 433 1148 et
450 1093 665 1150 casibus
684 1093 982 1150 obiectat-et.
1062 1092 1130 1149 At
1147 1093 1240 1148 ille
1252 1135 1265 1158 ‚
1296 1101 1498 1166 quanto
1515 1094 1716 1149 acriora
1738 1094 1794 1149 in

194 1185 321 1224 eum
342 1168 518 1224 studia
536 1168 792 1235 militum,
806 1176 859 1223 et
874 1186 1060 1224 aversa
1079 1170 1256 1240 patrui
1279 1168 1544 1234 voluntas,
1557 1169 1795 1224 eeleran-

194 1243 293 1298 dae
332 1243 579 1299 victoriae
616 1244 864 1299 intentior
879 1286 893 1310 ‚
937 1252 1156 1300 tractare
1192 1242 1514 1316 proeliorum
1559 1245 1672 1300 vias
1688 1285 1702 1310 ,
1743 1253 1795 1299 et

194 1335 335 1390 quae
368 1319 475 1374 sibi
513 1319 727 1374 tertium
771 1319 877 1394 iam
914 1336 1120 1374 annum
1157 1318 1488 1393 belligeranti
1521 1337 1678 1375 saeva
1709 1318 1792 1373 vel

194 1409 444 1465 prospera
462 1394 793 1450 evenissent:
834 1394 1008 1450 Fundi
1032 1394 1316 1450 Germanos
1333 1400 1450 1450 acie
1467 1403 1516 1448 et
1533 1399 1688 1449 iustis
1716 1397 1793 1448 lo-

198 1473 299 1523 cis:
320 1473 496 1525 iuvari
514 1470 681 1534 silvis,
699 1471 995 1537 paludibus,
1010 1471 1151 1525 brevi
1176 1477 1370 1524 aestate
1389 1477 1438 1523 ot
1452 1478 1796 1537 praematura

196 1548 383 1599 luente:
422 1561 573 1615 suum
610 1548 823 1599 militem
861 1547 1001 1597 haud
1023 1548 1244 1611 perinde
1270 1546 1598 1607 vulneribus,
1640 1560 1796 1612 quam

194 1623 381 1687 spatiis
400 1623 661 1683 itinerum,
684 1622 873 1673 damno
889 1634 1158 1673 armorum
1176 1621 1364 1687 adfici.-
1402 1623 1566 1687 fessas
1591 1618 1796 1673 Gallias

194 1696 558 1749 ministrandi-5
576 1710 749 1762 equis:
788 1696 993 1762 lonqum
1010 1696 1484 1763 impedimentorum
1504 1710 1687 1763 aymen
1705 1710 1796 1762 op·-

194 1776 475 1836 pou-cunum
500 1771 571 1823 ad
598 1772 847 1833 insidias,
887 1769 1270 1838 defensantibus
1287 1772 1538 1838 iniquum.
1613 1768 1706 1830 At,
1745 1772 1800 1822 si

197 1859 343 1897 mare
363 1845 611 1907 intretur,
628 1852 923 1913 promptam
941 1848 1072 1911 ipsis
1086 1848 1477 1910 possessionem,
1499 1851 1550 1897 et
1565 1846 1796 1897 hostibus

200 1920 455 1985 ignotam:
491 1920 648 1972 simul
676 1921 861 1973 bellum
888 1922 1148 1975 maturius
1176 1923 1365 1987 incipi,
1407 1920 1726 1988 teqionesque
1746 1927 1795 1971 et

202 2000 511 2047 commeatus
524 1998 729 2059 pariter
746 1996 886 2048 vehi.-
917 1998 1174 2062 inteqrum
1193 1999 1410 2062 equitem
1431 2010 1684 2062 equosque
1696 2010 1796 2061 per

200 2084 297 2121 ora
316 2076 365 2121 et
384 2070 557 2121 alveos
575 2070 842 2133 fluminum
860 2072 1029 2123 mdia
1049 2073 1108 2122 in
1129 2068 1414 2123 Germania
1430 2073 1557 2137 [ore.

310 2146 360 2197 6.
405 2142 572 2215 Igitur
592 2140 700 2197 huo
718 2141 966 2198 intendit:
990 2142 1175 2198 missis
1195 2141 1264 2197 ad
1282 2158 1478 2197 census
1497 2140 1796 2197 Galliarum

202 2218 255 2271 Ρ.
280 2216 489 2271 vitellio
510 2224 561 2271 et
579 2216 639 2272 C.
661 2214 837 2271 Antio,
888 2214 1056 2273 Silius
1081 2225 1131 2273 et
1147 2215 1374 2273 Anteius
1400 2224 1451 2272 et
1469 2215 1692 2272 Caecina
1719 2215 1796 2271 fa-
1887 2271 1892 2277 ,

201 2292 480 2345 bricandae
500 2291 658 2346 classi
678 2299 1097 2364 praeponuntur.
1176 2291 1324 2349 Mille
1355 2308 1517 2348 naves
1547 2290 1795 2350 sufficere

202 2367 365 2431 visae,
388 2375 825 2438 properataeque:
850 2365 985 2421 aliae
1002 2368 1212 2435 breves,
1236 2375 1462 2441 angusta
1481 2368 1652 2439 puppi
1672 2384 1797 2438 pro-

197 2458 363 2513 raque
378 2483 391 2506 ‚
433 2449 483 2496 et
520 2440 621 2497 lato
659 2448 833 2507 utere,
874 2459 985 2514 quo
1022 2440 1231 2499 facilius
1266 2442 1460 2498 fluctus
1484 2441 1792 2497 tolerarent:

197 2516 458 2588 quaedam
479 2514 667 2588 planae
686 2517 882 2572 earinis
897 2559 910 2582 ,
939 2523 1001 2572 ut
1018 2518 1137 2573 sine
1156 2534 1294 2573 noxa
1313 2516 1571 2573 siderent.
1613 2515 1797 2589 plures

198 2591 453 2663 appositis
473 2591 747 2663 utrimque
762 2591 1146 2667 gubernaculis
1160 2635 1174 2658 ‚
1214 2610 1468 2649 converso
1493 2600 1556 2648 ut
1582 2600 1798 2665 repente

197 2666 421 2741 remigio
446 2665 577 2723 hinc
600 2666 686 2725 vel
713 2667 865 2724 illinc
894 2667 1234 2739 adpellerent.
1312 2667 1508 2724 Multae
1543 2668 1798 2739 pontibus

197 2750 387 2801 stratae
402 2784 415 2809 ,
455 2760 617 2816 super
638 2761 774 2817 quas
795 2750 1055 2801 tormenta
1080 2744 1392 2801 veherentur
1407 2784 1422 2811 ,
1461 2742 1628 2803 simul
1646 2749 1799 2817 aptae
